{"t": 1776975854.366905, "events": [{"op": "set", "side": "bid", "price": 0.15, "size": 175.0}]}
{"t": 1776975855.3857431, "events": [{"op": "set", "side": "bid", "price": 0.16, "size": 30.0}, {"op": "set", "side": "bid", "price": 0.15, "size": 44.0}]}
{"t": 1776975856.396708, "events": [{"op": "set", "side": "bid", "price": 0.16, "size": 228.0}, {"op": "set", "side": "bid", "price": 0.15, "size": 176.0}]}
{"t": 1776975859.432927, "events": [{"op": "set", "side": "bid", "price": 0.16, "size": 30.0}]}
{"t": 1776975860.4405582, "events": [{"op": "set", "side": "bid", "price": 0.16, "size": 229.0}]}
{"t": 1776975866.4869819, "events": [{"op": "set", "side": "bid", "price": 0.15, "size": 177.0}]}
{"t": 1776975868.5054138, "events": [{"op": "set", "side": "bid", "price": 0.15, "size": 153.0}]}
{"t": 1776975869.519797, "events": [{"op": "set", "side": "bid", "price": 0.14, "size": 41.75999999999999}, {"op": "set", "side": "bid", "price": 0.15, "size": 177.0}]}
{"t": 1776975870.536895, "events": [{"op": "set", "side": "bid", "price": 0.14, "size": 107.75999999999999}]}
{"t": 1776975878.59487, "events": [{"op": "delete", "side": "bid", "price": 0.16}, {"op": "set", "side": "bid", "price": 0.14, "size": 54.75999999999999}, {"op": "delete", "side": "bid", "price": 0.15}, {"op": "set", "side": "ask", "price": 0.81, "size": 160.05999999999995}]}
{"t": 1776975882.637974, "events": [{"op": "set", "side": "bid", "price": 0.14, "size": 226.76}, {"op": "set", "side": "bid", "price": 0.13, "size": 179.0}, {"op": "set", "side": "bid", "price": 0.15, "size": 258.0}, {"op": "set", "side": "ask", "price": 0.76, "size": 1099.0}, {"op": "set", "side": "ask", "price": 0.81, "size": 671.06}, {"op": "set", "side": "ask", "price": 0.82, "size": 54.0}]}
{"t": 1776975883.6573179, "events": [{"op": "set", "side": "bid", "price": 0.15, "size": 282.0}, {"op": "set", "side": "bid", "price": 0.14, "size": 202.76}]}
{"t": 1776975889.700941, "events": [{"op": "set", "side": "bid", "price": 0.15, "size": 244.0}, {"op": "set", "side": "bid", "price": 0.14, "size": 152.76}, {"op": "set", "side": "bid", "price": 0.13, "size": 80.0}, {"op": "set", "side": "bid", "price": 0.16, "size": 330.0}, {"op": "set", "side": "ask", "price": 0.76, "size": 599.0}, {"op": "set", "side": "ask", "price": 0.81, "size": 1167.06}]}
{"t": 1776975893.74344, "events": [{"op": "set", "side": "ask", "price": 0.82, "size": 35.0}]}
{"t": 1776975913.861079, "events": [{"op": "set", "side": "bid", "price": 0.16, "size": 286.0}, {"op": "set", "side": "bid", "price": 0.14, "size": 126.75999999999999}, {"op": "set", "side": "bid", "price": 0.15, "size": 215.0}]}
{"t": 1776975916.9452019, "events": [{"op": "set", "side": "bid", "price": 0.16, "size": 259.0}, {"op": "set", "side": "bid", "price": 0.14, "size": 116.75999999999999}, {"op": "set", "side": "bid", "price": 0.15, "size": 197.0}]}
{"t": 1776975940.061205, "events": [{"op": "delete", "side": "bid", "price": 0.16}, {"op": "set", "side": "bid", "price": 0.14, "size": 30.75999999999999}, {"op": "set", "side": "bid", "price": 0.15, "size": 24.0}, {"op": "set", "side": "ask", "price": 0.81, "size": 160.05999999999995}]}
{"t": 1776975942.095907, "events": [{"op": "set", "side": "bid", "price": 0.15, "size": 149.0}, {"op": "set", "side": "bid", "price": 0.14, "size": 93.75999999999999}, {"op": "set", "side": "bid", "price": 0.16, "size": 188.0}, {"op": "set", "side": "ask", "price": 0.76, "size": 1099.0}, {"op": "set", "side": "ask", "price": 0.81, "size": 670.06}]}
{"t": 1776975943.110956, "events": [{"op": "set", "side": "bid", "price": 0.15, "size": 125.0}]}
{"t": 1776975944.1347961, "events": [{"op": "set", "side": "bid", "price": 0.15, "size": 149.0}]}
{"t": 1776975948.2322109, "events": [{"op": "set", "side": "bid", "price": 0.16, "size": 218.0}, {"op": "set", "side": "bid", "price": 0.14, "size": 103.75999999999999}, {"op": "set", "side": "bid", "price": 0.15, "size": 146.0}]}
{"t": 1776975949.255933, "events": [{"op": "set", "side": "bid", "price": 0.16, "size": 240.0}]}
{"t": 1776975951.2976189, "events": [{"op": "set", "side": "bid", "price": 0.16, "size": 22.0}, {"op": "set", "side": "bid", "price": 0.14, "size": 30.75999999999999}, {"op": "delete", "side": "bid", "price": 0.15}, {"op": "set", "side": "ask", "price": 0.76, "size": 599.0}, {"op": "set", "side": "ask", "price": 0.81, "size": 160.05999999999995}]}
{"t": 1776975953.32274, "events": [{"op": "delete", "side": "bid", "price": 0.16}, {"op": "set", "side": "bid", "price": 0.14, "size": 55.75999999999999}]}
{"t": 1776975954.332581, "events": [{"op": "set", "side": "bid", "price": 0.14, "size": 117.75999999999999}, {"op": "set", "side": "bid", "price": 0.17, "size": 185.0}, {"op": "set", "side": "bid", "price": 0.16, "size": 123.0}, {"op": "set", "side": "ask", "price": 0.76, "size": 1099.0}, {"op": "set", "side": "ask", "price": 0.81, "size": 670.06}, {"op": "delete", "side": "ask", "price": 0.82}]}
{"t": 1776975955.341995, "events": [{"op": "set", "side": "ask", "price": 0.77, "size": 41.0}]}
{"t": 1776975959.372451, "events": [{"op": "delete", "side": "bid", "price": 0.17}, {"op": "set", "side": "bid", "price": 0.14, "size": 203.76}, {"op": "set", "side": "bid", "price": 0.13, "size": 185.0}, {"op": "delete", "side": "bid", "price": 0.16}, {"op": "set", "side": "bid", "price": 0.15, "size": 260.0}, {"op": "set", "side": "ask", "price": 0.76, "size": 599.0}, {"op": "set", "side": "ask", "price": 0.77, "size": 825.0}, {"op": "set", "side": "ask", "price": 0.81, "size": 496.05999999999995}, {"op": "set", "side": "ask", "price": 0.82, "size": 36.0}]}
{"t": 1776975960.382571, "events": [{"op": "set", "side": "bid", "price": 0.15, "size": 284.0}, {"op": "set", "side": "ask", "price": 0.82, "size": 55.0}]}
{"t": 1776975970.445288, "events": [{"op": "set", "side": "bid", "price": 0.12, "size": 50.0}]}
{"t": 1776975971.450849, "events": [{"op": "set", "side": "bid", "price": 0.13, "size": 80.0}, {"op": "delete", "side": "ask", "price": 0.77}]}
{"t": 1776975972.4612129, "events": [{"op": "set", "side": "bid", "price": 0.15, "size": 246.0}, {"op": "set", "side": "bid", "price": 0.14, "size": 152.76}]}
{"t": 1776975973.468818, "events": [{"op": "set", "side": "bid", "price": 0.16, "size": 332.0}, {"op": "set", "side": "ask", "price": 0.81, "size": 1167.06}]}
{"t": 1776975974.486274, "events": [{"op": "set", "side": "bid", "price": 0.16, "size": 354.0}, {"op": "set", "side": "bid", "price": 0.15, "size": 222.0}]}
{"t": 1776975977.5051599, "events": [{"op": "delete", "side": "bid", "price": 0.15}]}
{"t": 1776975978.524107, "events": [{"op": "set", "side": "bid", "price": 0.16, "size": 229.0}, {"op": "set", "side": "bid", "price": 0.14, "size": 144.76}, {"op": "set", "side": "bid", "price": 0.17, "size": 343.0}, {"op": "set", "side": "ask", "price": 0.81, "size": 1166.06}, {"op": "delete", "side": "ask", "price": 0.82}]}
{"t": 1776975979.530004, "events": [{"op": "set", "side": "bid", "price": 0.15, "size": 25.0}, {"op": "set", "side": "ask", "price": 0.77, "size": 41.0}]}
{"t": 1776975989.593303, "events": [{"op": "delete", "side": "bid", "price": 0.17}, {"op": "set", "side": "bid", "price": 0.14, "size": 190.76}, {"op": "set", "side": "bid", "price": 0.13, "size": 160.0}, {"op": "set", "side": "bid", "price": 0.15, "size": 266.0}, {"op": "delete", "side": "bid", "price": 0.16}, {"op": "set", "side": "ask", "price": 0.81, "size": 1814.06}]}
{"t": 1776975990.615396, "events": [{"op": "set", "side": "ask", "price": 0.81, "size": 1833.06}]}
{"t": 1776975993.639185, "events": [{"op": "delete", "side": "ask", "price": 0.77}]}
{"t": 1776975994.652439, "events": [{"op": "set", "side": "ask", "price": 0.82, "size": 35.0}]}
{"t": 1776976002.718677, "events": [{"op": "set", "side": "bid", "price": 0.15, "size": 211.0}, {"op": "set", "side": "bid", "price": 0.14, "size": 136.76}, {"op": "set", "side": "bid", "price": 0.13, "size": 80.0}, {"op": "set", "side": "bid", "price": 0.16, "size": 317.0}, {"op": "set", "side": "ask", "price": 0.81, "size": 1166.06}]}
{"t": 1776976003.738184, "events": [{"op": "set", "side": "bid", "price": 0.16, "size": 339.0}]}
{"t": 1776976005.821455, "events": [{"op": "set", "side": "bid", "price": 0.16, "size": 240.0}, {"op": "set", "side": "bid", "price": 0.14, "size": 139.76}, {"op": "delete", "side": "bid", "price": 0.15}, {"op": "set", "side": "bid", "price": 0.17, "size": 328.0}, {"op": "delete", "side": "ask", "price": 0.82}]}
{"t": 1776976006.8415098, "events": [{"op": "set", "side": "ask", "price": 0.77, "size": 41.0}]}
{"t": 1776976008.8495371, "events": [{"op": "set", "side": "bid", "price": 0.16, "size": 218.0}, {"op": "set", "side": "bid", "price": 0.15, "size": 25.0}]}
{"t": 1776976011.8745532, "events": [{"op": "delete", "side": "bid", "price": 0.17}, {"op": "set", "side": "bid", "price": 0.14, "size": 98.75999999999999}, {"op": "set", "side": "bid", "price": 0.16, "size": 204.0}, {"op": "set", "side": "ask", "price": 0.81, "size": 496.05999999999995}]}
{"t": 1776976012.8924701, "events": [{"op": "set", "side": "bid", "price": 0.15, "size": 161.0}, {"op": "set", "side": "ask", "price": 0.81, "size": 1815.06}]}
{"t": 1776976013.8963861, "events": [{"op": "set", "side": "bid", "price": 0.15, "size": 160.0}, {"op": "delete", "side": "ask", "price": 0.77}, {"op": "set", "side": "ask", "price": 0.82, "size": 34.0}]}
{"t": 1776976018.944151, "events": [{"op": "set", "side": "bid", "price": 0.15, "size": 159.0}]}
{"t": 1776976021.967751, "events": [{"op": "set", "side": "bid", "price": 0.14, "size": 92.75999999999999}, {"op": "set", "side": "ask", "price": 0.81, "size": 1166.06}]}
{"t": 1776976022.983882, "events": [{"op": "set", "side": "bid", "price": 0.16, "size": 218.0}, {"op": "set", "side": "bid", "price": 0.14, "size": 103.75999999999999}, {"op": "set", "side": "bid", "price": 0.15, "size": 169.0}]}
{"t": 1776976023.989538, "events": [{"op": "set", "side": "bid", "price": 0.15, "size": 170.0}]}
{"t": 1776976028.033005, "events": [{"op": "set", "side": "bid", "price": 0.15, "size": 146.0}]}
{"t": 1776976029.046649, "events": [{"op": "set", "side": "bid", "price": 0.15, "size": 170.0}]}
{"t": 1776976030.0649989, "events": [{"op": "set", "side": "bid", "price": 0.16, "size": 204.0}, {"op": "set", "side": "bid", "price": 0.14, "size": 92.75999999999999}, {"op": "set", "side": "bid", "price": 0.15, "size": 160.0}]}
{"t": 1776976031.0763671, "events": [{"op": "set", "side": "bid", "price": 0.16, "size": 226.0}, {"op": "set", "side": "bid", "price": 0.14, "size": 105.75999999999999}, {"op": "set", "side": "bid", "price": 0.15, "size": 175.0}]}
{"t": 1776976033.0979562, "events": [{"op": "set", "side": "bid", "price": 0.15, "size": 151.0}]}
{"t": 1776976034.1065989, "events": [{"op": "set", "side": "bid", "price": 0.15, "size": 175.0}]}
{"t": 1776976038.1259038, "events": [{"op": "set", "side": "bid", "price": 0.15, "size": 151.0}]}
{"t": 1776976039.130999, "events": [{"op": "delete", "side": "bid", "price": 0.16}, {"op": "set", "side": "bid", "price": 0.14, "size": 92.75999999999999}, {"op": "set", "side": "bid", "price": 0.15, "size": 160.0}]}
{"t": 1776976040.136569, "events": [{"op": "set", "side": "bid", "price": 0.15, "size": 245.0}, {"op": "set", "side": "bid", "price": 0.14, "size": 178.76}, {"op": "set", "side": "bid", "price": 0.13, "size": 154.0}]}
{"t": 1776976041.146323, "events": [{"op": "set", "side": "bid", "price": 0.15, "size": 225.0}, {"op": "set", "side": "bid", "price": 0.14, "size": 141.76}, {"op": "set", "side": "bid", "price": 0.13, "size": 80.0}]}
{"t": 1776976042.1519518, "events": [{"op": "set", "side": "bid", "price": 0.16, "size": 301.0}]}
{"t": 1776976043.1629992, "events": [{"op": "set", "side": "bid", "price": 0.15, "size": 201.0}]}
{"t": 1776976044.185159, "events": [{"op": "delete", "side": "bid", "price": 0.16}, {"op": "set", "side": "bid", "price": 0.14, "size": 30.75999999999999}, {"op": "set", "side": "bid", "price": 0.15, "size": 24.0}, {"op": "set", "side": "ask", "price": 0.81, "size": 160.05999999999995}]}
{"t": 1776976047.209746, "events": [{"op": "set", "side": "bid", "price": 0.15, "size": 150.0}, {"op": "set", "side": "bid", "price": 0.14, "size": 93.75999999999999}, {"op": "set", "side": "bid", "price": 0.16, "size": 190.0}, {"op": "set", "side": "ask", "price": 0.76, "size": 1099.0}, {"op": "set", "side": "ask", "price": 0.81, "size": 669.06}]}
{"t": 1776976048.218187, "events": [{"op": "set", "side": "bid", "price": 0.15, "size": 126.0}]}
{"t": 1776976049.2295182, "events": [{"op": "set", "side": "bid", "price": 0.15, "size": 150.0}]}
{"t": 1776976050.238752, "events": [{"op": "set", "side": "bid", "price": 0.16, "size": 220.0}, {"op": "set", "side": "bid", "price": 0.14, "size": 104.75999999999999}, {"op": "set", "side": "bid", "price": 0.15, "size": 171.0}]}
{"t": 1776976053.276522, "events": [{"op": "set", "side": "bid", "price": 0.15, "size": 147.0}]}
{"t": 1776976054.2832232, "events": [{"op": "set", "side": "bid", "price": 0.16, "size": 242.0}]}
{"t": 1776976058.306615, "events": [{"op": "delete", "side": "bid", "price": 0.16}, {"op": "set", "side": "bid", "price": 0.14, "size": 30.75999999999999}, {"op": "delete", "side": "bid", "price": 0.15}, {"op": "set", "side": "ask", "price": 0.76, "size": 599.0}, {"op": "set", "side": "ask", "price": 0.81, "size": 160.05999999999995}]}
{"t": 1776976059.3257349, "events": [{"op": "set", "side": "bid", "price": 0.14, "size": 55.75999999999999}]}
{"t": 1776976061.337662, "events": [{"op": "set", "side": "bid", "price": 0.14, "size": 228.76}, {"op": "set", "side": "bid", "price": 0.13, "size": 177.0}, {"op": "set", "side": "bid", "price": 0.15, "size": 260.0}, {"op": "set", "side": "ask", "price": 0.76, "size": 1099.0}, {"op": "set", "side": "ask", "price": 0.81, "size": 669.06}]}
{"t": 1776976063.365494, "events": [{"op": "set", "side": "bid", "price": 0.14, "size": 203.76}]}
{"t": 1776976064.375992, "events": [{"op": "set", "side": "bid", "price": 0.15, "size": 284.0}]}
{"t": 1776976065.3873029, "events": [{"op": "set", "side": "bid", "price": 0.15, "size": 246.0}, {"op": "set", "side": "bid", "price": 0.14, "size": 151.76}, {"op": "set", "side": "bid", "price": 0.13, "size": 80.0}]}
{"t": 1776976066.397533, "events": [{"op": "set", "side": "bid", "price": 0.16, "size": 334.0}]}
{"t": 1776976068.419334, "events": [{"op": "set", "side": "bid", "price": 0.15, "size": 222.0}]}
{"t": 1776976069.436353, "events": [{"op": "set", "side": "bid", "price": 0.16, "size": 357.0}]}
{"t": 1776976073.457042, "events": [{"op": "set", "side": "ask", "price": 0.81, "size": 651.53}, {"op": "delete", "side": "ask", "price": 0.82}]}
{"t": 1776976074.460224, "events": [{"op": "set", "side": "bid", "price": 0.16, "size": 261.0}, {"op": "set", "side": "bid", "price": 0.14, "size": 149.76}, {"op": "delete", "side": "bid", "price": 0.15}, {"op": "set", "side": "ask", "price": 0.81, "size": 463.53}]}
{"t": 1776976075.471221, "events": [{"op": "set", "side": "bid", "price": 0.16, "size": 238.0}, {"op": "set", "side": "bid", "price": 0.17, "size": 344.0}, {"op": "set", "side": "bid", "price": 0.15, "size": 26.0}, {"op": "set", "side": "ask", "price": 0.76, "size": 1589.0}]}
{"t": 1776976076.476594, "events": [{"op": "set", "side": "ask", "price": 0.77, "size": 41.0}]}
{"t": 1776976077.482344, "events": [{"op": "delete", "side": "bid", "price": 0.17}, {"op": "set", "side": "bid", "price": 0.14, "size": 98.75999999999999}, {"op": "set", "side": "bid", "price": 0.16, "size": 203.0}, {"op": "set", "side": "ask", "price": 0.76, "size": 599.0}, {"op": "set", "side": "ask", "price": 0.81, "size": 449.53}]}
{"t": 1776976078.494921, "events": [{"op": "set", "side": "bid", "price": 0.16, "size": 226.0}, {"op": "set", "side": "bid", "price": 0.15, "size": 135.0}, {"op": "set", "side": "ask", "price": 0.77, "size": 820.0}, {"op": "set", "side": "ask", "price": 0.78, "size": 40.0}]}
{"t": 1776976083.531923, "events": [{"op": "delete", "side": "ask", "price": 0.78}]}
{"t": 1776976084.54107, "events": [{"op": "set", "side": "ask", "price": 0.78, "size": 40.0}]}
{"t": 1776976085.548361, "events": [{"op": "delete", "side": "bid", "price": 0.16}, {"op": "set", "side": "bid", "price": 0.14, "size": 30.75999999999999}, {"op": "delete", "side": "bid", "price": 0.15}, {"op": "delete", "side": "ask", "price": 0.77}, {"op": "set", "side": "ask", "price": 0.81, "size": 142.52999999999997}]}
{"t": 1776976086.5729961, "events": [{"op": "set", "side": "bid", "price": 0.14, "size": 55.75999999999999}]}
{"t": 1776976088.582797, "events": [{"op": "set", "side": "bid", "price": 0.14, "size": 219.76}, {"op": "set", "side": "bid", "price": 0.13, "size": 174.0}, {"op": "set", "side": "bid", "price": 0.16, "size": 23.0}, {"op": "set", "side": "bid", "price": 0.15, "size": 250.0}, {"op": "set", "side": "ask", "price": 0.76, "size": 1099.0}, {"op": "set", "side": "ask", "price": 0.78, "size": 523.0}, {"op": "set", "side": "ask", "price": 0.79, "size": 39.0}]}
{"t": 1776976091.599458, "events": [{"op": "set", "side": "bid", "price": 0.14, "size": 119.75999999999999}, {"op": "set", "side": "bid", "price": 0.13, "size": 80.0}, {"op": "delete", "side": "bid", "price": 0.15}, {"op": "delete", "side": "ask", "price": 0.78}]}
{"t": 1776976092.6074328, "events": [{"op": "set", "side": "bid", "price": 0.16, "size": 194.0}, {"op": "set", "side": "bid", "price": 0.17, "size": 234.0}, {"op": "set", "side": "ask", "price": 0.76, "size": 1614.0}]}
{"t": 1776976093.6152132, "events": [{"op": "set", "side": "bid", "price": 0.17, "size": 257.0}, {"op": "set", "side": "bid", "price": 0.16, "size": 171.0}, {"op": "delete", "side": "ask", "price": 0.79}, {"op": "set", "side": "ask", "price": 0.77, "size": 40.0}]}
{"t": 1776976095.6349592, "events": [{"op": "delete", "side": "bid", "price": 0.16}, {"op": "set", "side": "ask", "price": 0.76, "size": 1099.0}]}
{"t": 1776976096.652119, "events": [{"op": "set", "side": "bid", "price": 0.17, "size": 203.0}]}
{"t": 1776976097.657048, "events": [{"op": "set", "side": "bid", "price": 0.14, "size": 131.76}, {"op": "set", "side": "bid", "price": 0.18, "size": 289.0}, {"op": "set", "side": "ask", "price": 0.77, "size": 562.0}]}
{"t": 1776976098.6700659, "events": [{"op": "set", "side": "bid", "price": 0.17, "size": 180.0}, {"op": "set", "side": "bid", "price": 0.15, "size": 27.0}, {"op": "set", "side": "ask", "price": 0.77, "size": 522.0}, {"op": "set", "side": "ask", "price": 0.78, "size": 38.0}]}
{"t": 1776976099.67869, "events": [{"op": "delete", "side": "bid", "price": 0.18}, {"op": "set", "side": "bid", "price": 0.14, "size": 119.75999999999999}, {"op": "delete", "side": "bid", "price": 0.17}, {"op": "set", "side": "ask", "price": 0.76, "size": 599.0}, {"op": "delete", "side": "ask", "price": 0.77}]}
{"t": 1776976100.698726, "events": [{"op": "set", "side": "bid", "price": 0.15, "size": 157.0}, {"op": "set", "side": "bid", "price": 0.14, "size": 95.75999999999999}, {"op": "set", "side": "bid", "price": 0.16, "size": 196.0}, {"op": "set", "side": "ask", "price": 0.78, "size": 864.0}, {"op": "set", "side": "ask", "price": 0.81, "size": 809.53}]}
{"t": 1776976103.7164748, "events": [{"op": "set", "side": "bid", "price": 0.15, "size": 154.0}, {"op": "set", "side": "ask", "price": 0.78, "size": 826.0}, {"op": "set", "side": "ask", "price": 0.79, "size": 40.0}]}
{"t": 1776976113.775799, "events": [{"op": "set", "side": "bid", "price": 0.16, "size": 229.0}, {"op": "set", "side": "bid", "price": 0.14, "size": 99.75999999999999}, {"op": "set", "side": "bid", "price": 0.15, "size": 138.0}, {"op": "set", "side": "ask", "price": 0.76, "size": 1576.0}, {"op": "delete", "side": "ask", "price": 0.78}, {"op": "delete", "side": "ask", "price": 0.79}, {"op": "set", "side": "ask", "price": 0.81, "size": 621.53}, {"op": "set", "side": "ask", "price": 0.77, "size": 42.0}]}
{"t": 1776976115.790102, "events": [{"op": "set", "side": "bid", "price": 0.16, "size": 219.0}, {"op": "set", "side": "bid", "price": 0.14, "size": 95.75999999999999}, {"op": "delete", "side": "bid", "price": 0.15}, {"op": "set", "side": "ask", "price": 0.76, "size": 599.0}]}
{"t": 1776976116.79982, "events": [{"op": "set", "side": "bid", "price": 0.16, "size": 187.0}, {"op": "set", "side": "ask", "price": 0.81, "size": 527.53}]}
{"t": 1776976117.808927, "events": [{"op": "set", "side": "bid", "price": 0.14, "size": 112.75999999999999}, {"op": "set", "side": "bid", "price": 0.17, "size": 247.0}, {"op": "set", "side": "ask", "price": 0.77, "size": 864.0}]}
{"t": 1776976118.820491, "events": [{"op": "set", "side": "bid", "price": 0.16, "size": 164.0}, {"op": "set", "side": "ask", "price": 0.77, "size": 822.0}]}
{"t": 1776976119.83535, "events": [{"op": "set", "side": "bid", "price": 0.15, "size": 25.0}, {"op": "set", "side": "ask", "price": 0.78, "size": 40.0}]}
{"t": 1776976128.8931751, "events": [{"op": "delete", "side": "bid", "price": 0.17}, {"op": "set", "side": "bid", "price": 0.14, "size": 91.75999999999999}, {"op": "set", "side": "bid", "price": 0.15, "size": 122.0}, {"op": "set", "side": "bid", "price": 0.16, "size": 206.0}, {"op": "delete", "side": "ask", "price": 0.77}, {"op": "set", "side": "ask", "price": 0.81, "size": 480.53}, {"op": "set", "side": "ask", "price": 0.79, "size": 39.0}, {"op": "set", "side": "ask", "price": 0.78, "size": 821.0}]}
{"t": 1776976130.9047801, "events": [{"op": "set", "side": "bid", "price": 0.16, "size": 183.0}, {"op": "set", "side": "bid", "price": 0.14, "size": 110.75999999999999}, {"op": "delete", "side": "bid", "price": 0.15}, {"op": "set", "side": "bid", "price": 0.17, "size": 241.0}, {"op": "set", "side": "ask", "price": 0.76, "size": 1569.0}, {"op": "delete", "side": "ask", "price": 0.78}, {"op": "set", "side": "ask", "price": 0.81, "size": 476.53}]}
{"t": 1776976133.922157, "events": [{"op": "set", "side": "bid", "price": 0.16, "size": 160.0}, {"op": "set", "side": "bid", "price": 0.15, "size": 25.0}, {"op": "delete", "side": "ask", "price": 0.79}, {"op": "set", "side": "ask", "price": 0.77, "size": 41.0}]}
{"t": 1776976135.934583, "events": [{"op": "delete", "side": "bid", "price": 0.17}, {"op": "set", "side": "bid", "price": 0.14, "size": 30.75999999999999}, {"op": "delete", "side": "bid", "price": 0.16}, {"op": "set", "side": "ask", "price": 0.76, "size": 599.0}, {"op": "set", "side": "ask", "price": 0.81, "size": 161.52999999999997}]}
{"t": 1776976137.96097, "events": [{"op": "delete", "side": "ask", "price": 0.77}]}
{"t": 1776976138.9725718, "events": [{"op": "set", "side": "ask", "price": 0.81, "size": 142.52999999999997}, {"op": "set", "side": "ask", "price": 0.82, "size": 35.0}]}
{"t": 1776976139.976351, "events": [{"op": "set", "side": "bid", "price": 0.15, "size": 121.0}, {"op": "set", "side": "bid", "price": 0.14, "size": 91.75999999999999}, {"op": "set", "side": "bid", "price": 0.16, "size": 226.0}, {"op": "set", "side": "ask", "price": 0.76, "size": 1099.0}, {"op": "set", "side": "ask", "price": 0.81, "size": 663.53}]}
{"t": 1776976152.035327, "events": [{"op": "delete", "side": "bid", "price": 0.16}, {"op": "set", "side": "bid", "price": 0.14, "size": 30.75999999999999}, {"op": "delete", "side": "bid", "price": 0.15}, {"op": "set", "side": "ask", "price": 0.76, "size": 599.0}, {"op": "set", "side": "ask", "price": 0.81, "size": 142.52999999999997}]}
{"t": 1776976153.054967, "events": [{"op": "set", "side": "bid", "price": 0.14, "size": 55.75999999999999}]}
{"t": 1776976154.063997, "events": [{"op": "set", "side": "bid", "price": 0.14, "size": 174.76}, {"op": "set", "side": "bid", "price": 0.13, "size": 177.0}, {"op": "set", "side": "bid", "price": 0.15, "size": 240.0}, {"op": "set", "side": "ask", "price": 0.76, "size": 1099.0}, {"op": "set", "side": "ask", "price": 0.81, "size": 663.53}]}
{"t": 1776976158.122729, "events": [{"op": "set", "side": "ask", "price": 0.82, "size": 54.0}]}
{"t": 1776976172.213068, "events": [{"op": "set", "side": "bid", "price": 0.15, "size": 217.0}, {"op": "set", "side": "bid", "price": 0.14, "size": 149.76}, {"op": "set", "side": "bid", "price": 0.13, "size": 80.0}, {"op": "set", "side": "bid", "price": 0.16, "size": 289.0}]}
{"t": 1776976173.230133, "events": [{"op": "set", "side": "bid", "price": 0.16, "size": 312.0}, {"op": "set", "side": "bid", "price": 0.15, "size": 193.0}, {"op": "set", "side": "ask", "price": 0.82, "size": 19.0}, {"op": "set", "side": "ask", "price": 0.77, "size": 41.0}]}
{"t": 1776976175.24962, "events": [{"op": "delete", "side": "bid", "price": 0.15}, {"op": "set", "side": "ask", "price": 0.76, "size": 599.0}]}
{"t": 1776976177.2679732, "events": [{"op": "set", "side": "bid", "price": 0.16, "size": 232.0}, {"op": "set", "side": "bid", "price": 0.14, "size": 143.76}, {"op": "set", "side": "bid", "price": 0.17, "size": 327.0}, {"op": "set", "side": "ask", "price": 0.77, "size": 406.0}, {"op": "set", "side": "ask", "price": 0.81, "size": 533.53}, {"op": "delete", "side": "ask", "price": 0.82}]}
{"t": 1776976178.273995, "events": [{"op": "set", "side": "bid", "price": 0.16, "size": 209.0}, {"op": "set", "side": "ask", "price": 0.77, "size": 365.0}]}
{"t": 1776976179.287406, "events": [{"op": "set", "side": "bid", "price": 0.15, "size": 26.0}, {"op": "set", "side": "ask", "price": 0.78, "size": 40.0}]}
{"t": 1776976183.318472, "events": [{"op": "delete", "side": "bid", "price": 0.15}, {"op": "delete", "side": "ask", "price": 0.78}]}
{"t": 1776976184.330831, "events": [{"op": "set", "side": "bid", "price": 0.15, "size": 26.0}, {"op": "set", "side": "ask", "price": 0.78, "size": 40.0}]}
{"t": 1776976188.349905, "events": [{"op": "delete", "side": "bid", "price": 0.15}, {"op": "delete", "side": "ask", "price": 0.78}]}
{"t": 1776976189.36215, "events": [{"op": "set", "side": "bid", "price": 0.15, "size": 26.0}, {"op": "set", "side": "ask", "price": 0.78, "size": 40.0}]}
{"t": 1776976193.395335, "events": [{"op": "delete", "side": "bid", "price": 0.15}, {"op": "delete", "side": "ask", "price": 0.78}]}
{"t": 1776976194.405488, "events": [{"op": "set", "side": "bid", "price": 0.15, "size": 26.0}, {"op": "set", "side": "ask", "price": 0.78, "size": 39.0}]}
{"t": 1776976197.420757, "events": [{"op": "delete", "side": "bid", "price": 0.17}, {"op": "set", "side": "bid", "price": 0.14, "size": 121.75999999999999}, {"op": "set", "side": "bid", "price": 0.16, "size": 200.0}, {"op": "delete", "side": "ask", "price": 0.77}, {"op": "set", "side": "ask", "price": 0.81, "size": 142.52999999999997}]}
{"t": 1776976198.435571, "events": [{"op": "set", "side": "bid", "price": 0.16, "size": 224.0}, {"op": "set", "side": "bid", "price": 0.15, "size": 133.0}, {"op": "set", "side": "ask", "price": 0.76, "size": 1099.0}, {"op": "set", "side": "ask", "price": 0.78, "size": 507.0}, {"op": "set", "side": "ask", "price": 0.79, "size": 38.0}]}
{"t": 1776976199.445118, "events": [{"op": "set", "side": "ask", "price": 0.81, "size": 161.52999999999997}]}
{"t": 1776976203.4636748, "events": [{"op": "delete", "side": "ask", "price": 0.79}]}
{"t": 1776976204.476952, "events": [{"op": "delete", "side": "bid", "price": 0.16}, {"op": "set", "side": "bid", "price": 0.14, "size": 30.75999999999999}, {"op": "delete", "side": "bid", "price": 0.15}, {"op": "set", "side": "ask", "price": 0.76, "size": 599.0}, {"op": "delete", "side": "ask", "price": 0.78}, {"op": "set", "side": "ask", "price": 0.79, "size": 38.0}]}
{"t": 1776976205.4979851, "events": [{"op": "set", "side": "bid", "price": 0.14, "size": 55.75999999999999}, {"op": "set", "side": "bid", "price": 0.15, "size": 65.0}]}
{"t": 1776976207.508864, "events": [{"op": "set", "side": "bid", "price": 0.15, "size": 246.0}, {"op": "set", "side": "bid", "price": 0.14, "size": 169.76}, {"op": "set", "side": "bid", "price": 0.16, "size": 271.0}, {"op": "set", "side": "ask", "price": 0.76, "size": 1612.0}]}
{"t": 1776976208.525941, "events": [{"op": "set", "side": "bid", "price": 0.14, "size": 144.76}, {"op": "delete", "side": "ask", "price": 0.79}]}
{"t": 1776976209.539958, "events": [{"op": "set", "side": "bid", "price": 0.17, "size": 22.0}, {"op": "set", "side": "ask", "price": 0.77, "size": 41.0}]}
{"t": 1776976214.569775, "events": [{"op": "set", "side": "bid", "price": 0.14, "size": 30.75999999999999}, {"op": "delete", "side": "bid", "price": 0.16}]}
{"t": 1776976215.5757089, "events": [{"op": "set", "side": "bid", "price": 0.17, "size": 133.0}, {"op": "set", "side": "bid", "price": 0.15, "size": 135.0}, {"op": "set", "side": "bid", "price": 0.18, "size": 176.0}, {"op": "set", "side": "bid", "price": 0.16, "size": 25.0}, {"op": "set", "side": "ask", "price": 0.76, "size": 1099.0}, {"op": "set", "side": "ask", "price": 0.77, "size": 561.0}]}
{"t": 1776976217.597552, "events": [{"op": "delete", "side": "bid", "price": 0.18}, {"op": "set", "side": "bid", "price": 0.15, "size": 119.0}, {"op": "set", "side": "ask", "price": 0.77, "size": 560.0}, {"op": "set", "side": "ask", "price": 0.81, "size": 142.52999999999997}]}
{"t": 1776976218.6080482, "events": [{"op": "set", "side": "bid", "price": 0.17, "size": 183.0}, {"op": "set", "side": "bid", "price": 0.16, "size": 107.0}, {"op": "set", "side": "ask", "price": 0.77, "size": 519.0}]}
{"t": 1776976219.616928, "events": [{"op": "set", "side": "ask", "price": 0.78, "size": 39.0}]}
{"t": 1776976220.6215591, "events": [{"op": "delete", "side": "bid", "price": 0.16}, {"op": "set", "side": "ask", "price": 0.76, "size": 599.0}, {"op": "delete", "side": "ask", "price": 0.77}]}
{"t": 1776976222.6332319, "events": [{"op": "set", "side": "bid", "price": 0.17, "size": 156.0}, {"op": "set", "side": "bid", "price": 0.15, "size": 134.0}, {"op": "set", "side": "bid", "price": 0.18, "size": 208.0}, {"op": "set", "side": "ask", "price": 0.78, "size": 866.0}, {"op": "set", "side": "ask", "price": 0.81, "size": 809.53}]}
{"t": 1776976223.6436858, "events": [{"op": "set", "side": "bid", "price": 0.18, "size": 196.0}, {"op": "set", "side": "bid", "price": 0.15, "size": 131.0}, {"op": "set", "side": "bid", "price": 0.17, "size": 131.0}, {"op": "set", "side": "bid", "price": 0.16, "size": 25.0}, {"op": "set", "side": "ask", "price": 0.78, "size": 981.0}, {"op": "set", "side": "ask", "price": 0.81, "size": 642.53}, {"op": "set", "side": "ask", "price": 0.79, "size": 38.0}]}
{"t": 1776976238.714187, "events": [{"op": "delete", "side": "bid", "price": 0.16}, {"op": "delete", "side": "ask", "price": 0.79}]}
{"t": 1776976239.7258828, "events": [{"op": "set", "side": "bid", "price": 0.16, "size": 25.0}, {"op": "set", "side": "ask", "price": 0.79, "size": 38.0}]}
{"t": 1776976253.8076642, "events": [{"op": "delete", "side": "bid", "price": 0.16}, {"op": "delete", "side": "ask", "price": 0.79}]}
{"t": 1776976254.822479, "events": [{"op": "delete", "side": "bid", "price": 0.18}, {"op": "set", "side": "bid", "price": 0.15, "size": 119.0}, {"op": "set", "side": "bid", "price": 0.16, "size": 25.0}, {"op": "delete", "side": "ask", "price": 0.78}, {"op": "set", "side": "ask", "price": 0.79, "size": 38.0}]}
{"t": 1776976255.835129, "events": [{"op": "set", "side": "bid", "price": 0.17, "size": 160.0}, {"op": "set", "side": "bid", "price": 0.16, "size": 132.0}, {"op": "set", "side": "ask", "price": 0.76, "size": 1576.0}, {"op": "set", "side": "ask", "price": 0.81, "size": 538.53}]}
{"t": 1776976258.864931, "events": [{"op": "set", "side": "bid", "price": 0.16, "size": 131.0}, {"op": "delete", "side": "ask", "price": 0.79}, {"op": "set", "side": "ask", "price": 0.77, "size": 41.0}]}
{"t": 1776976259.875783, "events": [{"op": "set", "side": "bid", "price": 0.17, "size": 181.0}, {"op": "set", "side": "bid", "price": 0.15, "size": 125.0}, {"op": "set", "side": "bid", "price": 0.16, "size": 145.0}, {"op": "set", "side": "ask", "price": 0.76, "size": 599.0}, {"op": "set", "side": "ask", "price": 0.77, "size": 864.0}, {"op": "set", "side": "ask", "price": 0.81, "size": 486.53}]}
{"t": 1776976263.909769, "events": [{"op": "set", "side": "ask", "price": 0.77, "size": 823.0}, {"op": "set", "side": "ask", "price": 0.78, "size": 40.0}]}
{"t": 1776976269.960423, "events": [{"op": "set", "side": "bid", "price": 0.15, "size": 60.0}]}
{"t": 1776976276.0147579, "events": [{"op": "set", "side": "bid", "price": 0.17, "size": 131.0}, {"op": "delete", "side": "bid", "price": 0.15}, {"op": "set", "side": "bid", "price": 0.16, "size": 131.0}, {"op": "delete", "side": "ask", "price": 0.77}, {"op": "set", "side": "ask", "price": 0.81, "size": 460.53}]}
{"t": 1776976277.039475, "events": [{"op": "set", "side": "bid", "price": 0.17, "size": 210.0}, {"op": "set", "side": "bid", "price": 0.14, "size": 100.75999999999999}, {"op": "set", "side": "bid", "price": 0.16, "size": 164.0}, {"op": "set", "side": "ask", "price": 0.78, "size": 862.0}]}
{"t": 1776976279.0620182, "events": [{"op": "set", "side": "bid", "price": 0.16, "size": 140.0}, {"op": "set", "side": "bid", "price": 0.15, "size": 25.0}, {"op": "set", "side": "ask", "price": 0.78, "size": 822.0}, {"op": "set", "side": "ask", "price": 0.79, "size": 38.0}]}
{"t": 1776976280.070851, "events": [{"op": "delete", "side": "bid", "price": 0.17}, {"op": "set", "side": "bid", "price": 0.16, "size": 107.0}, {"op": "delete", "side": "ask", "price": 0.78}]}
{"t": 1776976281.087897, "events": [{"op": "set", "side": "bid", "price": 0.16, "size": 178.0}, {"op": "set", "side": "bid", "price": 0.14, "size": 89.75999999999999}, {"op": "set", "side": "bid", "price": 0.15, "size": 143.0}, {"op": "set", "side": "ask", "price": 0.76, "size": 1574.0}, {"op": "set", "side": "ask", "price": 0.81, "size": 447.53}]}
{"t": 1776976283.1201952, "events": [{"op": "set", "side": "ask", "price": 0.81, "size": 466.53}]}
{"t": 1776976284.125754, "events": [{"op": "set", "side": "bid", "price": 0.16, "size": 201.0}, {"op": "set", "side": "bid", "price": 0.15, "size": 118.0}, {"op": "delete", "side": "ask", "price": 0.79}, {"op": "set", "side": "ask", "price": 0.82, "size": 29.0}]}
{"t": 1776976285.139929, "events": [{"op": "set", "side": "bid", "price": 0.16, "size": 23.0}, {"op": "set", "side": "bid", "price": 0.14, "size": 30.75999999999999}, {"op": "delete", "side": "bid", "price": 0.15}, {"op": "set", "side": "ask", "price": 0.76, "size": 599.0}, {"op": "set", "side": "ask", "price": 0.81, "size": 161.52999999999997}]}
{"t": 1776976287.161626, "events": [{"op": "set", "side": "bid", "price": 0.16, "size": 143.0}, {"op": "set", "side": "bid", "price": 0.14, "size": 90.75999999999999}, {"op": "set", "side": "bid", "price": 0.17, "size": 180.0}, {"op": "set", "side": "ask", "price": 0.81, "size": 988.53}, {"op": "set", "side": "ask", "price": 0.82, "size": 696.0}]}
{"t": 1776976289.1844962, "events": [{"op": "set", "side": "bid", "price": 0.16, "size": 120.0}]}
{"t": 1776976290.196137, "events": [{"op": "set", "side": "bid", "price": 0.15, "size": 24.0}]}
{"t": 1776976291.210453, "events": [{"op": "set", "side": "ask", "price": 0.81, "size": 969.53}]}
{"t": 1776976301.276474, "events": [{"op": "delete", "side": "bid", "price": 0.17}, {"op": "set", "side": "bid", "price": 0.14, "size": 30.75999999999999}, {"op": "delete", "side": "bid", "price": 0.16}, {"op": "set", "side": "ask", "price": 0.81, "size": 142.52999999999997}, {"op": "set", "side": "ask", "price": 0.82, "size": 29.0}]}
{"t": 1776976304.313708, "events": [{"op": "set", "side": "bid", "price": 0.15, "size": 121.0}, {"op": "set", "side": "bid", "price": 0.14, "size": 91.75999999999999}, {"op": "set", "side": "bid", "price": 0.16, "size": 221.0}, {"op": "set", "side": "ask", "price": 0.76, "size": 1099.0}, {"op": "set", "side": "ask", "price": 0.81, "size": 660.53}]}
{"t": 1776976307.3653572, "events": [{"op": "set", "side": "bid", "price": 0.16, "size": 189.0}, {"op": "set", "side": "bid", "price": 0.14, "size": 113.75999999999999}, {"op": "delete", "side": "bid", "price": 0.15}, {"op": "set", "side": "bid", "price": 0.17, "size": 248.0}, {"op": "set", "side": "ask", "price": 0.76, "size": 599.0}, {"op": "set", "side": "ask", "price": 0.81, "size": 970.53}, {"op": "set", "side": "ask", "price": 0.82, "size": 318.0}]}
{"t": 1776976308.374354, "events": [{"op": "set", "side": "bid", "price": 0.16, "size": 166.0}]}
{"t": 1776976309.386129, "events": [{"op": "set", "side": "bid", "price": 0.15, "size": 25.0}]}
{"t": 1776976313.409361, "events": [{"op": "delete", "side": "bid", "price": 0.15}]}
{"t": 1776976314.4200819, "events": [{"op": "set", "side": "bid", "price": 0.15, "size": 25.0}]}
{"t": 1776976318.442741, "events": [{"op": "delete", "side": "bid", "price": 0.15}]}
{"t": 1776976319.457519, "events": [{"op": "set", "side": "bid", "price": 0.15, "size": 25.0}]}
{"t": 1776976323.4797351, "events": [{"op": "delete", "side": "bid", "price": 0.17}, {"op": "set", "side": "bid", "price": 0.14, "size": 91.75999999999999}, {"op": "set", "side": "ask", "price": 0.81, "size": 660.53}]}
{"t": 1776976324.50117, "events": [{"op": "set", "side": "bid", "price": 0.16, "size": 184.0}, {"op": "set", "side": "bid", "price": 0.15, "size": 148.0}, {"op": "set", "side": "ask", "price": 0.81, "size": 1124.53}, {"op": "set", "side": "ask", "price": 0.82, "size": 529.0}]}
{"t": 1776976325.519989, "events": [{"op": "set", "side": "bid", "price": 0.15, "size": 146.0}]}
{"t": 1776976332.56369, "events": [{"op": "set", "side": "bid", "price": 0.16, "size": 166.0}, {"op": "set", "side": "ask", "price": 0.81, "size": 660.53}]}
{"t": 1776976333.587355, "events": [{"op": "set", "side": "bid", "price": 0.16, "size": 211.0}, {"op": "set", "side": "bid", "price": 0.14, "size": 100.75999999999999}, {"op": "set", "side": "bid", "price": 0.15, "size": 141.0}, {"op": "set", "side": "ask", "price": 0.81, "size": 1125.53}]}
{"t": 1776976334.603316, "events": [{"op": "delete", "side": "bid", "price": 0.16}, {"op": "set", "side": "bid", "price": 0.14, "size": 91.75999999999999}, {"op": "set", "side": "bid", "price": 0.15, "size": 146.0}]}
{"t": 1776976336.625223, "events": [{"op": "set", "side": "bid", "price": 0.15, "size": 234.0}, {"op": "set", "side": "bid", "price": 0.14, "size": 171.76}, {"op": "set", "side": "bid", "price": 0.13, "size": 171.0}, {"op": "set", "side": "ask", "price": 0.82, "size": 548.0}]}
{"t": 1776976339.6474261, "events": [{"op": "set", "side": "bid", "price": 0.13, "size": 80.0}, {"op": "set", "side": "ask", "price": 0.82, "size": 337.0}]}
{"t": 1776976340.6580539, "events": [{"op": "delete", "side": "bid", "price": 0.15}, {"op": "set", "side": "bid", "price": 0.14, "size": 30.75999999999999}, {"op": "set", "side": "bid", "price": 0.16, "size": 286.0}, {"op": "set", "side": "ask", "price": 0.81, "size": 142.52999999999997}, {"op": "set", "side": "ask", "price": 0.82, "size": 48.0}]}
{"t": 1776976341.674314, "events": [{"op": "set", "side": "ask", "price": 0.82, "size": 19.0}]}
{"t": 1776976342.686982, "events": [{"op": "delete", "side": "bid", "price": 0.16}, {"op": "set", "side": "ask", "price": 0.77, "size": 41.0}]}
{"t": 1776976343.692986, "events": [{"op": "set", "side": "bid", "price": 0.07, "size": 29.0}]}
{"t": 1776976344.703347, "events": [{"op": "delete", "side": "ask", "price": 0.77}, {"op": "set", "side": "ask", "price": 0.82, "size": 54.0}]}
{"t": 1776976346.723329, "events": [{"op": "set", "side": "bid", "price": 0.02, "size": 146.0}]}
{"t": 1776976350.768629, "events": [{"op": "delete", "side": "bid", "price": 0.07}]}
{"t": 1776976351.775647, "events": [{"op": "set", "side": "bid", "price": 0.13, "size": 106.0}]}
{"t": 1776976352.80179, "events": [{"op": "set", "side": "ask", "price": 0.82, "size": 35.0}]}
{"t": 1776976355.830212, "events": [{"op": "set", "side": "bid", "price": 0.13, "size": 80.0}]}
{"t": 1776976356.839608, "events": [{"op": "set", "side": "bid", "price": 0.13, "size": 106.0}]}
{"t": 1776976360.895073, "events": [{"op": "set", "side": "bid", "price": 0.13, "size": 80.0}]}
{"t": 1776976361.903726, "events": [{"op": "set", "side": "bid", "price": 0.13, "size": 106.0}]}
{"t": 1776976364.937811, "events": [{"op": "set", "side": "bid", "price": 0.13, "size": 80.0}]}
{"t": 1776976365.9445639, "events": [{"op": "set", "side": "bid", "price": 0.13, "size": 106.0}]}
{"t": 1776976370.9749482, "events": [{"op": "set", "side": "bid", "price": 0.13, "size": 80.0}]}
{"t": 1776976371.985274, "events": [{"op": "set", "side": "bid", "price": 0.13, "size": 106.0}]}
{"t": 1776976375.010626, "events": [{"op": "set", "side": "bid", "price": 0.13, "size": 80.0}]}
{"t": 1776976376.01981, "events": [{"op": "set", "side": "bid", "price": 0.14, "size": 55.75999999999999}]}
{"t": 1776976378.028401, "events": [{"op": "set", "side": "ask", "price": 0.82, "size": 54.0}]}
{"t": 1776976385.0620549, "events": [{"op": "set", "side": "ask", "price": 0.83, "size": 20.0}]}
{"t": 1776976386.068693, "events": [{"op": "set", "side": "ask", "price": 0.82, "size": 19.0}, {"op": "set", "side": "ask", "price": 0.83, "size": 53.0}]}
{"t": 1776976389.0837471, "events": [{"op": "delete", "side": "ask", "price": 0.82}]}
{"t": 1776976390.085834, "events": [{"op": "set", "side": "ask", "price": 0.83, "size": 72.0}]}
{"t": 1776976461.631319, "events": [{"op": "set", "side": "ask", "price": 0.83, "size": 52.0}]}
{"t": 1776976488.8840268, "events": [{"op": "set", "side": "ask", "price": 0.83, "size": 33.0}]}
{"t": 1776976489.887844, "events": [{"op": "delete", "side": "ask", "price": 0.83}, {"op": "set", "side": "ask", "price": 0.82, "size": 35.0}]}
{"t": 1776976500.976686, "events": [{"op": "set", "side": "ask", "price": 0.82, "size": 54.0}]}
{"t": 1776976508.022621, "events": [{"op": "set", "side": "ask", "price": 0.82, "size": 19.0}, {"op": "set", "side": "ask", "price": 0.83, "size": 18.0}]}
{"t": 1776976509.028773, "events": [{"op": "set", "side": "ask", "price": 0.83, "size": 51.0}]}
{"t": 1776976514.0667362, "events": [{"op": "delete", "side": "ask", "price": 0.82}]}
{"t": 1776976515.079541, "events": [{"op": "set", "side": "ask", "price": 0.83, "size": 70.0}]}
{"t": 1776976578.5899022, "events": [{"op": "set", "side": "ask", "price": 0.83, "size": 52.0}]}
{"t": 1776976632.999614, "events": [{"op": "set", "side": "bid", "price": 0.14, "size": 30.75999999999999}, {"op": "set", "side": "bid", "price": 0.15, "size": 100.0}, {"op": "set", "side": "bid", "price": 0.07, "size": 50.0}, {"op": "set", "side": "bid", "price": 0.02, "size": 46.0}, {"op": "set", "side": "ask", "price": 0.83, "size": 19.0}]}
{"t": 1776976634.004707, "events": [{"op": "set", "side": "bid", "price": 0.15, "size": 124.0}, {"op": "set", "side": "ask", "price": 0.82, "size": 33.0}]}
{"t": 1776976635.0095758, "events": [{"op": "delete", "side": "ask", "price": 0.83}]}
{"t": 1776976637.021386, "events": [{"op": "set", "side": "ask", "price": 0.82, "size": 52.0}]}
{"t": 1776976692.4226859, "events": [{"op": "delete", "side": "bid", "price": 0.07}]}
{"t": 1776976721.023626, "events": [{"op": "set", "side": "bid", "price": 0.15, "size": 709.0}, {"op": "set", "side": "bid", "price": 0.14, "size": 428.76}, {"op": "set", "side": "bid", "price": 0.13, "size": 216.0}, {"op": "set", "side": "ask", "price": 0.7, "size": 219.0}, {"op": "set", "side": "ask", "price": 0.76, "size": 952.0}, {"op": "set", "side": "ask", "price": 0.82, "size": 503.0}]}
{"t": 1776976724.061188, "events": [{"op": "set", "side": "ask", "price": 0.82, "size": 451.0}]}
{"t": 1776976728.131846, "events": [{"op": "set", "side": "ask", "price": 0.77, "size": 42.0}]}
{"t": 1776976729.136172, "events": [{"op": "set", "side": "bid", "price": 0.15, "size": 698.0}, {"op": "set", "side": "bid", "price": 0.14, "size": 390.76}, {"op": "delete", "side": "ask", "price": 0.82}]}
{"t": 1776976730.1580229, "events": [{"op": "set", "side": "bid", "price": 0.13, "size": 294.0}, {"op": "set", "side": "bid", "price": 0.12, "size": 186.0}, {"op": "set", "side": "ask", "price": 0.7, "size": 238.0}, {"op": "set", "side": "ask", "price": 0.76, "size": 963.0}, {"op": "set", "side": "ask", "price": 0.77, "size": 636.0}, {"op": "set", "side": "ask", "price": 0.81, "size": 954.53}]}
{"t": 1776976732.18078, "events": [{"op": "set", "side": "ask", "price": 0.77, "size": 594.0}]}
{"t": 1776976736.203402, "events": [{"op": "set", "side": "ask", "price": 0.78, "size": 41.0}]}
{"t": 1776976737.215096, "events": [{"op": "set", "side": "ask", "price": 0.81, "size": 973.53}]}
{"t": 1776976738.2212422, "events": [{"op": "set", "side": "bid", "price": 0.15, "size": 691.0}, {"op": "set", "side": "bid", "price": 0.14, "size": 359.76}, {"op": "set", "side": "bid", "price": 0.13, "size": 291.0}, {"op": "set", "side": "ask", "price": 0.76, "size": 953.0}, {"op": "delete", "side": "ask", "price": 0.77}, {"op": "set", "side": "ask", "price": 0.81, "size": 703.53}]}
{"t": 1776976739.229032, "events": [{"op": "set", "side": "bid", "price": 0.12, "size": 212.0}, {"op": "set", "side": "ask", "price": 0.78, "size": 525.0}]}
{"t": 1776976740.2347279, "events": [{"op": "set", "side": "ask", "price": 0.7, "size": 8.0}, {"op": "set", "side": "ask", "price": 0.76, "size": 952.0}, {"op": "set", "side": "ask", "price": 0.78, "size": 506.0}, {"op": "set", "side": "ask", "price": 0.81, "size": 525.53}, {"op": "set", "side": "ask", "price": 0.82, "size": 18.0}]}
{"t": 1776976741.2510169, "events": [{"op": "set", "side": "ask", "price": 0.76, "size": 1025.0}, {"op": "set", "side": "ask", "price": 0.82, "size": 424.0}]}
{"t": 1776976745.487055, "events": [{"op": "set", "side": "ask", "price": 0.81, "size": 506.53}]}
{"t": 1776976746.492167, "events": [{"op": "set", "side": "ask", "price": 0.78, "size": 465.0}, {"op": "set", "side": "ask", "price": 0.82, "size": 443.0}]}
{"t": 1776976752.540415, "events": [{"op": "set", "side": "bid", "price": 0.13, "size": 290.0}, {"op": "set", "side": "ask", "price": 0.76, "size": 891.0}, {"op": "delete", "side": "ask", "price": 0.78}, {"op": "set", "side": "ask", "price": 0.81, "size": 406.53}, {"op": "set", "side": "ask", "price": 0.77, "size": 42.0}, {"op": "set", "side": "ask", "price": 0.82, "size": 552.0}, {"op": "set", "side": "ask", "price": 0.83, "size": 325.0}]}
{"t": 1776976755.570341, "events": [{"op": "delete", "side": "ask", "price": 0.77}]}
{"t": 1776976756.580106, "events": [{"op": "set", "side": "ask", "price": 0.82, "size": 587.0}]}
{"t": 1776976757.594574, "events": [{"op": "set", "side": "ask", "price": 0.82, "size": 568.0}]}
{"t": 1776976758.599019, "events": [{"op": "set", "side": "ask", "price": 0.83, "size": 273.0}]}
{"t": 1776976759.609219, "events": [{"op": "set", "side": "bid", "price": 0.12, "size": 50.0}, {"op": "set", "side": "ask", "price": 0.82, "size": 459.0}, {"op": "delete", "side": "ask", "price": 0.83}]}
{"t": 1776976760.616456, "events": [{"op": "set", "side": "bid", "price": 0.15, "size": 467.0}, {"op": "set", "side": "bid", "price": 0.14, "size": 264.76}, {"op": "set", "side": "bid", "price": 0.13, "size": 280.0}, {"op": "set", "side": "bid", "price": 0.16, "size": 500.0}, {"op": "set", "side": "ask", "price": 0.76, "size": 1015.0}, {"op": "set", "side": "ask", "price": 0.81, "size": 625.53}, {"op": "set", "side": "ask", "price": 0.82, "size": 453.0}]}
{"t": 1776976761.639429, "events": [{"op": "set", "side": "bid", "price": 0.16, "size": 522.0}]}
{"t": 1776976769.6871839, "events": [{"op": "set", "side": "bid", "price": 0.16, "size": 388.0}, {"op": "set", "side": "bid", "price": 0.14, "size": 230.76}, {"op": "set", "side": "bid", "price": 0.13, "size": 80.0}, {"op": "set", "side": "bid", "price": 0.15, "size": 333.0}, {"op": "set", "side": "ask", "price": 0.76, "size": 891.0}, {"op": "set", "side": "ask", "price": 0.81, "size": 406.53}, {"op": "set", "side": "ask", "price": 0.82, "size": 54.0}]}
{"t": 1776976770.703775, "events": [{"op": "set", "side": "bid", "price": 0.16, "size": 390.0}, {"op": "set", "side": "bid", "price": 0.17, "size": 500.0}, {"op": "set", "side": "ask", "price": 0.76, "size": 1183.0}, {"op": "set", "side": "ask", "price": 0.81, "size": 726.53}, {"op": "set", "side": "ask", "price": 0.82, "size": 19.0}, {"op": "set", "side": "ask", "price": 0.77, "size": 41.0}]}
{"t": 1776976772.744343, "events": [{"op": "set", "side": "bid", "price": 0.17, "size": 400.0}, {"op": "set", "side": "bid", "price": 0.14, "size": 130.76}, {"op": "set", "side": "bid", "price": 0.15, "size": 300.0}, {"op": "set", "side": "bid", "price": 0.16, "size": 324.0}, {"op": "set", "side": "ask", "price": 0.76, "size": 1099.0}, {"op": "set", "side": "ask", "price": 0.81, "size": 642.53}, {"op": "set", "side": "ask", "price": 0.82, "size": 18.0}]}
{"t": 1776976773.7583098, "events": [{"op": "set", "side": "ask", "price": 0.77, "size": 708.0}]}
{"t": 1776976775.7824068, "events": [{"op": "set", "side": "ask", "price": 0.77, "size": 667.0}, {"op": "set", "side": "ask", "price": 0.78, "size": 40.0}]}
{"t": 1776976780.8084228, "events": [{"op": "set", "side": "bid", "price": 0.16, "size": 300.0}, {"op": "delete", "side": "ask", "price": 0.78}]}
{"t": 1776976781.81758, "events": [{"op": "set", "side": "bid", "price": 0.16, "size": 324.0}, {"op": "set", "side": "ask", "price": 0.78, "size": 40.0}]}
{"t": 1776976785.8373, "events": [{"op": "set", "side": "bid", "price": 0.16, "size": 300.0}, {"op": "delete", "side": "ask", "price": 0.78}]}
{"t": 1776976786.846972, "events": [{"op": "set", "side": "bid", "price": 0.16, "size": 324.0}, {"op": "set", "side": "ask", "price": 0.78, "size": 40.0}]}
{"t": 1776976788.865946, "events": [{"op": "delete", "side": "ask", "price": 0.77}, {"op": "set", "side": "ask", "price": 0.81, "size": 142.52999999999997}]}
{"t": 1776976790.891396, "events": [{"op": "set", "side": "bid", "price": 0.14, "size": 162.76}, {"op": "set", "side": "bid", "price": 0.15, "size": 364.0}, {"op": "set", "side": "bid", "price": 0.16, "size": 397.0}, {"op": "set", "side": "ask", "price": 0.78, "size": 742.0}, {"op": "set", "side": "ask", "price": 0.82, "size": 19.0}]}
{"t": 1776976791.9012082, "events": [{"op": "set", "side": "bid", "price": 0.17, "size": 423.0}, {"op": "set", "side": "ask", "price": 0.79, "size": 37.0}]}
{"t": 1776976792.913603, "events": [{"op": "delete", "side": "bid", "price": 0.16}, {"op": "delete", "side": "ask", "price": 0.78}, {"op": "set", "side": "ask", "price": 0.82, "size": 18.0}]}
{"t": 1776976793.92892, "events": [{"op": "set", "side": "bid", "price": 0.17, "size": 819.0}, {"op": "set", "side": "ask", "price": 0.79, "size": 1036.0}, {"op": "set", "side": "ask", "price": 0.81, "size": 642.53}]}
{"t": 1776976795.9431622, "events": [{"op": "set", "side": "ask", "price": 0.79, "size": 999.0}, {"op": "set", "side": "ask", "price": 0.8, "size": 36.0}]}
{"t": 1776976798.966105, "events": [{"op": "set", "side": "bid", "price": 0.17, "size": 23.0}, {"op": "set", "side": "bid", "price": 0.14, "size": 30.75999999999999}, {"op": "set", "side": "bid", "price": 0.15, "size": 100.0}, {"op": "set", "side": "ask", "price": 0.76, "size": 599.0}, {"op": "delete", "side": "ask", "price": 0.79}, {"op": "set", "side": "ask", "price": 0.81, "size": 142.52999999999997}]}
{"t": 1776976799.984837, "events": [{"op": "delete", "side": "bid", "price": 0.17}, {"op": "set", "side": "bid", "price": 0.15, "size": 124.0}]}
{"t": 1776976802.004491, "events": [{"op": "delete", "side": "ask", "price": 0.8}, {"op": "set", "side": "ask", "price": 0.82, "size": 50.0}]}
{"t": 1776976804.039381, "events": [{"op": "set", "side": "bid", "price": 0.15, "size": 575.0}, {"op": "set", "side": "bid", "price": 0.14, "size": 294.76}, {"op": "set", "side": "bid", "price": 0.13, "size": 180.0}, {"op": "set", "side": "bid", "price": 0.16, "size": 400.0}, {"op": "set", "side": "ask", "price": 0.67, "size": 800.0}, {"op": "set", "side": "ask", "price": 0.7, "size": 308.0}, {"op": "set", "side": "ask", "price": 0.76, "size": 1286.0}, {"op": "set", "side": "ask", "price": 0.82, "size": 51.0}]}
{"t": 1776976805.0567539, "events": [{"op": "set", "side": "bid", "price": 0.17, "size": 22.0}]}
{"t": 1776976806.063827, "events": [{"op": "delete", "side": "bid", "price": 0.17}, {"op": "set", "side": "bid", "price": 0.14, "size": 178.76}, {"op": "set", "side": "bid", "price": 0.13, "size": 80.0}, {"op": "set", "side": "bid", "price": 0.15, "size": 348.0}, {"op": "delete", "side": "bid", "price": 0.16}, {"op": "set", "side": "ask", "price": 0.67, "size": 500.0}, {"op": "set", "side": "ask", "price": 0.7, "size": 8.0}, {"op": "set", "side": "ask", "price": 0.76, "size": 1265.0}, {"op": "set", "side": "ask", "price": 0.82, "size": 19.0}]}
{"t": 1776976807.082735, "events": [{"op": "set", "side": "bid", "price": 0.16, "size": 23.0}, {"op": "set", "side": "ask", "price": 0.77, "size": 41.0}]}
{"t": 1776976808.091316, "events": [{"op": "set", "side": "bid", "price": 0.17, "size": 348.0}, {"op": "set", "side": "ask", "price": 0.81, "size": 809.53}]}
{"t": 1776976811.119054, "events": [{"op": "set", "side": "bid", "price": 0.17, "size": 748.0}, {"op": "delete", "side": "bid", "price": 0.16}, {"op": "delete", "side": "ask", "price": 0.77}]}
{"t": 1776976812.1601799, "events": [{"op": "delete", "side": "bid", "price": 0.17}, {"op": "set", "side": "bid", "price": 0.16, "size": 24.0}, {"op": "set", "side": "ask", "price": 0.82, "size": 1.0}, {"op": "set", "side": "ask", "price": 0.77, "size": 41.0}]}
{"t": 1776976813.173311, "events": [{"op": "set", "side": "ask", "price": 0.76, "size": 1005.0}, {"op": "set", "side": "ask", "price": 0.81, "size": 495.53}]}
{"t": 1776976814.181136, "events": [{"op": "set", "side": "bid", "price": 0.16, "size": 424.0}, {"op": "set", "side": "bid", "price": 0.14, "size": 293.76}, {"op": "set", "side": "bid", "price": 0.13, "size": 180.0}, {"op": "set", "side": "bid", "price": 0.15, "size": 573.0}, {"op": "set", "side": "ask", "price": 0.82, "size": 400.0}]}
{"t": 1776976816.192041, "events": [{"op": "set", "side": "bid", "price": 0.16, "size": 389.0}, {"op": "set", "side": "bid", "price": 0.14, "size": 230.76}, {"op": "set", "side": "bid", "price": 0.13, "size": 80.0}, {"op": "set", "side": "bid", "price": 0.15, "size": 330.0}, {"op": "set", "side": "ask", "price": 0.81, "size": 143.52999999999997}, {"op": "delete", "side": "ask", "price": 0.82}]}
{"t": 1776976817.207639, "events": [{"op": "set", "side": "bid", "price": 0.17, "size": 500.0}, {"op": "set", "side": "ask", "price": 0.76, "size": 1442.0}, {"op": "set", "side": "ask", "price": 0.77, "size": 667.0}]}
{"t": 1776976818.228111, "events": [{"op": "set", "side": "bid", "price": 0.17, "size": 524.0}, {"op": "set", "side": "bid", "price": 0.16, "size": 365.0}, {"op": "set", "side": "ask", "price": 0.77, "size": 707.0}]}
{"t": 1776976820.246989, "events": [{"op": "set", "side": "bid", "price": 0.17, "size": 435.0}, {"op": "set", "side": "bid", "price": 0.14, "size": 197.76}, {"op": "delete", "side": "bid", "price": 0.16}, {"op": "set", "side": "ask", "price": 0.76, "size": 1365.0}, {"op": "set", "side": "ask", "price": 0.77, "size": 540.0}, {"op": "set", "side": "ask", "price": 0.81, "size": 142.52999999999997}]}
{"t": 1776976821.2622788, "events": [{"op": "set", "side": "bid", "price": 0.17, "size": 411.0}, {"op": "set", "side": "bid", "price": 0.15, "size": 345.0}, {"op": "set", "side": "bid", "price": 0.18, "size": 523.0}, {"op": "set", "side": "ask", "price": 0.77, "size": 500.0}, {"op": "set", "side": "ask", "price": 0.78, "size": 37.0}]}
{"t": 1776976823.281095, "events": [{"op": "set", "side": "bid", "price": 0.18, "size": 23.0}, {"op": "set", "side": "bid", "price": 0.14, "size": 30.75999999999999}, {"op": "set", "side": "bid", "price": 0.15, "size": 100.0}, {"op": "delete", "side": "bid", "price": 0.17}, {"op": "set", "side": "ask", "price": 0.7, "size": 508.0}, {"op": "set", "side": "ask", "price": 0.76, "size": 599.0}, {"op": "delete", "side": "ask", "price": 0.77}, {"op": "set", "side": "ask", "price": 0.81, "size": 143.52999999999997}, {"op": "set", "side": "ask", "price": 0.78, "size": 1037.0}]}
{"t": 1776976824.2959201, "events": [{"op": "set", "side": "bid", "price": 0.18, "size": 523.0}]}
{"t": 1776976825.307746, "events": [{"op": "set", "side": "ask", "price": 0.7, "size": 8.0}]}
{"t": 1776976826.322222, "events": [{"op": "set", "side": "bid", "price": 0.18, "size": 300.0}, {"op": "set", "side": "bid", "price": 0.14, "size": 549.76}, {"op": "set", "side": "bid", "price": 0.15, "size": 300.0}, {"op": "set", "side": "bid", "price": 0.16, "size": 25.0}, {"op": "set", "side": "ask", "price": 0.78, "size": 946.0}, {"op": "set", "side": "ask", "price": 0.81, "size": 642.53}, {"op": "set", "side": "ask", "price": 0.79, "size": 36.0}]}
{"t": 1776976827.333923, "events": [{"op": "set", "side": "bid", "price": 0.18, "size": 700.0}]}
{"t": 1776976830.3663218, "events": [{"op": "delete", "side": "bid", "price": 0.18}, {"op": "set", "side": "bid", "price": 0.14, "size": 238.76}, {"op": "delete", "side": "ask", "price": 0.78}, {"op": "set", "side": "ask", "price": 0.81, "size": 143.52999999999997}]}
{"t": 1776976831.380969, "events": [{"op": "set", "side": "bid", "price": 0.16, "size": 300.0}, {"op": "set", "side": "bid", "price": 0.15, "size": 516.0}, {"op": "set", "side": "bid", "price": 0.17, "size": 423.0}, {"op": "set", "side": "ask", "price": 0.7, "size": 508.0}, {"op": "set", "side": "ask", "price": 0.76, "size": 1022.0}, {"op": "set", "side": "ask", "price": 0.79, "size": 667.0}, {"op": "set", "side": "ask", "price": 0.8, "size": 34.0}]}
{"t": 1776976834.404785, "events": [{"op": "delete", "side": "bid", "price": 0.16}, {"op": "delete", "side": "ask", "price": 0.79}]}
{"t": 1776976835.417113, "events": [{"op": "set", "side": "bid", "price": 0.14, "size": 197.76}, {"op": "set", "side": "bid", "price": 0.15, "size": 344.0}, {"op": "set", "side": "ask", "price": 0.76, "size": 932.0}]}
{"t": 1776976836.4244428, "events": [{"op": "set", "side": "bid", "price": 0.17, "size": 410.0}, {"op": "set", "side": "bid", "price": 0.18, "size": 500.0}, {"op": "set", "side": "ask", "price": 0.7, "size": 1007.0}, {"op": "set", "side": "ask", "price": 0.8, "size": 667.0}]}
{"t": 1776976837.434342, "events": [{"op": "set", "side": "bid", "price": 0.16, "size": 25.0}, {"op": "set", "side": "ask", "price": 0.77, "size": 40.0}]}
{"t": 1776976839.444206, "events": [{"op": "delete", "side": "bid", "price": 0.18}, {"op": "set", "side": "bid", "price": 0.14, "size": 125.75999999999999}, {"op": "set", "side": "bid", "price": 0.15, "size": 290.0}, {"op": "set", "side": "bid", "price": 0.17, "size": 400.0}, {"op": "set", "side": "ask", "price": 0.7, "size": 8.0}, {"op": "delete", "side": "ask", "price": 0.8}]}
{"t": 1776976840.4514198, "events": [{"op": "set", "side": "bid", "price": 0.17, "size": 664.0}, {"op": "set", "side": "bid", "price": 0.16, "size": 310.0}, {"op": "set", "side": "ask", "price": 0.76, "size": 1446.0}, {"op": "set", "side": "ask", "price": 0.77, "size": 707.0}]}
{"t": 1776976841.461482, "events": [{"op": "set", "side": "bid", "price": 0.17, "size": 688.0}, {"op": "set", "side": "bid", "price": 0.16, "size": 285.0}, {"op": "set", "side": "ask", "price": 0.77, "size": 667.0}, {"op": "set", "side": "ask", "price": 0.78, "size": 38.0}]}
{"t": 1776976843.4774091, "events": [{"op": "delete", "side": "bid", "price": 0.16}, {"op": "delete", "side": "ask", "price": 0.77}]}
{"t": 1776976844.4879239, "events": [{"op": "set", "side": "bid", "price": 0.17, "size": 433.0}, {"op": "set", "side": "bid", "price": 0.14, "size": 197.76}, {"op": "set", "side": "bid", "price": 0.15, "size": 433.0}, {"op": "set", "side": "bid", "price": 0.18, "size": 666.0}, {"op": "set", "side": "ask", "price": 0.7, "size": 508.0}, {"op": "set", "side": "ask", "price": 0.76, "size": 968.0}, {"op": "set", "side": "ask", "price": 0.78, "size": 705.0}]}
{"t": 1776976846.5011148, "events": [{"op": "set", "side": "bid", "price": 0.18, "size": 689.0}, {"op": "set", "side": "bid", "price": 0.17, "size": 409.0}, {"op": "set", "side": "ask", "price": 0.78, "size": 667.0}, {"op": "set", "side": "ask", "price": 0.79, "size": 35.0}]}
{"t": 1776976856.5596192, "events": [{"op": "set", "side": "bid", "price": 0.18, "size": 431.0}, {"op": "set", "side": "bid", "price": 0.15, "size": 342.0}, {"op": "delete", "side": "bid", "price": 0.17}, {"op": "set", "side": "ask", "price": 0.76, "size": 932.0}, {"op": "delete", "side": "ask", "price": 0.78}]}
{"t": 1776976857.581012, "events": [{"op": "set", "side": "bid", "price": 0.18, "size": 931.0}, {"op": "set", "side": "ask", "price": 0.76, "size": 1024.0}, {"op": "set", "side": "ask", "price": 0.79, "size": 702.0}]}
{"t": 1776976861.608445, "events": [{"op": "set", "side": "ask", "price": 0.79, "size": 667.0}, {"op": "set", "side": "ask", "price": 0.8, "size": 30.0}]}
{"t": 1776976862.621618, "events": [{"op": "set", "side": "bid", "price": 0.18, "size": 431.0}, {"op": "set", "side": "bid", "price": 0.14, "size": 30.75999999999999}, {"op": "set", "side": "bid", "price": 0.15, "size": 290.0}, {"op": "set", "side": "ask", "price": 0.76, "size": 932.0}, {"op": "delete", "side": "ask", "price": 0.79}]}
{"t": 1776976863.631295, "events": [{"op": "set", "side": "bid", "price": 0.18, "size": 356.0}]}
{"t": 1776976864.6476958, "events": [{"op": "set", "side": "bid", "price": 0.18, "size": 999.0}, {"op": "set", "side": "bid", "price": 0.15, "size": 433.0}, {"op": "set", "side": "ask", "price": 0.7, "size": 1007.0}, {"op": "set", "side": "ask", "price": 0.8, "size": 697.0}]}
{"t": 1776976865.660147, "events": [{"op": "set", "side": "bid", "price": 0.16, "size": 26.0}]}
{"t": 1776976867.673836, "events": [{"op": "set", "side": "ask", "price": 0.8, "size": 667.0}, {"op": "set", "side": "ask", "price": 0.77, "size": 40.0}]}
{"t": 1776976873.730138, "events": [{"op": "delete", "side": "bid", "price": 0.18}, {"op": "set", "side": "bid", "price": 0.15, "size": 100.0}, {"op": "set", "side": "ask", "price": 0.7, "size": 8.0}, {"op": "set", "side": "ask", "price": 0.76, "size": 599.0}, {"op": "set", "side": "ask", "price": 0.81, "size": 142.52999999999997}, {"op": "delete", "side": "ask", "price": 0.8}]}
{"t": 1776976874.749619, "events": [{"op": "set", "side": "ask", "price": 0.81, "size": 161.52999999999997}]}
{"t": 1776976876.771445, "events": [{"op": "set", "side": "bid", "price": 0.16, "size": 271.0}, {"op": "set", "side": "bid", "price": 0.14, "size": 227.76}, {"op": "set", "side": "bid", "price": 0.15, "size": 494.0}, {"op": "set", "side": "bid", "price": 0.17, "size": 361.0}, {"op": "set", "side": "ask", "price": 0.76, "size": 1598.0}, {"op": "set", "side": "ask", "price": 0.77, "size": 1000.0}, {"op": "set", "side": "ask", "price": 0.81, "size": 162.52999999999997}, {"op": "set", "side": "ask", "price": 0.82, "size": 31.0}, {"op": "set", "side": "ask", "price": 0.78, "size": 16.0}]}
{"t": 1776976877.790463, "events": [{"op": "set", "side": "bid", "price": 0.17, "size": 385.0}]}
{"t": 1776976879.8108459, "events": [{"op": "set", "side": "ask", "price": 0.81, "size": 143.52999999999997}]}
{"t": 1776976880.821571, "events": [{"op": "set", "side": "bid", "price": 0.17, "size": 412.0}, {"op": "set", "side": "bid", "price": 0.14, "size": 159.76}, {"op": "set", "side": "bid", "price": 0.15, "size": 358.0}, {"op": "delete", "side": "bid", "price": 0.16}, {"op": "set", "side": "ask", "price": 0.76, "size": 1099.0}, {"op": "delete", "side": "ask", "price": 0.77}, {"op": "set", "side": "ask", "price": 0.81, "size": 642.53}, {"op": "set", "side": "ask", "price": 0.78, "size": 667.0}]}
{"t": 1776976881.847991, "events": [{"op": "set", "side": "bid", "price": 0.17, "size": 812.0}, {"op": "set", "side": "ask", "price": 0.79, "size": 38.0}, {"op": "delete", "side": "ask", "price": 0.82}]}
{"t": 1776976885.872129, "events": [{"op": "set", "side": "bid", "price": 0.17, "size": 385.0}, {"op": "delete", "side": "ask", "price": 0.78}, {"op": "set", "side": "ask", "price": 0.81, "size": 143.52999999999997}]}
{"t": 1776976886.884876, "events": [{"op": "set", "side": "bid", "price": 0.17, "size": 333.0}, {"op": "set", "side": "bid", "price": 0.14, "size": 197.76}, {"op": "set", "side": "bid", "price": 0.15, "size": 433.0}, {"op": "set", "side": "bid", "price": 0.18, "size": 617.0}, {"op": "set", "side": "ask", "price": 0.76, "size": 1454.0}, {"op": "set", "side": "ask", "price": 0.79, "size": 667.0}, {"op": "set", "side": "ask", "price": 0.8, "size": 30.0}]}
{"t": 1776976889.923457, "events": [{"op": "set", "side": "bid", "price": 0.18, "size": 428.0}, {"op": "set", "side": "bid", "price": 0.15, "size": 339.0}, {"op": "delete", "side": "bid", "price": 0.17}, {"op": "set", "side": "ask", "price": 0.76, "size": 932.0}, {"op": "delete", "side": "ask", "price": 0.79}]}
{"t": 1776976890.94024, "events": [{"op": "set", "side": "ask", "price": 0.7, "size": 841.0}, {"op": "set", "side": "ask", "price": 0.8, "size": 697.0}]}
{"t": 1776976891.953293, "events": [{"op": "set", "side": "bid", "price": 0.18, "size": 905.0}, {"op": "set", "side": "bid", "price": 0.16, "size": 26.0}, {"op": "set", "side": "ask", "price": 0.8, "size": 667.0}, {"op": "set", "side": "ask", "price": 0.77, "size": 40.0}]}
{"t": 1776976894.0004108, "events": [{"op": "delete", "side": "bid", "price": 0.18}, {"op": "set", "side": "bid", "price": 0.14, "size": 159.76}, {"op": "set", "side": "ask", "price": 0.7, "size": 8.0}, {"op": "delete", "side": "ask", "price": 0.8}]}
{"t": 1776976895.0113049, "events": [{"op": "set", "side": "bid", "price": 0.16, "size": 313.0}, {"op": "set", "side": "bid", "price": 0.14, "size": 228.76}, {"op": "set", "side": "bid", "price": 0.15, "size": 496.0}, {"op": "set", "side": "bid", "price": 0.17, "size": 382.0}, {"op": "set", "side": "ask", "price": 0.76, "size": 1455.0}, {"op": "set", "side": "ask", "price": 0.77, "size": 707.0}, {"op": "set", "side": "ask", "price": 0.81, "size": 162.52999999999997}]}
{"t": 1776976897.036383, "events": [{"op": "set", "side": "bid", "price": 0.16, "size": 287.0}, {"op": "set", "side": "ask", "price": 0.77, "size": 667.0}]}
{"t": 1776976899.057378, "events": [{"op": "set", "side": "bid", "price": 0.17, "size": 406.0}, {"op": "set", "side": "ask", "price": 0.78, "size": 39.0}]}
{"t": 1776976900.0714052, "events": [{"op": "set", "side": "bid", "price": 0.14, "size": 159.76}, {"op": "delete", "side": "bid", "price": 0.16}, {"op": "delete", "side": "ask", "price": 0.77}, {"op": "set", "side": "ask", "price": 0.81, "size": 142.52999999999997}]}
{"t": 1776976902.095287, "events": [{"op": "set", "side": "bid", "price": 0.17, "size": 386.0}, {"op": "set", "side": "bid", "price": 0.15, "size": 357.0}, {"op": "set", "side": "bid", "price": 0.18, "size": 400.0}, {"op": "set", "side": "ask", "price": 0.7, "size": 508.0}, {"op": "set", "side": "ask", "price": 0.76, "size": 970.0}, {"op": "set", "side": "ask", "price": 0.78, "size": 667.0}, {"op": "set", "side": "ask", "price": 0.79, "size": 35.0}]}
{"t": 1776976903.109659, "events": [{"op": "set", "side": "bid", "price": 0.18, "size": 422.0}]}
{"t": 1776976905.158245, "events": [{"op": "delete", "side": "bid", "price": 0.17}, {"op": "set", "side": "ask", "price": 0.7, "size": 8.0}, {"op": "set", "side": "ask", "price": 0.76, "size": 932.0}, {"op": "delete", "side": "ask", "price": 0.78}]}
{"t": 1776976907.188873, "events": [{"op": "set", "side": "bid", "price": 0.18, "size": 407.0}, {"op": "delete", "side": "ask", "price": 0.79}]}
{"t": 1776976908.196084, "events": [{"op": "set", "side": "bid", "price": 0.18, "size": 807.0}, {"op": "set", "side": "ask", "price": 0.76, "size": 1740.0}, {"op": "set", "side": "ask", "price": 0.77, "size": 39.0}, {"op": "set", "side": "ask", "price": 0.79, "size": 1.0}]}
{"t": 1776976911.240003, "events": [{"op": "set", "side": "bid", "price": 0.18, "size": 426.0}, {"op": "set", "side": "bid", "price": 0.15, "size": 339.0}, {"op": "set", "side": "ask", "price": 0.76, "size": 1739.0}, {"op": "delete", "side": "ask", "price": 0.79}]}
{"t": 1776976912.4020412, "events": [{"op": "set", "side": "bid", "price": 0.18, "size": 1093.0}, {"op": "set", "side": "bid", "price": 0.14, "size": 197.76}, {"op": "set", "side": "bid", "price": 0.15, "size": 433.0}, {"op": "set", "side": "bid", "price": 0.02, "size": 61.0}, {"op": "set", "side": "ask", "price": 0.77, "size": 1.0}, {"op": "set", "side": "ask", "price": 0.02, "size": 127.0}]}
{"t": 1776976917.458861, "events": [{"op": "set", "side": "ask", "price": 0.78, "size": 37.0}]}
{"t": 1776976922.498913, "events": [{"op": "set", "side": "ask", "price": 0.79, "size": 34.0}, {"op": "delete", "side": "ask", "price": 0.78}]}
{"t": 1776976926.536787, "events": [{"op": "delete", "side": "ask", "price": 0.79}]}
{"t": 1776976927.551632, "events": [{"op": "set", "side": "ask", "price": 0.78, "size": 37.0}]}
{"t": 1776976929.578751, "events": [{"op": "set", "side": "bid", "price": 0.18, "size": 522.0}, {"op": "set", "side": "ask", "price": 0.76, "size": 1736.0}, {"op": "delete", "side": "ask", "price": 0.77}]}
{"t": 1776976930.605024, "events": [{"op": "set", "side": "bid", "price": 0.18, "size": 1521.0}, {"op": "set", "side": "ask", "price": 0.78, "size": 38.0}]}
{"t": 1776976931.623748, "events": [{"op": "set", "side": "ask", "price": 0.78, "size": 1.0}]}
{"t": 1776976932.637355, "events": [{"op": "set", "side": "ask", "price": 0.79, "size": 33.0}]}
{"t": 1776976936.672655, "events": [{"op": "delete", "side": "ask", "price": 0.79}]}
{"t": 1776976938.691734, "events": [{"op": "set", "side": "bid", "price": 0.18, "size": 1.0}, {"op": "set", "side": "bid", "price": 0.14, "size": 30.75999999999999}, {"op": "set", "side": "bid", "price": 0.15, "size": 124.0}, {"op": "set", "side": "ask", "price": 0.76, "size": 2598.0}, {"op": "delete", "side": "ask", "price": 0.78}, {"op": "set", "side": "ask", "price": 0.81, "size": 143.52999999999997}, {"op": "set", "side": "ask", "price": 0.79, "size": 33.0}]}
{"t": 1776976939.711393, "events": [{"op": "set", "side": "bid", "price": 0.18, "size": 1000.0}]}
{"t": 1776976941.7294898, "events": [{"op": "set", "side": "bid", "price": 0.15, "size": 100.0}, {"op": "delete", "side": "ask", "price": 0.79}]}
{"t": 1776976942.738662, "events": [{"op": "set", "side": "bid", "price": 0.16, "size": 26.0}, {"op": "set", "side": "ask", "price": 0.77, "size": 39.0}]}
{"t": 1776976946.774417, "events": [{"op": "delete", "side": "bid", "price": 0.16}, {"op": "delete", "side": "ask", "price": 0.77}]}
{"t": 1776976947.781201, "events": [{"op": "set", "side": "bid", "price": 0.16, "size": 26.0}, {"op": "set", "side": "ask", "price": 0.77, "size": 39.0}]}
{"t": 1776976961.860786, "events": [{"op": "delete", "side": "bid", "price": 0.16}, {"op": "delete", "side": "ask", "price": 0.77}]}
{"t": 1776976962.8689432, "events": [{"op": "set", "side": "bid", "price": 0.16, "size": 26.0}, {"op": "set", "side": "ask", "price": 0.77, "size": 89.0}]}
{"t": 1776976966.893217, "events": [{"op": "delete", "side": "bid", "price": 0.16}, {"op": "set", "side": "ask", "price": 0.77, "size": 50.0}]}
{"t": 1776976967.899841, "events": [{"op": "set", "side": "bid", "price": 0.16, "size": 26.0}, {"op": "set", "side": "ask", "price": 0.78, "size": 37.0}]}
{"t": 1776976969.9200552, "events": [{"op": "delete", "side": "bid", "price": 0.18}, {"op": "set", "side": "ask", "price": 0.81, "size": 142.52999999999997}]}
{"t": 1776976970.939878, "events": [{"op": "set", "side": "bid", "price": 0.16, "size": 298.0}, {"op": "set", "side": "bid", "price": 0.14, "size": 217.76}, {"op": "set", "side": "bid", "price": 0.15, "size": 473.0}, {"op": "set", "side": "bid", "price": 0.17, "size": 362.0}, {"op": "set", "side": "ask", "price": 0.76, "size": 1099.0}, {"op": "set", "side": "ask", "price": 0.77, "size": 434.0}, {"op": "set", "side": "ask", "price": 0.78, "size": 704.0}]}
{"t": 1776976971.962135, "events": [{"op": "set", "side": "bid", "price": 0.16, "size": 272.0}, {"op": "set", "side": "ask", "price": 0.78, "size": 667.0}]}
{"t": 1776976972.975918, "events": [{"op": "set", "side": "bid", "price": 0.17, "size": 385.0}, {"op": "set", "side": "bid", "price": 0.09, "size": 50.0}, {"op": "set", "side": "ask", "price": 0.79, "size": 87.0}]}
{"t": 1776976976.001222, "events": [{"op": "delete", "side": "bid", "price": 0.16}, {"op": "set", "side": "ask", "price": 0.76, "size": 932.0}, {"op": "delete", "side": "ask", "price": 0.77}, {"op": "delete", "side": "ask", "price": 0.78}]}
{"t": 1776976977.017309, "events": [{"op": "set", "side": "bid", "price": 0.17, "size": 379.0}, {"op": "set", "side": "bid", "price": 0.14, "size": 156.76}, {"op": "set", "side": "bid", "price": 0.15, "size": 352.0}, {"op": "set", "side": "bid", "price": 0.18, "size": 400.0}, {"op": "set", "side": "ask", "price": 0.76, "size": 1599.0}, {"op": "set", "side": "ask", "price": 0.79, "size": 1000.0}, {"op": "set", "side": "ask", "price": 0.81, "size": 143.52999999999997}, {"op": "set", "side": "ask", "price": 0.8, "size": 50.0}]}
{"t": 1776976978.030357, "events": [{"op": "set", "side": "bid", "price": 0.16, "size": 25.0}, {"op": "set", "side": "ask", "price": 0.8, "size": 82.0}]}
{"t": 1776976979.055949, "events": [{"op": "delete", "side": "bid", "price": 0.18}, {"op": "set", "side": "bid", "price": 0.17, "size": 362.0}, {"op": "set", "side": "ask", "price": 0.76, "size": 932.0}, {"op": "delete", "side": "ask", "price": 0.79}, {"op": "set", "side": "ask", "price": 0.81, "size": 142.52999999999997}, {"op": "set", "side": "ask", "price": 0.8, "size": 32.0}]}
{"t": 1776976980.067904, "events": [{"op": "set", "side": "bid", "price": 0.17, "size": 614.0}, {"op": "set", "side": "bid", "price": 0.14, "size": 122.75999999999999}, {"op": "set", "side": "bid", "price": 0.15, "size": 283.0}, {"op": "set", "side": "bid", "price": 0.16, "size": 300.0}, {"op": "set", "side": "ask", "price": 0.76, "size": 1932.0}, {"op": "set", "side": "ask", "price": 0.8, "size": 699.0}]}
{"t": 1776976982.084939, "events": [{"op": "set", "side": "bid", "price": 0.17, "size": 637.0}, {"op": "set", "side": "bid", "price": 0.16, "size": 275.0}, {"op": "set", "side": "ask", "price": 0.8, "size": 667.0}, {"op": "set", "side": "ask", "price": 0.77, "size": 40.0}]}
{"t": 1776976987.12725, "events": [{"op": "delete", "side": "ask", "price": 0.77}]}
{"t": 1776976988.13999, "events": [{"op": "set", "side": "ask", "price": 0.77, "size": 40.0}]}
{"t": 1776976992.1589901, "events": [{"op": "set", "side": "bid", "price": 0.17, "size": 398.0}, {"op": "set", "side": "bid", "price": 0.14, "size": 197.76}, {"op": "set", "side": "bid", "price": 0.15, "size": 331.0}, {"op": "delete", "side": "bid", "price": 0.16}, {"op": "set", "side": "bid", "price": 0.18, "size": 500.0}, {"op": "set", "side": "ask", "price": 0.76, "size": 1599.0}, {"op": "set", "side": "ask", "price": 0.77, "size": 1000.0}, {"op": "set", "side": "ask", "price": 0.81, "size": 143.52999999999997}, {"op": "delete", "side": "ask", "price": 0.8}]}
{"t": 1776976993.171943, "events": [{"op": "set", "side": "bid", "price": 0.18, "size": 522.0}, {"op": "set", "side": "ask", "price": 0.78, "size": 38.0}]}
{"t": 1776976997.2072861, "events": [{"op": "set", "side": "bid", "price": 0.18, "size": 919.0}, {"op": "delete", "side": "bid", "price": 0.17}, {"op": "set", "side": "ask", "price": 0.76, "size": 1471.0}, {"op": "delete", "side": "ask", "price": 0.77}, {"op": "set", "side": "ask", "price": 0.81, "size": 142.52999999999997}, {"op": "set", "side": "ask", "price": 0.78, "size": 705.0}]}
{"t": 1776976998.230459, "events": [{"op": "set", "side": "ask", "price": 0.78, "size": 667.0}]}
{"t": 1776976999.238602, "events": [{"op": "set", "side": "ask", "price": 0.79, "size": 35.0}]}
{"t": 1776977009.313969, "events": [{"op": "set", "side": "bid", "price": 0.18, "size": 1022.0}, {"op": "set", "side": "bid", "price": 0.14, "size": 30.75999999999999}, {"op": "set", "side": "bid", "price": 0.15, "size": 433.0}, {"op": "set", "side": "ask", "price": 0.7, "size": 508.0}, {"op": "set", "side": "ask", "price": 0.76, "size": 999.0}, {"op": "delete", "side": "ask", "price": 0.78}, {"op": "set", "side": "ask", "price": 0.79, "size": 1035.0}, {"op": "set", "side": "ask", "price": 0.81, "size": 143.52999999999997}]}
{"t": 1776977012.346987, "events": [{"op": "set", "side": "ask", "price": 0.79, "size": 1000.0}]}
{"t": 1776977013.4125519, "events": [{"op": "set", "side": "ask", "price": 0.8, "size": 30.0}]}
{"t": 1776977017.440346, "events": [{"op": "delete", "side": "ask", "price": 0.8}]}
{"t": 1776977019.458981, "events": [{"op": "set", "side": "ask", "price": 0.8, "size": 30.0}]}
{"t": 1776977022.481051, "events": [{"op": "set", "side": "bid", "price": 0.15, "size": 100.0}, {"op": "set", "side": "ask", "price": 0.76, "size": 899.0}, {"op": "delete", "side": "ask", "price": 0.79}]}
{"t": 1776977023.497673, "events": [{"op": "set", "side": "bid", "price": 0.18, "size": 2021.0}, {"op": "set", "side": "bid", "price": 0.09, "size": 67.0}, {"op": "set", "side": "ask", "price": 0.7, "size": 746.0}, {"op": "set", "side": "ask", "price": 0.81, "size": 542.53}, {"op": "set", "side": "ask", "price": 0.77, "size": 50.0}]}
{"t": 1776977024.50718, "events": [{"op": "set", "side": "bid", "price": 0.18, "size": 1022.0}, {"op": "set", "side": "bid", "price": 0.09, "size": 66.0}, {"op": "set", "side": "ask", "price": 0.7, "size": 8.0}]}
{"t": 1776977025.520211, "events": [{"op": "set", "side": "bid", "price": 0.18, "size": 2021.0}, {"op": "set", "side": "bid", "price": 0.12, "size": 51.0}, {"op": "set", "side": "ask", "price": 0.76, "size": 1513.0}, {"op": "set", "side": "ask", "price": 0.77, "size": 254.0}, {"op": "set", "side": "ask", "price": 0.81, "size": 449.53}]}
{"t": 1776977027.54447, "events": [{"op": "delete", "side": "bid", "price": 0.18}, {"op": "set", "side": "bid", "price": 0.12, "size": 50.0}, {"op": "delete", "side": "bid", "price": 0.09}, {"op": "set", "side": "ask", "price": 0.76, "size": 599.0}, {"op": "set", "side": "ask", "price": 0.77, "size": 50.0}, {"op": "set", "side": "ask", "price": 0.81, "size": 142.52999999999997}, {"op": "delete", "side": "ask", "price": 0.8}]}
{"t": 1776977028.556958, "events": [{"op": "set", "side": "bid", "price": 0.15, "size": 124.0}, {"op": "set", "side": "bid", "price": 0.07, "size": 50.0}, {"op": "set", "side": "ask", "price": 0.82, "size": 31.0}]}
{"t": 1776977029.581287, "events": [{"op": "set", "side": "ask", "price": 0.82, "size": 50.0}]}
{"t": 1776977031.587998, "events": [{"op": "set", "side": "bid", "price": 0.15, "size": 560.0}, {"op": "set", "side": "bid", "price": 0.14, "size": 279.76}, {"op": "set", "side": "bid", "price": 0.13, "size": 180.0}, {"op": "set", "side": "bid", "price": 0.16, "size": 400.0}, {"op": "set", "side": "ask", "price": 0.76, "size": 1099.0}, {"op": "set", "side": "ask", "price": 0.77, "size": 735.0}]}
{"t": 1776977032.5981371, "events": [{"op": "set", "side": "bid", "price": 0.15, "size": 536.0}, {"op": "set", "side": "ask", "price": 0.82, "size": 19.0}]}
{"t": 1776977033.6091561, "events": [{"op": "delete", "side": "bid", "price": 0.07}, {"op": "set", "side": "bid", "price": 0.17, "size": 23.0}, {"op": "delete", "side": "ask", "price": 0.82}, {"op": "set", "side": "ask", "price": 0.78, "size": 39.0}]}
{"t": 1776977036.641244, "events": [{"op": "set", "side": "bid", "price": 0.13, "size": 80.0}, {"op": "delete", "side": "bid", "price": 0.16}]}
{"t": 1776977037.65825, "events": [{"op": "set", "side": "bid", "price": 0.17, "size": 337.0}, {"op": "set", "side": "bid", "price": 0.14, "size": 167.76}, {"op": "set", "side": "bid", "price": 0.15, "size": 337.0}, {"op": "set", "side": "bid", "price": 0.18, "size": 422.0}, {"op": "set", "side": "ask", "price": 0.77, "size": 500.0}, {"op": "set", "side": "ask", "price": 0.81, "size": 143.52999999999997}, {"op": "set", "side": "ask", "price": 0.79, "size": 35.0}, {"op": "set", "side": "ask", "price": 0.78, "size": 1000.0}]}
{"t": 1776977052.744798, "events": [{"op": "set", "side": "bid", "price": 0.18, "size": 394.0}, {"op": "set", "side": "bid", "price": 0.14, "size": 154.76}, {"op": "delete", "side": "bid", "price": 0.17}, {"op": "delete", "side": "ask", "price": 0.77}, {"op": "delete", "side": "ask", "price": 0.79}, {"op": "set", "side": "ask", "price": 0.81, "size": 142.52999999999997}, {"op": "delete", "side": "ask", "price": 0.78}]}
{"t": 1776977053.757576, "events": [{"op": "set", "side": "bid", "price": 0.18, "size": 372.0}, {"op": "set", "side": "bid", "price": 0.15, "size": 348.0}, {"op": "set", "side": "bid", "price": 0.16, "size": 25.0}, {"op": "set", "side": "ask", "price": 0.76, "size": 1478.0}, {"op": "set", "side": "ask", "price": 0.77, "size": 39.0}, {"op": "set", "side": "ask", "price": 0.79, "size": 667.0}]}
{"t": 1776977054.773813, "events": [{"op": "set", "side": "bid", "price": 0.18, "size": 772.0}]}
{"t": 1776977057.7837021, "events": [{"op": "delete", "side": "bid", "price": 0.18}, {"op": "set", "side": "bid", "price": 0.15, "size": 337.0}, {"op": "set", "side": "bid", "price": 0.16, "size": 26.0}, {"op": "set", "side": "bid", "price": 0.08, "size": 66.0}, {"op": "set", "side": "ask", "price": 0.76, "size": 1099.0}, {"op": "delete", "side": "ask", "price": 0.77}, {"op": "delete", "side": "ask", "price": 0.79}, {"op": "set", "side": "ask", "price": 0.8, "size": 30.0}]}
{"t": 1776977058.819532, "events": [{"op": "set", "side": "bid", "price": 0.16, "size": 300.0}, {"op": "set", "side": "bid", "price": 0.14, "size": 208.76}, {"op": "set", "side": "bid", "price": 0.15, "size": 457.0}, {"op": "set", "side": "bid", "price": 0.17, "size": 366.0}, {"op": "delete", "side": "bid", "price": 0.08}, {"op": "set", "side": "ask", "price": 0.7, "size": 508.0}, {"op": "set", "side": "ask", "price": 0.76, "size": 999.0}, {"op": "set", "side": "ask", "price": 0.81, "size": 143.52999999999997}, {"op": "set", "side": "ask", "price": 0.77, "size": 1050.0}]}
{"t": 1776977062.857884, "events": [{"op": "set", "side": "bid", "price": 0.17, "size": 390.0}, {"op": "set", "side": "bid", "price": 0.16, "size": 274.0}, {"op": "delete", "side": "ask", "price": 0.8}, {"op": "set", "side": "ask", "price": 0.78, "size": 39.0}]}
{"t": 1776977075.923553, "events": [{"op": "set", "side": "bid", "price": 0.14, "size": 154.76}, {"op": "delete", "side": "bid", "price": 0.16}, {"op": "set", "side": "ask", "price": 0.7, "size": 8.0}, {"op": "set", "side": "ask", "price": 0.76, "size": 599.0}, {"op": "set", "side": "ask", "price": 0.81, "size": 142.52999999999997}]}
{"t": 1776977076.963868, "events": [{"op": "set", "side": "bid", "price": 0.15, "size": 347.0}, {"op": "set", "side": "ask", "price": 0.77, "size": 932.0}]}
{"t": 1776977077.9874299, "events": [{"op": "set", "side": "bid", "price": 0.17, "size": 370.0}, {"op": "set", "side": "bid", "price": 0.18, "size": 400.0}, {"op": "set", "side": "ask", "price": 0.77, "size": 882.0}, {"op": "set", "side": "ask", "price": 0.78, "size": 706.0}]}
{"t": 1776977079.006007, "events": [{"op": "set", "side": "bid", "price": 0.18, "size": 422.0}]}
{"t": 1776977083.058391, "events": [{"op": "set", "side": "bid", "price": 0.1, "size": 50.0}, {"op": "set", "side": "ask", "price": 0.79, "size": 35.0}, {"op": "set", "side": "ask", "price": 0.78, "size": 667.0}]}
{"t": 1776977088.161928, "events": [{"op": "set", "side": "bid", "price": 0.18, "size": 392.0}, {"op": "set", "side": "bid", "price": 0.14, "size": 153.76}, {"op": "set", "side": "bid", "price": 0.15, "size": 346.0}, {"op": "delete", "side": "bid", "price": 0.17}, {"op": "delete", "side": "bid", "price": 0.1}, {"op": "set", "side": "ask", "price": 0.77, "size": 39.0}, {"op": "delete", "side": "ask", "price": 0.79}, {"op": "delete", "side": "ask", "price": 0.78}]}
{"t": 1776977089.181201, "events": [{"op": "set", "side": "bid", "price": 0.18, "size": 370.0}, {"op": "set", "side": "ask", "price": 0.76, "size": 1599.0}, {"op": "set", "side": "ask", "price": 0.81, "size": 143.52999999999997}, {"op": "set", "side": "ask", "price": 0.79, "size": 1000.0}]}
{"t": 1776977090.196427, "events": [{"op": "set", "side": "bid", "price": 0.18, "size": 770.0}, {"op": "set", "side": "bid", "price": 0.16, "size": 25.0}]}
{"t": 1776977092.223785, "events": [{"op": "delete", "side": "bid", "price": 0.16}, {"op": "delete", "side": "ask", "price": 0.77}]}
{"t": 1776977093.235487, "events": [{"op": "set", "side": "bid", "price": 0.16, "size": 26.0}, {"op": "set", "side": "ask", "price": 0.8, "size": 81.0}]}
{"t": 1776977094.2532868, "events": [{"op": "delete", "side": "bid", "price": 0.18}, {"op": "set", "side": "bid", "price": 0.15, "size": 337.0}, {"op": "delete", "side": "ask", "price": 0.79}, {"op": "set", "side": "ask", "price": 0.81, "size": 142.52999999999997}, {"op": "set", "side": "ask", "price": 0.8, "size": 31.0}]}
{"t": 1776977095.277729, "events": [{"op": "set", "side": "bid", "price": 0.16, "size": 301.0}, {"op": "set", "side": "bid", "price": 0.14, "size": 205.76}, {"op": "set", "side": "bid", "price": 0.15, "size": 451.0}, {"op": "set", "side": "bid", "price": 0.17, "size": 367.0}, {"op": "set", "side": "ask", "price": 0.76, "size": 1932.0}, {"op": "set", "side": "ask", "price": 0.8, "size": 698.0}]}
{"t": 1776977097.301329, "events": [{"op": "set", "side": "ask", "price": 0.8, "size": 667.0}]}
{"t": 1776977098.3066041, "events": [{"op": "set", "side": "bid", "price": 0.17, "size": 390.0}, {"op": "set", "side": "bid", "price": 0.16, "size": 275.0}, {"op": "set", "side": "bid", "price": 0.09, "size": 50.0}, {"op": "set", "side": "ask", "price": 0.81, "size": 172.52999999999997}, {"op": "set", "side": "ask", "price": 0.77, "size": 50.0}]}
{"t": 1776977105.3373911, "events": [{"op": "set", "side": "bid", "price": 0.02, "size": 46.0}, {"op": "set", "side": "ask", "price": 0.02, "size": 100.0}]}
{"t": 1776977106.340801, "events": [{"op": "set", "side": "bid", "price": 0.01, "size": 538.0}, {"op": "set", "side": "ask", "price": 0.01, "size": 381.0}]}
{"t": 1776977109.418417, "events": [{"op": "set", "side": "bid", "price": 0.14, "size": 153.76}, {"op": "delete", "side": "bid", "price": 0.16}, {"op": "set", "side": "ask", "price": 0.76, "size": 1599.0}, {"op": "delete", "side": "ask", "price": 0.8}]}
{"t": 1776977110.4252942, "events": [{"op": "set", "side": "ask", "price": 0.81, "size": 142.52999999999997}, {"op": "set", "side": "ask", "price": 0.78, "size": 39.0}]}
{"t": 1776977111.429607, "events": [{"op": "set", "side": "bid", "price": 0.17, "size": 368.0}, {"op": "set", "side": "bid", "price": 0.15, "size": 345.0}, {"op": "set", "side": "bid", "price": 0.18, "size": 400.0}, {"op": "set", "side": "ask", "price": 0.77, "size": 1050.0}, {"op": "set", "side": "ask", "price": 0.81, "size": 143.52999999999997}]}
{"t": 1776977112.4502468, "events": [{"op": "set", "side": "bid", "price": 0.18, "size": 423.0}, {"op": "set", "side": "ask", "price": 0.78, "size": 38.0}]}
{"t": 1776977114.464504, "events": [{"op": "set", "side": "bid", "price": 0.18, "size": 391.0}, {"op": "delete", "side": "bid", "price": 0.17}, {"op": "set", "side": "ask", "price": 0.76, "size": 599.0}, {"op": "set", "side": "ask", "price": 0.81, "size": 142.52999999999997}]}
{"t": 1776977115.483753, "events": [{"op": "set", "side": "ask", "price": 0.77, "size": 1162.0}, {"op": "set", "side": "ask", "price": 0.78, "size": 39.0}]}
{"t": 1776977116.493232, "events": [{"op": "set", "side": "bid", "price": 0.18, "size": 791.0}]}
{"t": 1776977117.496323, "events": [{"op": "set", "side": "ask", "price": 0.78, "size": 1.0}]}
{"t": 1776977118.500858, "events": [{"op": "set", "side": "ask", "price": 0.79, "size": 35.0}]}
{"t": 1776977122.517152, "events": [{"op": "delete", "side": "ask", "price": 0.79}]}
{"t": 1776977123.525151, "events": [{"op": "set", "side": "ask", "price": 0.79, "size": 35.0}]}
{"t": 1776977127.5465631, "events": [{"op": "delete", "side": "ask", "price": 0.79}]}
{"t": 1776977128.558957, "events": [{"op": "set", "side": "ask", "price": 0.79, "size": 35.0}]}
{"t": 1776977130.577865, "events": [{"op": "delete", "side": "bid", "price": 0.18}, {"op": "set", "side": "bid", "price": 0.14, "size": 30.75999999999999}, {"op": "set", "side": "bid", "price": 0.15, "size": 100.0}, {"op": "set", "side": "ask", "price": 0.77, "size": 50.0}, {"op": "delete", "side": "ask", "price": 0.78}]}
{"t": 1776977131.605501, "events": [{"op": "delete", "side": "bid", "price": 0.09}, {"op": "set", "side": "bid", "price": 0.16, "size": 22.0}, {"op": "set", "side": "bid", "price": 0.08, "size": 50.0}]}
{"t": 1776977132.614957, "events": [{"op": "delete", "side": "ask", "price": 0.79}, {"op": "set", "side": "ask", "price": 0.82, "size": 30.0}]}
{"t": 1776977143.710815, "events": [{"op": "set", "side": "ask", "price": 0.01, "size": 200.0}]}
{"t": 1776977144.725986, "events": [{"op": "set", "side": "ask", "price": 0.03, "size": 26.0}]}
{"t": 1776977197.150034, "events": [{"op": "delete", "side": "bid", "price": 0.08}, {"op": "delete", "side": "ask", "price": 0.77}]}
{"t": 1776977200.1590312, "events": [{"op": "set", "side": "bid", "price": 0.01, "size": 433.0}, {"op": "set", "side": "ask", "price": 0.03, "size": 20.0}]}
{"t": 1776977201.164269, "events": [{"op": "set", "side": "bid", "price": 0.03, "size": 5.0}, {"op": "set", "side": "bid", "price": 0.01, "size": 420.0}, {"op": "set", "side": "ask", "price": 0.01, "size": 379.0}]}
{"t": 1776977255.582484, "events": [{"op": "delete", "side": "bid", "price": 0.03}, {"op": "set", "side": "ask", "price": 0.01, "size": 200.0}]}
{"t": 1776977256.5874932, "events": [{"op": "set", "side": "ask", "price": 0.02, "size": 131.0}]}
{"t": 1776977274.774094, "events": [{"op": "set", "side": "bid", "price": 0.02, "size": 56.0}]}
{"t": 1776977292.904264, "events": [{"op": "set", "side": "ask", "price": 0.02, "size": 100.0}]}
{"t": 1776977293.908301, "events": [{"op": "set", "side": "ask", "price": 0.01, "size": 381.0}]}
{"t": 1776977338.2333, "events": [{"op": "set", "side": "bid", "price": 0.02, "size": 46.0}, {"op": "set", "side": "ask", "price": 0.01, "size": 200.0}]}
{"t": 1776977339.2377212, "events": [{"op": "set", "side": "ask", "price": 0.03, "size": 26.0}]}
{"t": 1776977355.3246999, "events": [{"op": "set", "side": "bid", "price": 0.02, "size": 56.0}]}
{"t":1776978857.7338,"e":[[1,1,0.77,40.0]]}
{"t":1776978867.838359,"e":[[0,0,0.09],[1,1,0.7,8.0]]}
{"t":1776978879.942566,"e":[[1,0,0.1,1.0],[1,1,0.7,9.0]]}
{"t":1776978885.000291,"e":[[0,0,0.1],[1,1,0.7,8.0]]}
{"t":1776978886.0072901,"e":[[1,0,0.01,150.0],[1,1,0.01,200.0]]}
{"t":1776978887.0160892,"e":[[1,0,0.03,5.0],[1,1,0.03,77.0]]}
{"t":1776978902.12876,"e":[[1,0,0.1,1.0],[1,1,0.69,1.0]]}
{"t":1776978908.218654,"e":[[0,0,0.1],[0,1,0.69],[1,1,0.77,254.0]]}
{"t":1776978922.3944829,"e":[[0,0,0.03],[1,0,0.01,255.0],[1,1,0.03,72.0],[1,1,0.01,377.0]]}
{"t":1776978924.409956,"e":[[1,0,0.1,1.0],[1,1,0.7,9.0]]}
{"t":1776978925.425715,"e":[[1,1,0.77,109.61]]}
{"t":1776978928.45349,"e":[[1,1,0.77,149.61],[1,1,0.78,24.03]]}
{"t":1776978929.4566789,"e":[[1,1,0.77,109.61000000000001],[1,1,0.78,63.03]]}
{"t":1776978934.500247,"e":[[1,0,0.02,10.0],[1,1,0.13,30.0]]}
{"t":1776978935.520254,"e":[[0,0,0.1]]}
{"t":1776978938.539449,"e":[[1,1,0.03,77.0],[1,1,0.01,200.0]]}
{"t":1776978941.6031182,"e":[[1,0,0.09,1.0]]}
{"t":1776978944.886556,"e":[[1,0,0.07,30.0],[1,0,0.02,60.0],[1,1,0.13,80.0]]}
{"t":1776978945.9015749,"e":[[1,1,0.7,39.0]]}
{"t":1776978965.0576031,"e":[[1,0,0.01,150.0],[1,1,0.78,39.0]]}
{"t":1776978966.063133,"e":[[1,0,0.03,5.0]]}
{"t":1776978979.146398,"e":[[1,1,0.03,72.0]]}
{"t":1776978980.1624022,"e":[[1,1,0.01,361.0]]}
{"t":1776978992.274654,"e":[[0,0,0.03]]}
{"t":1776978993.279243,"e":[[1,0,0.01,231.0],[1,1,0.01,377.0]]}
{"t":1776979008.3985898,"e":[[1,0,0.01,254.0]]}
{"t":1776979026.555629,"e":[[1,0,0.16,5.0],[1,0,0.01,150.0],[1,1,0.13,65.0],[1,1,0.01,200.0],[1,1,0.78,54.0]]}
{"t":1776979027.561457,"e":[[1,0,0.03,5.0],[1,1,0.03,77.0]]}
{"t":1776979033.631568,"e":[[1,0,0.15,146.0]]}
{"t":1776979034.644863,"e":[[1,1,0.78,114.0]]}
{"t":1776979043.7256699,"e":[[1,1,0.78,94.0]]}
{"t":1776979047.772817,"e":[[0,0,0.03],[1,1,0.03,72.0]]}
{"t":1776979048.783055,"e":[[1,0,0.01,231.0],[1,1,0.01,377.0]]}
{"t":1776979060.9050071,"e":[[1,1,0.13,50.0],[1,1,0.14,14.0]]}
{"t":1776979068.960734,"e":[[1,1,0.01,200.0]]}
{"t":1776979069.968309,"e":[[1,0,0.01,254.0],[1,1,0.03,77.0]]}
{"t":1776979082.147449,"e":[[0,0,0.09],[1,1,0.7,38.0]]}
{"t":1776979089.221153,"e":[[1,0,0.01,150.0],[1,1,0.03,72.0]]}
{"t":1776979090.2286022,"e":[[1,0,0.03,5.0],[1,1,0.01,387.0]]}
{"t":1776979110.400226,"e":[[1,0,0.16,55.0],[1,0,0.15,120.0],[0,0,0.03],[1,0,0.17,24.0]]}
{"t":1776979111.404879,"e":[[1,0,0.01,231.0],[1,1,0.78,144.0]]}
{"t":1776979112.417345,"e":[[1,0,0.02,50.0],[1,1,0.78,129.0]]}
{"t":1776979123.50683,"e":[[0,0,0.07],[0,0,0.02],[0,1,0.13],[1,1,0.7,8.0]]}
{"t":1776979124.519169,"e":[[1,0,0.1,1.0],[1,1,0.7,9.0]]}
{"t":1776979127.533801,"e":[[1,0,0.15,60.0]]}
{"t":1776979129.54734,"e":[[1,1,0.01,200.0]]}
{"t":1776979130.556236,"e":[[1,0,0.01,254.0],[1,1,0.03,77.0]]}
{"t":1776979135.5978959,"e":[[0,0,0.1],[1,1,0.7,8.0]]}
{"t":1776979141.650948,"e":[[1,0,0.1,1.0]]}
{"t":1776979142.654856,"e":[[1,1,0.7,9.0]]}
{"t":1776979149.697856,"e":[[1,0,0.01,150.0]]}
{"t":1776979150.7065759,"e":[[1,0,0.03,5.0],[1,1,0.78,145.0]]}
{"t":1776979162.765724,"e":[[1,1,0.78,105.0]]}
{"t":1776979165.8170938,"e":[[0,0,0.15],[1,1,0.78,143.0]]}
{"t":1776979167.880812,"e":[[1,0,0.15,16.0],[1,1,0.03,72.0]]}
{"t":1776979168.883063,"e":[[1,1,0.01,377.0]]}
{"t":1776979169.900068,"e":[[1,0,0.17,25.0],[1,0,0.14,230.76],[1,0,0.13,330.0],[1,0,0.15,250.0],[1,0,0.16,554.0],[1,0,0.01,50.0],[1,1,0.77,125.00000000000001],[1,1,0.78,355.0],[1,1,0.8,499.0],[1,1,0.79,270.0]]}
{"t":1776979170.91721,"e":[[0,0,0.15],[1,1,0.77,1.4210854715202004e-14],[1,1,0.79,308.0],[1,1,0.8,538.0],[1,1,0.78,316.0]]}
{"t":1776979171.93222,"e":[[1,0,0.17,1.0],[1,0,0.14,299.76],[1,0,0.12,300.0],[1,0,0.16,430.0],[1,1,0.79,203.0],[1,1,0.8,287.0],[1,1,0.81,299.0],[1,1,0.78,83.0]]}
{"t":1776979172.939529,"e":[[1,0,0.15,25.0],[1,1,0.77,50.000000000000014]]}
{"t":1776979173.9502,"e":[[0,0,0.15],[1,1,0.79,165.0],[1,1,0.8,248.0]]}
{"t":1776979174.9592881,"e":[[1,0,0.17,22.0],[1,0,0.15,25.0],[1,1,0.8,285.0]]}
{"t":1776979175.9710321,"e":[[0,0,0.1]]}
{"t":1776979179.002361,"e":[[0,1,0.14],[1,1,0.13,15.0],[1,1,0.8,284.0]]}
{"t":1776979184.05543,"e":[[1,1,0.8,248.0],[1,1,0.81,332.0]]}
{"t":1776979188.065989,"e":[[0,0,0.03],[1,1,0.01,200.0]]}
{"t":1776979189.069438,"e":[[0,0,0.15],[1,0,0.01,155.0],[1,1,0.03,77.0]]}
{"t":1776979190.0817358,"e":[[1,0,0.15,25.0]]}
{"t":1776979192.094267,"e":[[1,0,0.17,21.0],[1,0,0.14,230.76],[1,0,0.12,50.0],[0,1,0.79],[0,1,0.8],[0,1,0.78]]}
{"t":1776979193.106602,"e":[[1,0,0.14,482.76],[1,0,0.13,387.0],[1,0,0.15,325.0],[1,0,0.16,6.0],[1,1,0.77,175.0],[1,1,0.81,251.0],[1,1,0.82,478.0],[1,1,0.04,56.0],[1,1,0.03,25.0]]}
{"t":1776979194.1217432,"e":[[1,0,0.15,324.0],[1,1,0.82,511.0]]}
{"t":1776979199.2060611,"e":[[1,1,0.7,8.0]]}
{"t":1776979204.232018,"e":[[1,0,0.07,50.0],[1,1,0.78,16.0]]}
{"t":1776979208.261129,"e":[[1,0,0.14,30.75999999999999],[1,0,0.13,80.0],[1,0,0.15,24.0],[1,0,0.16,5.0],[1,1,0.77,50.0],[0,1,0.81],[0,1,0.82]]}
{"t":1776979209.2903218,"e":[[1,0,0.15,27.0],[0,0,0.07],[1,1,0.78,54.0]]}
{"t":1776979210.3045912,"e":[[1,0,0.14,382.76],[1,0,0.13,321.0],[1,0,0.16,6.0],[1,0,0.12,180.0],[1,0,0.06,200.0],[1,1,0.77,175.0],[1,1,0.79,678.0],[1,1,0.78,305.0]]}
{"t":1776979212.337474,"e":[[1,0,0.14,255.76],[1,0,0.13,305.0],[1,0,0.12,50.0],[1,0,0.06,50.0],[0,1,0.77],[1,1,0.79,297.0],[1,1,0.78,203.0]]}
{"t":1776979213.3565571,"e":[[1,0,0.17,23.0],[1,0,0.15,327.0],[1,0,0.16,754.0],[1,1,0.8,374.0]]}
{"t":1776979214.370697,"e":[[1,0,0.17,46.0],[1,0,0.15,300.0],[1,1,0.8,408.0],[1,1,0.78,149.0]]}
{"t":1776979215.387918,"e":[[1,0,0.17,45.0],[1,0,0.14,529.76],[1,0,0.13,310.0],[0,0,0.15],[1,0,0.16,305.0],[1,0,0.12,275.0],[0,1,0.79],[1,1,0.76,564.0],[1,1,0.8,34.0],[1,1,0.77,750.0],[1,1,0.78,748.0]]}
{"t":1776979217.412131,"e":[[1,0,0.13,305.0],[0,1,0.77],[0,1,0.78]]}
{"t":1776979218.4224992,"e":[[1,0,0.14,308.76],[1,0,0.13,330.0],[1,1,0.76,563.0],[1,1,0.8,284.0],[1,1,0.81,298.0],[1,1,0.82,499.0]]}
{"t":1776979219.4379961,"e":[[1,0,0.17,22.0],[1,0,0.15,24.0],[1,1,0.8,250.0],[1,1,0.82,531.0]]}
{"t":1776979223.484946,"e":[[1,0,0.14,255.76],[1,0,0.13,305.0],[1,0,0.12,50.0],[0,1,0.81],[0,1,0.8],[1,1,0.82,301.0]]}
{"t":1776979224.5004532,"e":[[1,0,0.13,365.0],[1,0,0.15,240.0],[1,0,0.16,328.0],[1,1,0.82,793.0],[1,1,0.76,637.0],[1,1,0.77,16.0],[1,1,0.78,41.0]]}
{"t":1776979228.526508,"e":[[1,0,0.01,50.0],[1,1,0.03,77.0],[0,1,0.04]]}
{"t":1776979229.535329,"e":[[1,0,0.15,264.0],[1,0,0.16,305.0],[1,0,0.03,5.0],[1,1,0.01,377.0]]}
{"t":1776979234.5730119,"e":[[1,0,0.17,21.0],[1,0,0.14,379.76],[1,0,0.13,428.0],[1,0,0.15,375.0],[1,0,0.16,32.0],[1,1,0.77,141.0],[1,1,0.79,670.0],[1,1,0.76,562.0],[0,1,0.82],[1,1,0.78,288.0]]}
{"t":1776979238.613157,"e":[[1,0,0.16,6.0],[1,1,0.78,251.0]]}
{"t":1776979239.629515,"e":[[1,0,0.16,30.0],[1,1,0.77,125.0],[1,1,0.8,36.0]]}
{"t":1776979243.668138,"e":[[1,0,0.16,6.0]]}
{"t":1776979244.683896,"e":[[1,0,0.14,288.76],[1,0,0.13,330.0],[1,0,0.15,27.0],[0,1,0.77],[0,1,0.79],[0,1,0.8],[0,1,0.78]]}
{"t":1776979245.703907,"e":[[1,0,0.17,22.0],[1,0,0.16,305.0],[1,0,0.12,270.0],[1,1,0.76,563.0],[1,1,0.8,250.0],[1,1,0.68,1.0],[1,1,0.81,304.0],[1,1,0.82,531.0]]}
{"t":1776979248.733121,"e":[[0,0,0.15]]}
{"t":1776979249.743511,"e":[[1,0,0.15,24.0]]}
{"t":1776979250.753281,"e":[[1,0,0.17,21.0],[1,0,0.14,30.75999999999999],[1,0,0.13,80.0],[1,0,0.16,5.0],[1,0,0.12,50.0],[0,1,0.81],[1,1,0.76,562.0],[0,1,0.8],[1,1,0.77,39.0],[0,1,0.82]]}
{"t":1776979251.799284,"e":[[1,0,0.17,23.0],[1,0,0.16,1503.0],[0,1,0.68],[1,1,0.81,251.0],[1,1,0.8,1.0],[1,1,0.82,499.0]]}
{"t":1776979252.8169029,"e":[[0,0,0.03],[1,1,0.82,1249.0],[1,1,0.01,200.0]]}
{"t":1776979253.834037,"e":[[0,0,0.15],[0,1,0.77]]}
{"t":1776979254.850881,"e":[[1,0,0.15,24.0],[1,0,0.01,155.0],[1,1,0.03,82.0],[1,1,0.82,1279.0]]}
{"t":1776979255.8658319,"e":[[1,0,0.17,21.0],[0,1,0.81],[0,1,0.8],[1,1,0.82,1028.0]]}
{"t":1776979256.887512,"e":[[1,0,0.14,779.76],[1,0,0.13,829.0],[1,0,0.16,7.0],[1,1,0.82,779.0],[1,1,0.76,564.0]]}
{"t":1776979257.904416,"e":[[1,1,0.82,1529.0]]}
{"t":1776979258.914689,"e":[[0,0,0.15]]}
{"t":1776979259.933438,"e":[[1,0,0.15,22.0]]}
{"t":1776979260.946314,"e":[[1,1,0.82,779.0]]}
{"t":1776979261.959753,"e":[[1,0,0.14,280.76],[1,0,0.13,742.0],[1,0,0.15,397.0],[1,0,0.16,6.0],[1,1,0.82,1529.0]]}
{"t":1776979262.975913,"e":[[1,0,0.14,178.76],[1,0,0.13,305.0],[1,0,0.15,284.0],[1,1,0.82,779.0]]}
{"t":1776979263.983315,"e":[[1,0,0.17,22.0],[1,0,0.15,286.0],[1,0,0.16,380.0]]}
{"t":1776979264.991877,"e":[[1,1,0.82,1529.0]]}
{"t":1776979269.017633,"e":[[1,0,0.15,262.0]]}
{"t":1776979270.039099,"e":[[1,0,0.15,286.0]]}
{"t":1776979273.061756,"e":[[1,1,0.03,77.0]]}
{"t":1776979274.066132,"e":[[1,0,0.15,285.0],[1,1,0.77,16.0],[1,1,0.01,377.0]]}
{"t":1776979276.078465,"e":[[1,1,0.79,1.0]]}
{"t":1776979277.085877,"e":[[1,0,0.14,404.76],[1,0,0.13,80.0],[1,0,0.15,398.0],[1,0,0.16,6.0],[1,1,0.77,141.0],[1,1,0.79,252.0],[1,1,0.76,562.0],[1,1,0.8,653.0],[0,1,0.82]]}
{"t":1776979278.1032362,"e":[[1,1,0.77,125.0],[1,1,0.81,34.0]]}
{"t":1776979279.118171,"e":[[1,0,0.15,375.0],[1,0,0.16,29.0]]}
{"t":1776979281.133353,"e":[[1,0,0.16,24.0]]}
{"t":1776979286.150522,"e":[[1,0,0.14,30.75999999999999],[0,0,0.15],[1,0,0.16,23.0],[1,1,0.77,39.0],[1,1,0.79,1.0],[0,1,0.8],[0,1,0.81]]}
{"t":1776979287.159824,"e":[[1,0,0.17,23.0],[1,0,0.14,290.76],[1,0,0.13,442.0],[1,0,0.16,522.0],[1,0,0.09,1.0],[1,1,0.77,164.0],[1,1,0.79,252.0],[1,1,0.71,1.0],[1,1,0.8,654.0]]}
{"t":1776979289.188255,"e":[[1,0,0.16,499.0],[1,0,0.15,26.0],[1,1,0.77,125.0],[1,1,0.81,31.0]]}
{"t":1776979291.212955,"e":[[1,0,0.01,50.0]]}
{"t":1776979292.2159822,"e":[[1,0,0.03,5.0]]}
{"t":1776979294.2221088,"e":[[0,0,0.15],[0,0,0.09]]}
{"t":1776979295.226756,"e":[[1,0,0.15,26.0]]}
{"t":1776979297.236424,"e":[[1,0,0.17,22.0],[1,0,0.13,323.0],[0,0,0.16],[1,1,0.79,305.0],[0,1,0.8],[0,1,0.81],[0,1,0.77]]}
{"t":1776979298.2418702,"e":[[1,0,0.14,385.76],[1,0,0.12,257.0],[1,0,0.15,27.0],[1,1,0.81,251.0],[1,1,0.8,35.0],[1,1,0.82,651.0]]}
{"t":1776979299.246837,"e":[[1,0,0.15,24.0],[0,1,0.8],[1,1,0.82,686.0]]}
{"t":1776979305.292248,"e":[[1,0,0.14,31.75999999999999],[1,0,0.15,23.0],[0,1,0.71],[0,1,0.81],[1,1,0.82,260.0]]}
