{"t": 1776975878.59487, "events": [{"op": "set", "side": "bid", "price": 0.61, "size": 2446.0}, {"op": "set", "side": "ask", "price": 0.02, "size": 50.0}, {"op": "set", "side": "ask", "price": 0.01, "size": 5256.91}]}
{"t": 1776975881.629726, "events": [{"op": "set", "side": "bid", "price": 0.61, "size": 3446.0}, {"op": "set", "side": "ask", "price": 0.02, "size": 103.0}, {"op": "set", "side": "ask", "price": 0.01, "size": 5309.91}]}
{"t": 1776975940.061205, "events": [{"op": "set", "side": "bid", "price": 0.61, "size": 2446.0}, {"op": "set", "side": "ask", "price": 0.02, "size": 50.0}, {"op": "set", "side": "ask", "price": 0.01, "size": 5256.91}]}
{"t": 1776975942.095907, "events": [{"op": "set", "side": "bid", "price": 0.61, "size": 3446.0}, {"op": "set", "side": "ask", "price": 0.02, "size": 103.0}, {"op": "set", "side": "ask", "price": 0.01, "size": 5309.91}]}
{"t": 1776975951.2976189, "events": [{"op": "set", "side": "bid", "price": 0.61, "size": 2446.0}, {"op": "set", "side": "ask", "price": 0.02, "size": 50.0}, {"op": "set", "side": "ask", "price": 0.01, "size": 5256.91}]}
{"t": 1776975954.332581, "events": [{"op": "set", "side": "bid", "price": 0.61, "size": 3446.0}, {"op": "set", "side": "ask", "price": 0.02, "size": 103.0}, {"op": "set", "side": "ask", "price": 0.01, "size": 5309.91}]}
{"t": 1776976044.185159, "events": [{"op": "set", "side": "bid", "price": 0.61, "size": 2446.0}, {"op": "set", "side": "ask", "price": 0.02, "size": 50.0}, {"op": "set", "side": "ask", "price": 0.01, "size": 5256.91}]}
{"t": 1776976047.209746, "events": [{"op": "set", "side": "bid", "price": 0.61, "size": 3446.0}, {"op": "set", "side": "ask", "price": 0.02, "size": 103.0}, {"op": "set", "side": "ask", "price": 0.01, "size": 5309.91}]}
{"t": 1776976058.306615, "events": [{"op": "set", "side": "bid", "price": 0.61, "size": 2446.0}, {"op": "set", "side": "ask", "price": 0.02, "size": 50.0}, {"op": "set", "side": "ask", "price": 0.01, "size": 5256.91}]}
{"t": 1776976061.337662, "events": [{"op": "set", "side": "bid", "price": 0.61, "size": 3446.0}, {"op": "set", "side": "ask", "price": 0.02, "size": 103.0}, {"op": "set", "side": "ask", "price": 0.01, "size": 5309.91}]}
{"t": 1776976085.548361, "events": [{"op": "set", "side": "bid", "price": 0.61, "size": 2446.0}, {"op": "set", "side": "ask", "price": 0.02, "size": 50.0}, {"op": "set", "side": "ask", "price": 0.01, "size": 5256.91}]}
{"t": 1776976088.582797, "events": [{"op": "set", "side": "bid", "price": 0.61, "size": 3446.0}, {"op": "set", "side": "ask", "price": 0.02, "size": 103.0}, {"op": "set", "side": "ask", "price": 0.01, "size": 5309.91}]}
{"t": 1776976135.934583, "events": [{"op": "set", "side": "bid", "price": 0.61, "size": 2446.0}, {"op": "set", "side": "ask", "price": 0.02, "size": 50.0}, {"op": "set", "side": "ask", "price": 0.01, "size": 5256.91}]}
{"t": 1776976139.976351, "events": [{"op": "set", "side": "bid", "price": 0.61, "size": 3446.0}, {"op": "set", "side": "ask", "price": 0.02, "size": 103.0}, {"op": "set", "side": "ask", "price": 0.01, "size": 5309.91}]}
{"t": 1776976152.035327, "events": [{"op": "set", "side": "bid", "price": 0.61, "size": 2446.0}, {"op": "set", "side": "ask", "price": 0.02, "size": 50.0}, {"op": "set", "side": "ask", "price": 0.01, "size": 5256.91}]}
{"t": 1776976154.063997, "events": [{"op": "set", "side": "bid", "price": 0.61, "size": 3446.0}, {"op": "set", "side": "ask", "price": 0.02, "size": 103.0}]}
{"t": 1776976155.081144, "events": [{"op": "set", "side": "ask", "price": 0.01, "size": 5309.91}]}
{"t": 1776976204.476952, "events": [{"op": "set", "side": "bid", "price": 0.61, "size": 2446.0}, {"op": "set", "side": "ask", "price": 0.02, "size": 50.0}, {"op": "set", "side": "ask", "price": 0.01, "size": 5256.91}]}
{"t": 1776976208.525941, "events": [{"op": "set", "side": "bid", "price": 0.61, "size": 3446.0}, {"op": "set", "side": "ask", "price": 0.02, "size": 103.0}, {"op": "set", "side": "ask", "price": 0.01, "size": 5309.91}]}
{"t": 1776976285.139929, "events": [{"op": "set", "side": "bid", "price": 0.61, "size": 2446.0}, {"op": "set", "side": "ask", "price": 0.02, "size": 50.0}, {"op": "set", "side": "ask", "price": 0.01, "size": 5256.91}]}
{"t": 1776976287.161626, "events": [{"op": "set", "side": "bid", "price": 0.61, "size": 3446.0}, {"op": "set", "side": "ask", "price": 0.02, "size": 103.0}, {"op": "set", "side": "ask", "price": 0.01, "size": 5309.91}]}
{"t": 1776976301.276474, "events": [{"op": "set", "side": "bid", "price": 0.61, "size": 2446.0}, {"op": "set", "side": "ask", "price": 0.02, "size": 50.0}, {"op": "set", "side": "ask", "price": 0.01, "size": 5256.91}]}
{"t": 1776976305.355718, "events": [{"op": "set", "side": "bid", "price": 0.61, "size": 3446.0}, {"op": "set", "side": "ask", "price": 0.02, "size": 103.0}, {"op": "set", "side": "ask", "price": 0.01, "size": 5309.91}]}
{"t": 1776976340.6580539, "events": [{"op": "set", "side": "bid", "price": 0.61, "size": 2446.0}, {"op": "set", "side": "ask", "price": 0.02, "size": 50.0}, {"op": "set", "side": "ask", "price": 0.01, "size": 5256.91}]}
{"t": 1776976343.692986, "events": [{"op": "set", "side": "bid", "price": 0.61, "size": 3446.0}, {"op": "set", "side": "ask", "price": 0.02, "size": 103.0}, {"op": "set", "side": "ask", "price": 0.01, "size": 5309.91}]}
{"t": 1776976344.703347, "events": [{"op": "set", "side": "bid", "price": 0.61, "size": 2446.0}, {"op": "set", "side": "ask", "price": 0.02, "size": 50.0}, {"op": "set", "side": "ask", "price": 0.01, "size": 5256.91}]}
{"t": 1776976349.756854, "events": [{"op": "set", "side": "bid", "price": 0.61, "size": 3446.0}, {"op": "set", "side": "ask", "price": 0.02, "size": 103.0}, {"op": "set", "side": "ask", "price": 0.01, "size": 5309.91}]}
{"t": 1776976351.775647, "events": [{"op": "set", "side": "bid", "price": 0.61, "size": 2446.0}, {"op": "set", "side": "ask", "price": 0.02, "size": 50.0}, {"op": "set", "side": "ask", "price": 0.01, "size": 5256.91}]}
{"t": 1776976356.839608, "events": [{"op": "set", "side": "bid", "price": 0.61, "size": 3446.0}, {"op": "set", "side": "ask", "price": 0.02, "size": 103.0}, {"op": "set", "side": "ask", "price": 0.01, "size": 5309.91}]}
{"t": 1776976425.340163, "events": [{"op": "set", "side": "bid", "price": 0.61, "size": 2446.0}, {"op": "set", "side": "ask", "price": 0.02, "size": 50.0}, {"op": "set", "side": "ask", "price": 0.01, "size": 5256.91}]}
{"t": 1776976428.364198, "events": [{"op": "set", "side": "bid", "price": 0.61, "size": 3446.0}, {"op": "set", "side": "ask", "price": 0.02, "size": 103.0}, {"op": "set", "side": "ask", "price": 0.01, "size": 5309.91}]}
{"t": 1776976465.66493, "events": [{"op": "set", "side": "bid", "price": 0.61, "size": 2446.0}, {"op": "set", "side": "ask", "price": 0.02, "size": 50.0}, {"op": "set", "side": "ask", "price": 0.01, "size": 5256.91}]}
{"t": 1776976468.700096, "events": [{"op": "set", "side": "bid", "price": 0.61, "size": 3446.0}, {"op": "set", "side": "ask", "price": 0.02, "size": 103.0}, {"op": "set", "side": "ask", "price": 0.01, "size": 5309.91}]}
{"t": 1776976477.761339, "events": [{"op": "set", "side": "bid", "price": 0.61, "size": 2446.0}, {"op": "set", "side": "ask", "price": 0.02, "size": 50.0}, {"op": "set", "side": "ask", "price": 0.01, "size": 5256.91}]}
{"t": 1776976480.793513, "events": [{"op": "set", "side": "bid", "price": 0.61, "size": 3446.0}, {"op": "set", "side": "ask", "price": 0.02, "size": 103.0}, {"op": "set", "side": "ask", "price": 0.01, "size": 5309.91}]}
{"t": 1776976514.0667362, "events": [{"op": "set", "side": "bid", "price": 0.61, "size": 1000.0}, {"op": "set", "side": "bid", "price": 0.62, "size": 2284.0}]}
{"t": 1776976521.1357608, "events": [{"op": "delete", "side": "bid", "price": 0.61}]}
{"t": 1776976522.1437619, "events": [{"op": "set", "side": "bid", "price": 0.62, "size": 3284.0}]}
{"t": 1776976536.203557, "events": [{"op": "set", "side": "bid", "price": 0.62, "size": 2284.0}, {"op": "set", "side": "ask", "price": 0.02, "size": 50.0}, {"op": "set", "side": "ask", "price": 0.01, "size": 5256.91}]}
{"t": 1776976537.216504, "events": [{"op": "set", "side": "bid", "price": 0.62, "size": 3284.0}]}
{"t": 1776976538.221212, "events": [{"op": "set", "side": "ask", "price": 0.02, "size": 103.0}, {"op": "set", "side": "ask", "price": 0.01, "size": 5309.91}]}
{"t": 1776976569.49947, "events": [{"op": "set", "side": "bid", "price": 0.62, "size": 2284.0}, {"op": "set", "side": "ask", "price": 0.02, "size": 50.0}, {"op": "set", "side": "ask", "price": 0.01, "size": 5256.91}]}
{"t": 1776976571.5276349, "events": [{"op": "set", "side": "bid", "price": 0.62, "size": 3284.0}, {"op": "set", "side": "ask", "price": 0.02, "size": 103.0}, {"op": "set", "side": "ask", "price": 0.01, "size": 5309.91}]}
{"t": 1776976627.946018, "events": [{"op": "set", "side": "bid", "price": 0.62, "size": 2284.0}, {"op": "set", "side": "ask", "price": 0.02, "size": 50.0}, {"op": "set", "side": "ask", "price": 0.01, "size": 5256.91}]}
{"t": 1776976630.9735959, "events": [{"op": "set", "side": "bid", "price": 0.62, "size": 3284.0}, {"op": "set", "side": "ask", "price": 0.02, "size": 103.0}, {"op": "set", "side": "ask", "price": 0.01, "size": 5309.91}]}
{"t": 1776976694.6291242, "events": [{"op": "set", "side": "bid", "price": 0.62, "size": 2284.0}, {"op": "set", "side": "ask", "price": 0.02, "size": 50.0}, {"op": "set", "side": "ask", "price": 0.01, "size": 5256.91}]}
{"t": 1776976697.8306718, "events": [{"op": "set", "side": "bid", "price": 0.62, "size": 3284.0}, {"op": "set", "side": "ask", "price": 0.02, "size": 103.0}, {"op": "set", "side": "ask", "price": 0.01, "size": 5309.91}]}
{"t": 1776976716.98976, "events": [{"op": "set", "side": "bid", "price": 0.96, "size": 1000.0}]}
{"t": 1776976798.966105, "events": [{"op": "set", "side": "bid", "price": 0.62, "size": 2284.0}, {"op": "set", "side": "ask", "price": 0.02, "size": 50.0}, {"op": "set", "side": "ask", "price": 0.01, "size": 5256.91}]}
{"t": 1776976802.004491, "events": [{"op": "set", "side": "bid", "price": 0.62, "size": 3284.0}, {"op": "set", "side": "ask", "price": 0.02, "size": 103.0}, {"op": "set", "side": "ask", "price": 0.01, "size": 5309.91}]}
{"t": 1776976823.281095, "events": [{"op": "set", "side": "bid", "price": 0.62, "size": 2284.0}, {"op": "set", "side": "ask", "price": 0.02, "size": 50.0}, {"op": "set", "side": "ask", "price": 0.01, "size": 5256.91}]}
{"t": 1776976826.322222, "events": [{"op": "set", "side": "bid", "price": 0.62, "size": 3284.0}, {"op": "set", "side": "ask", "price": 0.02, "size": 103.0}, {"op": "set", "side": "ask", "price": 0.01, "size": 5309.91}]}
{"t": 1776976873.730138, "events": [{"op": "set", "side": "bid", "price": 0.62, "size": 2284.0}, {"op": "set", "side": "ask", "price": 0.02, "size": 50.0}, {"op": "set", "side": "ask", "price": 0.01, "size": 5256.91}]}
{"t": 1776976876.771445, "events": [{"op": "set", "side": "bid", "price": 0.62, "size": 3284.0}, {"op": "set", "side": "ask", "price": 0.02, "size": 103.0}, {"op": "set", "side": "ask", "price": 0.01, "size": 5309.91}]}
{"t": 1776976982.084939, "events": [{"op": "set", "side": "ask", "price": 0.01, "size": 5398.91}]}
{"t": 1776977027.54447, "events": [{"op": "set", "side": "bid", "price": 0.62, "size": 2284.0}, {"op": "set", "side": "ask", "price": 0.02, "size": 50.0}, {"op": "set", "side": "ask", "price": 0.01, "size": 5345.91}]}
{"t": 1776977032.5981371, "events": [{"op": "set", "side": "bid", "price": 0.62, "size": 3284.0}, {"op": "set", "side": "ask", "price": 0.02, "size": 103.0}, {"op": "set", "side": "ask", "price": 0.01, "size": 5398.91}]}
{"t": 1776977130.577865, "events": [{"op": "set", "side": "bid", "price": 0.62, "size": 2284.0}, {"op": "set", "side": "ask", "price": 0.02, "size": 50.0}, {"op": "set", "side": "ask", "price": 0.01, "size": 5345.91}]}
{"t": 1776977264.642447, "events": [{"op": "set", "side": "bid", "price": 0.97, "size": 2.0}]}
{"t":1776978860.778573,"e":[[1,0,0.62,3034.0],[1,1,0.01,6119.91]]}
{"t":1776978869.856717,"e":[[1,0,0.62,2284.0],[1,1,0.01,5369.91]]}
{"t":1776978873.903151,"e":[[1,0,0.62,3034.0],[1,1,0.01,6119.91]]}
{"t":1776978909.223537,"e":[[1,0,0.62,2284.0],[1,1,0.01,5369.91]]}
{"t":1776978914.3329191,"e":[[1,0,0.62,3034.0],[1,1,0.01,6119.91]]}
{"t":1776978933.487251,"e":[[1,0,0.62,2284.0],[1,1,0.01,5369.91]]}
{"t":1776978934.500247,"e":[[1,0,0.62,3034.0],[1,1,0.01,6119.91]]}
{"t":1776978979.146398,"e":[[1,0,0.62,2284.0],[1,1,0.01,5369.91]]}
{"t":1776978982.174557,"e":[[1,0,0.62,3034.0],[1,1,0.01,6119.91]]}
{"t":1776979006.375099,"e":[[1,0,0.62,2284.0],[1,1,0.01,5369.91]]}
{"t":1776979009.408774,"e":[[1,0,0.62,3034.0],[1,1,0.01,6119.91]]}
{"t":1776979021.503144,"e":[[1,0,0.62,2284.0],[1,1,0.01,5369.91]]}
{"t":1776979024.5338361,"e":[[1,0,0.62,3034.0],[1,1,0.01,6119.91]]}
{"t":1776979081.134896,"e":[[1,0,0.62,2284.0],[1,1,0.01,5369.91]]}
{"t":1776979085.186368,"e":[[1,0,0.62,3034.0],[1,1,0.01,6119.91]]}
{"t":1776979102.3232388,"e":[[1,0,0.62,2284.0],[1,1,0.01,5369.91]]}
{"t":1776979106.3717089,"e":[[1,0,0.62,3034.0],[1,1,0.01,6119.91]]}
{"t":1776979111.404879,"e":[[1,0,0.62,2284.0],[1,1,0.01,5369.91]]}
{"t":1776979113.428629,"e":[[1,0,0.62,3034.0],[1,1,0.01,6119.91]]}
{"t":1776979130.556236,"e":[[1,0,0.62,2284.0],[1,1,0.01,5369.91]]}
{"t":1776979132.568574,"e":[[1,0,0.62,3034.0],[1,1,0.01,6119.91]]}
{"t":1776979135.5978959,"e":[[1,0,0.62,2284.0],[1,1,0.01,5369.91]]}
{"t":1776979138.624363,"e":[[1,0,0.62,3034.0],[1,1,0.01,6119.91]]}
{"t":1776979162.765724,"e":[[1,0,0.62,2284.0],[1,1,0.01,5369.91]]}
{"t":1776979166.8385139,"e":[[1,0,0.62,3034.0],[1,1,0.01,6119.91]]}
{"t":1776979208.261129,"e":[[1,0,0.62,2284.0],[1,1,0.01,5369.91]]}
{"t":1776979210.3045912,"e":[[1,0,0.62,3034.0],[1,1,0.01,6119.91]]}
{"t":1776979250.753281,"e":[[1,0,0.62,2284.0],[1,1,0.01,5369.91]]}
{"t":1776979252.8169029,"e":[[1,0,0.62,3034.0],[1,1,0.01,6119.91]]}
{"t":1776979286.150522,"e":[[1,0,0.62,2284.0],[1,1,0.01,5369.91]]}
{"t":1776979289.188255,"e":[[1,0,0.62,3034.0],[1,1,0.01,6119.91]]}
{"t":1776979322.47595,"e":[[1,0,0.62,2284.0],[1,1,0.01,5369.91]]}
{"t":1776979328.557861,"e":[[1,0,0.62,3034.0],[1,1,0.01,6119.91]]}
{"t":1776979357.799739,"e":[[1,0,0.62,2284.0],[1,1,0.01,5369.91]]}
{"t":1776979358.815964,"e":[[1,0,0.62,3034.0],[1,1,0.01,6119.91]]}
{"t":1776979373.992595,"e":[[1,0,0.62,2284.0],[1,1,0.01,5369.91]]}
{"t":1776979377.03843,"e":[[1,0,0.62,3034.0],[1,1,0.01,6119.91]]}
{"t":1776979393.279681,"e":[[1,0,0.62,2284.0],[1,1,0.01,5369.91]]}
{"t":1776979396.311556,"e":[[1,0,0.62,3034.0],[1,1,0.01,6119.91]]}
{"t":1776979404.426751,"e":[[1,0,0.62,2284.0],[1,1,0.01,5369.91]]}
{"t":1776979407.472841,"e":[[1,0,0.62,3034.0],[1,1,0.01,6119.91]]}
{"t":1776979421.670975,"e":[[1,0,0.62,2284.0],[1,1,0.01,5369.91]]}
{"t":1776979424.820554,"e":[[1,0,0.62,3034.0],[1,1,0.01,6119.91]]}
{"t":1776979440.0022578,"e":[[1,0,0.62,2284.0],[1,1,0.01,5369.91]]}
{"t":1776979443.037045,"e":[[1,0,0.62,3034.0],[1,1,0.01,6119.91]]}
{"t":1776979499.5889611,"e":[[1,0,0.62,2284.0],[1,1,0.01,5369.91]]}
{"t":1776979503.652458,"e":[[1,0,0.62,3034.0],[1,1,0.01,6119.91]]}
{"t":1776979636.021319,"e":[[1,0,0.62,2284.0],[1,1,0.01,5369.91]]}
{"t":1776979637.049831,"e":[[1,0,0.62,3034.0],[1,1,0.01,6119.91]]}
{"t":1776979641.110275,"e":[[1,0,0.62,2284.0],[1,1,0.01,5369.91]]}
{"t":1776979645.163307,"e":[[1,0,0.62,3034.0],[1,1,0.01,6119.91]]}
{"t":1776979673.505915,"e":[[1,0,0.62,2284.0],[1,1,0.01,5369.91]]}
{"t":1776979677.5577102,"e":[[1,0,0.62,3034.0],[1,1,0.01,6119.91]]}
{"t":1776979714.936487,"e":[[1,0,0.62,2284.0],[1,1,0.01,5369.91]]}
{"t":1776979718.986039,"e":[[1,0,0.62,3034.0],[1,1,0.01,6119.91]]}
{"t":1776979736.216362,"e":[[1,0,0.62,2284.0],[1,1,0.01,5369.91]]}
{"t":1776979738.25713,"e":[[1,0,0.62,3034.0],[1,1,0.01,6119.91]]}
{"t":1776979820.0560918,"e":[[1,0,0.62,2284.0],[1,1,0.01,5369.91]]}
{"t":1776979826.137264,"e":[[1,0,0.62,3034.0],[1,1,0.01,6119.91]]}
{"t":1776979832.244597,"e":[[1,0,0.62,2284.0],[1,1,0.01,5369.91]]}
{"t":1776979835.291805,"e":[[1,0,0.62,3034.0],[1,1,0.01,6119.91]]}
{"t":1776979866.614618,"e":[[1,0,0.62,2284.0],[1,1,0.01,5369.91]]}
{"t":1776979870.6450438,"e":[[1,0,0.62,3034.0],[1,1,0.01,6119.91]]}
{"t":1776979948.596159,"e":[[1,0,0.62,2284.0],[1,1,0.01,5369.91]]}
{"t":1776979951.6405408,"e":[[1,0,0.62,3034.0],[1,1,0.01,6119.91]]}
{"t":1776980002.208147,"e":[[1,0,0.62,2284.0],[1,1,0.01,5369.91]]}
{"t":1776980006.266819,"e":[[1,0,0.62,3034.0],[1,1,0.01,6119.91]]}
{"t":1776980009.302658,"e":[[1,1,0.01,6006.91]]}
{"t":1776980031.561755,"e":[[1,0,0.62,2284.0],[1,1,0.01,5256.91]]}
{"t":1776980034.6140401,"e":[[1,0,0.62,3034.0],[1,1,0.01,6006.91]]}
{"t":1776980096.437967,"e":[[1,1,0.01,5991.77]]}
{"t":1776980216.500921,"e":[[1,0,0.62,2284.0],[1,1,0.01,5241.77]]}
{"t":1776980220.563881,"e":[[1,0,0.62,3034.0],[1,1,0.01,5991.77]]}
{"t":1776980267.08344,"e":[[1,1,0.01,505991.77]]}
{"t":1776980339.870958,"e":[[1,0,0.62,2284.0],[1,1,0.01,505241.77]]}
{"t":1776980346.9657018,"e":[[1,0,0.62,3034.0],[1,1,0.01,505991.77]]}
{"t":1776980359.084876,"e":[[1,0,0.62,2284.0],[1,1,0.01,505241.77]]}
{"t":1776980363.136044,"e":[[1,0,0.62,3034.0],[1,1,0.01,505991.77]]}
{"t":1776980428.823528,"e":[[1,0,0.62,2284.0],[1,1,0.01,505241.77]]}
{"t":1776980431.865155,"e":[[1,0,0.62,3034.0],[1,1,0.01,505991.77]]}
{"t":1776980438.9541829,"e":[[1,0,0.62,2284.0],[1,1,0.01,505241.77]]}
{"t":1776980443.018125,"e":[[1,0,0.62,3034.0],[1,1,0.01,505991.77]]}
{"t":1776980488.560389,"e":[[1,0,0.62,2284.0],[1,1,0.01,505241.77]]}
{"t":1776980489.584973,"e":[[1,0,0.97,10.0]]}
{"t":1776980490.596148,"e":[[1,0,0.62,3034.0],[1,1,0.01,505991.77]]}
{"t":1776980524.08113,"e":[[1,0,0.62,2284.0],[1,1,0.01,505241.77]]}
{"t":1776980526.116436,"e":[[1,0,0.62,3034.0],[1,1,0.01,505991.77]]}
{"t":1776980562.5381172,"e":[[1,0,0.62,2284.0],[1,1,0.01,505241.77]]}
{"t":1776980566.604689,"e":[[1,0,0.62,3034.0],[1,1,0.01,505991.77]]}
{"t":1776980577.735656,"e":[[1,0,0.62,2284.0],[1,1,0.01,505241.77]]}
{"t":1776980578.763276,"e":[[1,0,0.62,3034.0],[1,1,0.01,505991.77]]}
{"t":1776980589.9223082,"e":[[1,0,0.62,2284.0],[1,1,0.01,505241.77]]}
{"t":1776980592.981667,"e":[[1,0,0.62,3034.0],[1,1,0.01,505991.77]]}
{"t":1776980638.470675,"e":[[0,0,0.96]]}
{"t":1776980758.610584,"e":[[1,0,0.62,2284.0],[1,1,0.01,505241.77]]}
{"t":1776980763.703736,"e":[[1,0,0.62,3034.0],[1,1,0.01,505991.77]]}
{"t":1776980842.4296498,"e":[[1,0,0.62,2284.0],[1,1,0.01,505241.77]]}
{"t":1776980845.4702349,"e":[[1,0,0.62,3034.0],[1,1,0.01,505991.77]]}
{"t":1776980929.387115,"e":[[1,0,0.62,2284.0],[1,1,0.01,505241.77]]}
{"t":1776980932.421974,"e":[[1,0,0.62,3034.0],[1,1,0.01,505991.77]]}
{"t":1776980942.557023,"e":[[1,0,0.62,2284.0],[1,1,0.01,505241.77]]}
{"t":1776980945.5937312,"e":[[1,0,0.62,3034.0],[1,1,0.01,505991.77]]}
{"t":1776980957.745952,"e":[[1,0,0.62,2284.0],[1,1,0.01,505241.77]]}
{"t":1776980960.798671,"e":[[1,0,0.62,3034.0],[1,1,0.01,505991.77]]}
{"t":1776980976.982363,"e":[[1,0,0.62,2284.0],[1,1,0.01,505241.77]]}
{"t":1776980980.029228,"e":[[1,0,0.62,3034.0],[1,1,0.01,505991.77]]}
{"t":1776980995.2883961,"e":[[1,0,0.62,2284.0],[1,1,0.01,505241.77]]}
{"t":1776980999.340385,"e":[[1,0,0.62,3034.0],[1,1,0.01,505991.77]]}
{"t":1776981008.444097,"e":[[1,0,0.62,2284.0],[1,1,0.01,505241.77]]}
{"t":1776981012.4987168,"e":[[1,0,0.62,3034.0],[1,1,0.01,505991.77]]}
{"t":1776981018.585931,"e":[[1,0,0.62,2284.0],[1,1,0.01,505241.77]]}
{"t":1776981021.6490638,"e":[[1,0,0.62,3034.0],[1,1,0.01,505991.77]]}
{"t":1776981039.859245,"e":[[1,0,0.62,2284.0],[1,1,0.01,505241.77]]}
{"t":1776981043.911885,"e":[[1,0,0.62,3034.0],[1,1,0.01,505991.77]]}
{"t":1776981072.162536,"e":[[1,0,0.62,2284.0],[1,1,0.01,505241.77]]}
{"t":1776981074.199422,"e":[[1,0,0.62,3034.0],[1,1,0.01,505991.77]]}
{"t":1776981087.326062,"e":[[1,0,0.62,2284.0],[1,1,0.01,505241.77]]}
{"t":1776981088.35586,"e":[[1,0,0.62,3034.0],[1,1,0.01,505991.77]]}
{"t":1776981100.51648,"e":[[1,0,0.62,2284.0],[1,1,0.01,505241.77]]}
{"t":1776981103.559409,"e":[[1,0,0.62,3034.0],[1,1,0.01,505991.77]]}
{"t":1776981193.665442,"e":[[1,0,0.62,2284.0],[1,1,0.01,505241.77]]}
{"t":1776981195.704865,"e":[[1,0,0.62,3034.0],[1,1,0.01,505991.77]]}
{"t":1776981206.826984,"e":[[1,0,0.62,2284.0],[1,1,0.01,505241.77]]}
{"t":1776981210.864474,"e":[[1,0,0.62,3034.0],[1,1,0.01,505991.77]]}
{"t":1776981249.287044,"e":[[1,0,0.62,2284.0],[1,1,0.01,505241.77]]}
{"t":1776981252.324728,"e":[[1,0,0.62,3034.0],[1,1,0.01,505991.77]]}
{"t":1776981263.4313338,"e":[[1,0,0.62,2284.0],[1,1,0.01,505241.77]]}
{"t":1776981265.4678552,"e":[[1,0,0.62,3034.0],[1,1,0.01,505991.77]]}
{"t":1776981297.8282409,"e":[[1,0,0.62,2284.0],[1,1,0.01,505241.77]]}
{"t":1776981304.938706,"e":[[0,0,0.62]]}
{"t":1776981305.944294,"e":[[1,0,0.61,2336.0]]}
{"t":1776981777.146836,"e":[[1,1,0.01,505351.77]]}
{"t":1776982240.549907,"e":[[0,0,0.97],[1,0,0.95,449.93]]}
{"t":1776982449.483777,"e":[[1,0,0.95,454.93]]}
{"t":1776982633.084568,"e":[[1,0,0.95,449.93]]}
{"t":1776982836.93739,"e":[[1,1,0.01,505241.77]]}
{"t":1776982863.092203,"e":[[0,0,0.49]]}
{"t":1776983039.308418,"e":[[1,0,0.95,454.93]]}
{"t":1776983234.169905,"e":[[1,0,0.95,449.93]]}
{"t":1776983352.35618,"e":[[1,1,0.01,5241.770000000019]]}
{"t":1776983680.499997,"e":[[1,0,0.95,454.93]]}
{"t":1776983810.728238,"e":[[1,0,0.95,449.93]]}
{"t":1776983900.623374,"e":[[1,0,0.96,10.0]]}
{"t":1776984354.170143,"e":[[1,0,0.96,459.93],[0,0,0.95]]}
{"t":1776984523.837309,"e":[[1,0,0.49,100.0],[1,1,0.01,5351.770000000019]]}
{"t":1776984600.5990279,"e":[[1,0,0.96,10.0]]}
{"t":1776984713.608237,"e":[[1,1,0.01,5241.770000000019]]}
{"t":1776984714.618588,"e":[[1,1,0.01,5350.770000000019]]}
{"t":1776984774.1769989,"e":[[1,0,0.96,260.0]]}
{"t":1776984806.4707851,"e":[[1,0,0.97,500.0]]}
{"t":1776985142.339348,"e":[[1,0,0.97,480.0]]}
{"t":1776985511.686923,"e":[[1,0,0.97,167.87]]}
{"t":1776985629.7355561,"e":[[1,0,0.01,10.0]]}
{"t":1776985630.7528791,"e":[[0,0,0.02],[1,0,0.01,70.0],[1,1,0.01,5400.770000000019]]}
{"t":1776985639.833919,"e":[[1,0,0.01,120.0]]}
{"t":1776985641.854913,"e":[[1,0,0.89,30.0]]}
{"t":1776985655.9854221,"e":[[1,0,0.97,34.59]]}
{"t":1776985678.151366,"e":[[1,0,0.95,50.0],[1,0,0.02,50.0],[1,0,0.01,70.0],[1,1,0.01,409.0000000000182]]}
{"t":1776985736.7158358,"e":[[1,1,0.01,300.0000000000182]]}
{"t":1776985743.7749188,"e":[[0,0,0.49]]}
{"t":1776985809.400975,"e":[[1,0,0.01,50.0]]}
{"t":1776985819.5059562,"e":[[0,0,0.89],[0,0,0.01]]}
{"t":1776986031.3612149,"e":[[0,0,0.97],[1,0,0.96,239.34]]}
{"t":1776986054.541483,"e":[[0,0,0.95],[1,1,0.01,250.0000000000182]]}
{"t":1776986080.810495,"e":[[1,0,0.61,2266.0]]}
{"t":1776986207.85724,"e":[[0,0,0.96]]}
{"t":1776986313.663645,"e":[[1,0,0.8,493.0],[1,1,0.01,496.0000000000182]]}
{"t":1776986363.351876,"e":[[1,0,0.8,243.0],[1,1,0.01,250.0000000000182]]}
{"t":1776986364.384167,"e":[[1,0,0.8,493.0],[1,1,0.01,496.0000000000182]]}
{"t":1776986383.65274,"e":[[1,0,0.8,243.0],[1,1,0.01,250.0000000000182]]}
{"t":1776986384.680605,"e":[[1,0,0.8,493.0],[1,1,0.01,496.0000000000182]]}
{"t":1776986397.8622699,"e":[[1,0,0.8,243.0],[1,1,0.01,250.0000000000182]]}
{"t":1776986401.9132118,"e":[[1,0,0.8,493.0],[1,1,0.01,496.0000000000182]]}
{"t":1776986419.158252,"e":[[1,0,0.8,243.0],[1,1,0.01,250.0000000000182]]}
{"t":1776986421.196193,"e":[[1,0,0.8,493.0],[1,1,0.01,496.0000000000182]]}
{"t":1776986437.380849,"e":[[1,0,0.8,243.0],[1,1,0.01,250.0000000000182]]}
{"t":1776986439.423061,"e":[[1,0,0.8,493.0],[1,1,0.01,496.0000000000182]]}
{"t":1776986469.807368,"e":[[1,0,0.8,243.0],[1,1,0.01,250.0000000000182]]}
{"t":1776986471.840426,"e":[[1,0,0.95,5.0]]}
{"t":1776986472.854091,"e":[[1,0,0.8,493.0],[1,1,0.01,496.0000000000182]]}
{"t":1776986494.109504,"e":[[1,0,0.8,243.0],[1,1,0.01,250.0000000000182]]}
{"t":1776986496.1457589,"e":[[1,0,0.8,493.0],[1,1,0.01,496.0000000000182]]}
{"t":1776986534.6683981,"e":[[1,0,0.8,243.0],[1,1,0.01,250.0000000000182]]}
{"t":1776986537.7171562,"e":[[1,0,0.8,493.0],[1,1,0.01,496.0000000000182]]}
{"t":1776986573.241257,"e":[[1,0,0.8,243.0],[1,1,0.01,250.0000000000182]]}
{"t":1776986575.279156,"e":[[1,0,0.8,493.0],[1,1,0.01,496.0000000000182]]}
{"t":1776986579.318312,"e":[[1,0,0.8,243.0],[1,1,0.01,250.0000000000182]]}
{"t":1776986581.3651452,"e":[[1,0,0.8,493.0],[1,1,0.01,496.0000000000182]]}
{"t":1776986659.255121,"e":[[1,0,0.8,243.0],[1,1,0.01,250.0000000000182]]}
{"t":1776986662.317495,"e":[[1,0,0.8,493.0],[1,1,0.01,496.0000000000182]]}
{"t":1776986680.548555,"e":[[1,0,0.8,243.0],[1,1,0.01,250.0000000000182]]}
{"t":1776986682.5754209,"e":[[1,0,0.8,493.0],[1,1,0.01,496.0000000000182]]}
{"t":1776986705.846477,"e":[[1,0,0.8,243.0],[1,1,0.01,250.0000000000182]]}
{"t":1776986709.9064,"e":[[1,0,0.8,493.0],[1,1,0.01,496.0000000000182]]}
{"t":1776986729.172899,"e":[[1,0,0.8,243.0],[1,1,0.01,250.0000000000182]]}
{"t":1776986734.241397,"e":[[1,0,0.8,493.0],[1,1,0.01,496.0000000000182]]}
{"t":1776986832.4536839,"e":[[1,0,0.8,243.0],[1,1,0.01,250.0000000000182]]}
{"t":1776986837.5276139,"e":[[1,0,0.8,493.0],[1,1,0.01,496.0000000000182]]}
{"t":1776986869.923723,"e":[[1,0,0.8,243.0],[1,1,0.01,250.0000000000182]]}
{"t":1776986873.021698,"e":[[1,0,0.8,493.0],[1,1,0.01,496.0000000000182]]}
{"t":1776986886.168145,"e":[[1,0,0.8,243.0],[1,1,0.01,250.0000000000182]]}
{"t":1776986888.2016718,"e":[[1,0,0.8,493.0],[1,1,0.01,496.0000000000182]]}
{"t":1776986915.520103,"e":[[1,0,0.8,243.0],[1,1,0.01,250.0000000000182]]}
{"t":1776986919.5786638,"e":[[1,0,0.8,493.0],[1,1,0.01,496.0000000000182]]}
{"t":1776986942.903061,"e":[[1,0,0.8,243.0],[1,1,0.01,250.0000000000182]]}
{"t":1776986946.9656582,"e":[[1,0,0.8,493.0],[1,1,0.01,496.0000000000182]]}
{"t":1776986947.983878,"e":[[1,0,0.8,243.0],[1,1,0.01,250.0000000000182]]}
{"t":1776986953.052672,"e":[[1,0,0.8,493.0],[1,1,0.01,496.0000000000182]]}
{"t":1776986964.188865,"e":[[1,0,0.8,243.0],[1,1,0.01,250.0000000000182]]}
{"t":1776986966.217751,"e":[[1,0,0.8,493.0],[1,1,0.01,496.0000000000182]]}
{"t":1776986970.258007,"e":[[1,0,0.8,243.0],[1,1,0.01,250.0000000000182]]}
{"t":1776986972.294152,"e":[[1,0,0.8,493.0],[1,1,0.01,496.0000000000182]]}
{"t":1776986979.398657,"e":[[1,0,0.8,243.0],[1,1,0.01,250.0000000000182]]}
{"t":1776986982.427562,"e":[[1,0,0.8,493.0],[1,1,0.01,496.0000000000182]]}
{"t":1776986996.63327,"e":[[1,0,0.8,243.0],[1,1,0.01,250.0000000000182]]}
{"t":1776986997.66156,"e":[[1,0,0.8,493.0],[1,1,0.01,496.0000000000182]]}
{"t":1776987043.294888,"e":[[1,0,0.8,250.0]]}
{"t":1776987048.358567,"e":[[1,0,0.61,2334.0],[0,0,0.8],[1,0,0.9,192.0]]}
{"t":1776987079.743087,"e":[[1,0,0.61,2266.0],[1,0,0.9,10.0],[1,1,0.01,250.0000000000182]]}
{"t":1776987080.771084,"e":[[1,0,0.9,260.0],[1,1,0.01,500.0000000000182]]}
{"t":1776987127.571431,"e":[[1,0,0.9,10.0],[1,1,0.01,250.0000000000182]]}
{"t":1776987128.5982761,"e":[[1,0,0.61,2334.0],[1,0,0.9,192.0],[1,1,0.01,496.0000000000182]]}
{"t":1776987131.655811,"e":[[1,0,0.61,2266.0],[1,0,0.9,10.0],[1,1,0.01,250.0000000000182]]}
{"t":1776987135.711443,"e":[[1,0,0.61,2334.0],[1,0,0.9,192.0],[1,1,0.01,496.0000000000182]]}
{"t":1776987144.8593578,"e":[[1,0,0.61,2266.0],[1,0,0.9,10.0],[1,1,0.01,250.0000000000182]]}
{"t":1776987148.931984,"e":[[1,0,0.61,2334.0],[1,0,0.9,192.0],[1,1,0.01,496.0000000000182]]}
{"t":1776987208.6758132,"e":[[1,0,0.61,2266.0],[1,0,0.9,10.0],[1,1,0.01,250.0000000000182]]}
{"t":1776987211.718431,"e":[[1,0,0.61,2334.0],[1,0,0.9,192.0],[1,1,0.01,496.0000000000182]]}
{"t":1776987268.385867,"e":[[1,0,0.61,2266.0],[1,0,0.9,10.0],[1,1,0.01,250.0000000000182]]}
{"t":1776987271.432161,"e":[[1,0,0.61,2334.0],[1,0,0.9,192.0],[1,1,0.01,496.0000000000182]]}
{"t":1776987303.8303108,"e":[[0,0,0.95]]}
{"t":1776987307.884866,"e":[[1,0,0.9,10.0],[1,0,0.61,2266.0],[1,1,0.01,250.0000000000182]]}
{"t":1776987309.920022,"e":[[1,0,0.9,192.0],[1,0,0.61,2334.0],[1,1,0.01,496.0000000000182]]}
{"t":1776987317.0173628,"e":[[1,0,0.9,10.0],[1,0,0.61,2266.0],[1,1,0.01,250.0000000000182]]}
{"t":1776987318.03879,"e":[[1,0,0.9,192.0],[1,0,0.61,2334.0],[1,1,0.01,496.0000000000182]]}
{"t":1776987362.556312,"e":[[1,0,0.9,10.0],[1,0,0.61,2266.0],[1,1,0.01,250.0000000000182]]}
{"t":1776987366.622816,"e":[[1,0,0.9,192.0],[1,0,0.61,2334.0],[1,1,0.01,496.0000000000182]]}
{"t":1776987381.8079062,"e":[[1,0,0.95,5.0],[1,1,0.01,501.0000000000182]]}
{"t":1776987388.8948748,"e":[[1,0,0.61,2266.0],[1,0,0.9,10.0],[1,1,0.01,255.0000000000182]]}
{"t":1776987392.957681,"e":[[1,0,0.61,2334.0],[1,0,0.9,192.0],[1,1,0.01,505.0000000000182]]}
{"t":1776987480.037149,"e":[[1,0,0.61,2266.0],[1,0,0.9,10.0],[1,1,0.01,255.0000000000182]]}
{"t":1776987481.0704799,"e":[[1,0,0.9,260.0],[1,1,0.01,505.0000000000182]]}
{"t":1776987509.499563,"e":[[1,0,0.9,10.0],[1,1,0.01,255.0000000000182]]}
{"t":1776987512.555327,"e":[[1,0,0.61,2334.0],[1,0,0.9,192.0],[1,1,0.01,505.0000000000182]]}
{"t":1776987531.878761,"e":[[1,0,0.61,2266.0],[1,0,0.9,10.0],[1,1,0.01,255.0000000000182]]}
{"t":1776987532.89665,"e":[[1,0,0.61,2334.0],[1,0,0.9,192.0],[1,1,0.01,505.0000000000182]]}
{"t":1776987546.0651488,"e":[[1,0,0.61,2266.0],[1,0,0.9,10.0],[1,1,0.01,255.0000000000182]]}
{"t":1776987548.090229,"e":[[1,0,0.61,2334.0],[1,0,0.9,192.0],[1,1,0.01,505.0000000000182]]}
{"t":1776987565.324453,"e":[[1,0,0.61,2266.0],[1,0,0.9,10.0],[1,1,0.01,255.0000000000182]]}
{"t":1776987568.358059,"e":[[1,0,0.61,2334.0],[1,0,0.9,192.0],[1,1,0.01,505.0000000000182]]}
{"t":1776987570.385914,"e":[[1,0,0.61,2266.0],[1,0,0.9,10.0],[1,1,0.01,255.0000000000182]]}
{"t":1776987571.411482,"e":[[1,0,0.9,260.0],[1,1,0.01,505.0000000000182]]}
{"t":1776987577.4838452,"e":[[1,0,0.9,10.0],[1,1,0.01,255.0000000000182]]}
{"t":1776987579.517474,"e":[[1,0,0.61,2334.0],[1,0,0.9,192.0],[1,1,0.01,505.0000000000182]]}
{"t":1776987586.6072462,"e":[[1,0,0.61,2266.0],[1,0,0.9,10.0],[1,1,0.01,255.0000000000182]]}
{"t":1776987588.64445,"e":[[1,0,0.61,2334.0],[1,0,0.9,192.0],[1,1,0.01,505.0000000000182]]}
{"t":1776987593.725282,"e":[[1,0,0.61,2266.0],[1,0,0.9,10.0],[1,1,0.01,255.0000000000182]]}
{"t":1776987594.758166,"e":[[1,0,0.61,2334.0],[1,0,0.9,192.0],[1,1,0.01,505.0000000000182]]}
{"t":1776987620.079356,"e":[[1,0,0.61,2266.0],[1,0,0.9,10.0],[1,1,0.01,255.0000000000182]]}
{"t":1776987622.1203682,"e":[[1,0,0.61,2334.0],[1,0,0.9,192.0],[1,1,0.01,505.0000000000182]]}
{"t":1776987647.358795,"e":[[1,0,0.61,2266.0],[1,0,0.9,10.0],[1,1,0.01,255.0000000000182]]}
{"t":1776987648.369152,"e":[[1,0,0.61,2334.0],[1,0,0.9,192.0],[1,1,0.01,505.0000000000182]]}
{"t":1776987655.4332852,"e":[[1,0,0.61,2266.0],[1,0,0.9,10.0],[1,1,0.01,255.0000000000182]]}
{"t":1776987781.315525,"e":[[0,0,0.9]]}
{"t":1776988048.370343,"e":[[0,0,0.95],[1,0,0.94,1131.42]]}
