{"t": 1776975854.366905, "events": [{"op": "set", "side": "bid", "price": 0.06, "size": 32.0}, {"op": "set", "side": "ask", "price": 0.55, "size": 41.0}]}
{"t": 1776975855.3857431, "events": [{"op": "set", "side": "bid", "price": 0.38, "size": 35.0}, {"op": "set", "side": "bid", "price": 0.29, "size": 30.0}, {"op": "set", "side": "ask", "price": 0.61, "size": 327.86}]}
{"t": 1776975856.396708, "events": [{"op": "set", "side": "bid", "price": 0.38, "size": 1000.0}, {"op": "set", "side": "bid", "price": 0.3, "size": 28.0}, {"op": "set", "side": "ask", "price": 0.55, "size": 50.0}]}
{"t": 1776975858.419916, "events": [{"op": "set", "side": "bid", "price": 0.38, "size": 1023.0}, {"op": "set", "side": "bid", "price": 0.29, "size": 80.0}, {"op": "delete", "side": "bid", "price": 0.3}, {"op": "set", "side": "ask", "price": 0.55, "size": 9.0}, {"op": "set", "side": "ask", "price": 0.56, "size": 40.0}]}
{"t": 1776975859.432927, "events": [{"op": "set", "side": "bid", "price": 0.38, "size": 34.0}, {"op": "set", "side": "bid", "price": 0.29, "size": 30.0}, {"op": "set", "side": "bid", "price": 0.3, "size": 50.0}, {"op": "set", "side": "ask", "price": 0.54, "size": 500.0}, {"op": "delete", "side": "ask", "price": 0.55}]}
{"t": 1776975860.4405582, "events": [{"op": "set", "side": "bid", "price": 0.38, "size": 1023.0}, {"op": "delete", "side": "bid", "price": 0.3}, {"op": "set", "side": "ask", "price": 0.54, "size": 1102.0}, {"op": "set", "side": "ask", "price": 0.61, "size": 335.86}]}
{"t": 1776975862.460769, "events": [{"op": "delete", "side": "bid", "price": 0.29}, {"op": "delete", "side": "bid", "price": 0.05}]}
{"t": 1776975863.466253, "events": [{"op": "delete", "side": "ask", "price": 0.56}, {"op": "set", "side": "ask", "price": 0.55, "size": 42.0}]}
{"t": 1776975866.4869819, "events": [{"op": "set", "side": "bid", "price": 0.38, "size": 1548.0}, {"op": "delete", "side": "bid", "price": 0.37}, {"op": "set", "side": "bid", "price": 0.07, "size": 33.0}, {"op": "set", "side": "ask", "price": 0.54, "size": 1101.0}, {"op": "set", "side": "ask", "price": 0.55, "size": 50.0}, {"op": "set", "side": "ask", "price": 0.61, "size": 327.86}]}
{"t": 1776975867.501479, "events": [{"op": "set", "side": "bid", "price": 0.32, "size": 1.0}]}
{"t": 1776975868.5054138, "events": [{"op": "delete", "side": "bid", "price": 0.07}, {"op": "set", "side": "ask", "price": 0.55, "size": 8.0}]}
{"t": 1776975869.519797, "events": [{"op": "delete", "side": "bid", "price": 0.38}, {"op": "delete", "side": "bid", "price": 0.32}, {"op": "set", "side": "bid", "price": 0.33, "size": 28.0}, {"op": "delete", "side": "ask", "price": 0.55}, {"op": "set", "side": "ask", "price": 0.56, "size": 40.0}]}
{"t": 1776975870.536895, "events": [{"op": "set", "side": "bid", "price": 0.33, "size": 58.0}, {"op": "set", "side": "bid", "price": 0.35, "size": 660.0}, {"op": "set", "side": "bid", "price": 0.34, "size": 103.0}, {"op": "set", "side": "ask", "price": 0.61, "size": 335.86}]}
{"t": 1776975871.54954, "events": [{"op": "set", "side": "bid", "price": 0.34, "size": 101.0}, {"op": "set", "side": "bid", "price": 0.36, "size": 20.0}]}
{"t": 1776975873.562508, "events": [{"op": "set", "side": "bid", "price": 0.36, "size": 43.0}, {"op": "set", "side": "bid", "price": 0.33, "size": 30.0}, {"op": "delete", "side": "ask", "price": 0.56}, {"op": "set", "side": "ask", "price": 0.55, "size": 43.0}]}
{"t": 1776975878.59487, "events": [{"op": "delete", "side": "bid", "price": 0.36}, {"op": "delete", "side": "bid", "price": 0.35}, {"op": "delete", "side": "bid", "price": 0.34}, {"op": "delete", "side": "bid", "price": 0.33}, {"op": "set", "side": "bid", "price": 0.06, "size": 10.0}, {"op": "set", "side": "bid", "price": 0.11, "size": 17.0}, {"op": "set", "side": "bid", "price": 0.07, "size": 35.0}, {"op": "set", "side": "bid", "price": 0.02, "size": 500.0}, {"op": "delete", "side": "ask", "price": 0.54}, {"op": "delete", "side": "ask", "price": 0.55}, {"op": "set", "side": "ask", "price": 0.61, "size": 327.86}, {"op": "set", "side": "ask", "price": 0.62, "size": 41.0}, {"op": "set", "side": "ask", "price": 0.63, "size": 46.0}]}
{"t": 1776975879.608191, "events": [{"op": "set", "side": "bid", "price": 0.2, "size": 1.0}, {"op": "set", "side": "bid", "price": 0.05, "size": 100.0}, {"op": "set", "side": "bid", "price": 0.01, "size": 1024.0}, {"op": "set", "side": "ask", "price": 0.62, "size": 15.0}, {"op": "set", "side": "ask", "price": 0.64, "size": 25.0}]}
{"t": 1776975880.618389, "events": [{"op": "set", "side": "bid", "price": 0.08, "size": 32.0}]}
{"t": 1776975882.637974, "events": [{"op": "set", "side": "bid", "price": 0.2, "size": 3.0}, {"op": "delete", "side": "bid", "price": 0.06}, {"op": "set", "side": "bid", "price": 0.23, "size": 9.999999999999993}, {"op": "set", "side": "bid", "price": 0.22, "size": 660.0}, {"op": "set", "side": "bid", "price": 0.21, "size": 107.0}, {"op": "set", "side": "bid", "price": 0.11, "size": 1.0}, {"op": "delete", "side": "bid", "price": 0.05}, {"op": "set", "side": "ask", "price": 0.53, "size": 598.0}, {"op": "set", "side": "ask", "price": 0.61, "size": 626.86}, {"op": "set", "side": "ask", "price": 0.62, "size": 592.0}, {"op": "set", "side": "ask", "price": 0.63, "size": 52.0}]}
{"t": 1776975883.6573179, "events": [{"op": "delete", "side": "bid", "price": 0.23}, {"op": "set", "side": "bid", "price": 0.25, "size": 67.0}, {"op": "set", "side": "bid", "price": 0.24, "size": 38.0}, {"op": "delete", "side": "bid", "price": 0.08}, {"op": "set", "side": "ask", "price": 0.63, "size": 56.0}, {"op": "set", "side": "ask", "price": 0.64, "size": 67.0}]}
{"t": 1776975888.692513, "events": [{"op": "set", "side": "bid", "price": 0.24, "size": 10.0}, {"op": "set", "side": "bid", "price": 0.26, "size": 27.0}]}
{"t": 1776975889.700941, "events": [{"op": "set", "side": "bid", "price": 0.26, "size": 54.0}, {"op": "set", "side": "bid", "price": 0.25, "size": 17.0}, {"op": "delete", "side": "bid", "price": 0.22}, {"op": "delete", "side": "bid", "price": 0.24}, {"op": "delete", "side": "bid", "price": 0.21}, {"op": "delete", "side": "bid", "price": 0.2}, {"op": "delete", "side": "bid", "price": 0.07}, {"op": "set", "side": "bid", "price": 0.28, "size": 660.0}, {"op": "set", "side": "bid", "price": 0.27, "size": 130.0}, {"op": "set", "side": "bid", "price": 0.11, "size": 10.0}, {"op": "set", "side": "bid", "price": 0.05, "size": 29.0}, {"op": "set", "side": "bid", "price": 0.23, "size": 50.0}, {"op": "set", "side": "ask", "price": 0.53, "size": 300.0}, {"op": "set", "side": "ask", "price": 0.61, "size": 771.86}, {"op": "set", "side": "ask", "price": 0.62, "size": 441.0}, {"op": "set", "side": "ask", "price": 0.63, "size": 375.0}, {"op": "set", "side": "ask", "price": 0.64, "size": 71.0}]}
{"t": 1776975890.720798, "events": [{"op": "delete", "side": "bid", "price": 0.23}, {"op": "set", "side": "bid", "price": 0.29, "size": 62.47}, {"op": "set", "side": "ask", "price": 0.62, "size": 426.0}, {"op": "set", "side": "ask", "price": 0.64, "size": 86.0}]}
{"t": 1776975893.74344, "events": [{"op": "set", "side": "bid", "price": 0.29, "size": 88.47}, {"op": "set", "side": "bid", "price": 0.26, "size": 27.0}]}
{"t": 1776975913.861079, "events": [{"op": "set", "side": "bid", "price": 0.29, "size": 44.0}, {"op": "delete", "side": "bid", "price": 0.28}, {"op": "delete", "side": "bid", "price": 0.26}, {"op": "delete", "side": "bid", "price": 0.25}, {"op": "delete", "side": "bid", "price": 0.27}, {"op": "delete", "side": "bid", "price": 0.05}, {"op": "set", "side": "ask", "price": 0.61, "size": 648.86}, {"op": "delete", "side": "ask", "price": 0.62}, {"op": "set", "side": "ask", "price": 0.63, "size": 56.0}]}
{"t": 1776975914.8911412, "events": [{"op": "set", "side": "bid", "price": 0.29, "size": 101.0}, {"op": "set", "side": "bid", "price": 0.1, "size": 18.0}, {"op": "set", "side": "bid", "price": 0.32, "size": 24.0}, {"op": "set", "side": "bid", "price": 0.3, "size": 181.0}, {"op": "set", "side": "bid", "price": 0.31, "size": 660.0}, {"op": "set", "side": "bid", "price": 0.11, "size": 65.0}, {"op": "set", "side": "bid", "price": 0.05, "size": 54.0}, {"op": "set", "side": "bid", "price": 0.01, "size": 1000.0}, {"op": "set", "side": "ask", "price": 0.25, "size": 36.0}, {"op": "set", "side": "ask", "price": 0.53, "size": 575.0}, {"op": "set", "side": "ask", "price": 0.63, "size": 518.0}, {"op": "set", "side": "ask", "price": 0.64, "size": 72.0}]}
{"t": 1776975915.9392462, "events": [{"op": "set", "side": "bid", "price": 0.29, "size": 83.0}, {"op": "set", "side": "bid", "price": 0.33, "size": 17.0}]}
{"t": 1776975916.9452019, "events": [{"op": "delete", "side": "bid", "price": 0.29}, {"op": "delete", "side": "bid", "price": 0.31}, {"op": "delete", "side": "bid", "price": 0.3}, {"op": "set", "side": "bid", "price": 0.1, "size": 17.0}, {"op": "set", "side": "bid", "price": 0.06, "size": 100.0}, {"op": "set", "side": "bid", "price": 0.11, "size": 10.0}, {"op": "set", "side": "ask", "price": 0.53, "size": 300.0}, {"op": "set", "side": "ask", "price": 0.61, "size": 626.86}, {"op": "set", "side": "ask", "price": 0.63, "size": 478.0}, {"op": "set", "side": "ask", "price": 0.64, "size": 71.0}]}
{"t": 1776975917.960892, "events": [{"op": "set", "side": "bid", "price": 0.33, "size": 27.0}, {"op": "delete", "side": "bid", "price": 0.06}, {"op": "set", "side": "bid", "price": 0.32, "size": 42.0}, {"op": "set", "side": "bid", "price": 0.35, "size": 660.0}, {"op": "set", "side": "bid", "price": 0.34, "size": 130.0}, {"op": "set", "side": "ask", "price": 0.61, "size": 774.86}, {"op": "set", "side": "ask", "price": 0.63, "size": 428.0}, {"op": "set", "side": "ask", "price": 0.64, "size": 363.0}, {"op": "set", "side": "ask", "price": 0.62, "size": 36.0}]}
{"t": 1776975918.9692569, "events": [{"op": "set", "side": "bid", "price": 0.32, "size": 18.0}, {"op": "set", "side": "bid", "price": 0.33, "size": 52.0}]}
{"t": 1776975922.992624, "events": [{"op": "set", "side": "ask", "price": 0.63, "size": 528.0}]}
{"t": 1776975934.028235, "events": [{"op": "set", "side": "bid", "price": 0.34, "size": 154.0}, {"op": "set", "side": "bid", "price": 0.33, "size": 27.0}]}
{"t": 1776975940.061205, "events": [{"op": "delete", "side": "bid", "price": 0.35}, {"op": "delete", "side": "bid", "price": 0.32}, {"op": "set", "side": "bid", "price": 0.34, "size": 24.0}, {"op": "delete", "side": "bid", "price": 0.33}, {"op": "set", "side": "ask", "price": 0.61, "size": 327.86}, {"op": "set", "side": "ask", "price": 0.63, "size": 100.0}, {"op": "set", "side": "ask", "price": 0.64, "size": 25.0}]}
{"t": 1776975942.095907, "events": [{"op": "set", "side": "bid", "price": 0.34, "size": 48.0}, {"op": "set", "side": "bid", "price": 0.11, "size": 25.0}, {"op": "delete", "side": "bid", "price": 0.05}, {"op": "set", "side": "bid", "price": 0.35, "size": 128.0}, {"op": "set", "side": "bid", "price": 0.01, "size": 1048.0}, {"op": "set", "side": "ask", "price": 0.53, "size": 598.0}, {"op": "set", "side": "ask", "price": 0.61, "size": 626.86}, {"op": "set", "side": "ask", "price": 0.62, "size": 613.0}, {"op": "set", "side": "ask", "price": 0.63, "size": 106.0}, {"op": "set", "side": "ask", "price": 0.54, "size": 50.0}]}
{"t": 1776975943.110956, "events": [{"op": "set", "side": "bid", "price": 0.35, "size": 788.0}, {"op": "set", "side": "bid", "price": 0.34, "size": 24.0}, {"op": "set", "side": "bid", "price": 0.28, "size": 1.0}, {"op": "set", "side": "ask", "price": 0.62, "size": 577.0}]}
{"t": 1776975944.1347961, "events": [{"op": "set", "side": "bid", "price": 0.29, "size": 29.0}, {"op": "set", "side": "ask", "price": 0.62, "size": 611.0}]}
{"t": 1776975945.176098, "events": [{"op": "delete", "side": "bid", "price": 0.35}, {"op": "delete", "side": "bid", "price": 0.28}, {"op": "set", "side": "bid", "price": 0.11, "size": 10.0}, {"op": "delete", "side": "bid", "price": 0.34}, {"op": "set", "side": "ask", "price": 0.25, "size": 21.0}, {"op": "set", "side": "ask", "price": 0.53, "size": 300.0}, {"op": "delete", "side": "ask", "price": 0.54}, {"op": "set", "side": "ask", "price": 0.62, "size": 41.0}, {"op": "set", "side": "ask", "price": 0.63, "size": 100.0}, {"op": "set", "side": "ask", "price": 0.64, "size": 40.0}]}
{"t": 1776975948.2322109, "events": [{"op": "set", "side": "bid", "price": 0.29, "size": 27.0}, {"op": "delete", "side": "bid", "price": 0.11}, {"op": "set", "side": "bid", "price": 0.31, "size": 66.0}, {"op": "set", "side": "bid", "price": 0.28, "size": 23.0}, {"op": "set", "side": "bid", "price": 0.3, "size": 35.0}, {"op": "set", "side": "ask", "price": 0.61, "size": 941.86}, {"op": "set", "side": "ask", "price": 0.62, "size": 22.0}, {"op": "set", "side": "ask", "price": 0.64, "size": 25.0}, {"op": "set", "side": "ask", "price": 0.54, "size": 496.0}]}
{"t": 1776975949.255933, "events": [{"op": "set", "side": "bid", "price": 0.32, "size": 23.0}, {"op": "set", "side": "bid", "price": 0.05, "size": 10.0}, {"op": "set", "side": "ask", "price": 0.64, "size": 62.0}]}
{"t": 1776975950.291745, "events": [{"op": "set", "side": "bid", "price": 0.27, "size": 1.0}]}
{"t": 1776975951.2976189, "events": [{"op": "delete", "side": "bid", "price": 0.28}, {"op": "delete", "side": "bid", "price": 0.29}, {"op": "delete", "side": "bid", "price": 0.3}, {"op": "delete", "side": "bid", "price": 0.31}, {"op": "set", "side": "ask", "price": 0.25, "size": 36.0}, {"op": "delete", "side": "ask", "price": 0.54}, {"op": "set", "side": "ask", "price": 0.61, "size": 327.86}, {"op": "delete", "side": "ask", "price": 0.62}, {"op": "set", "side": "ask", "price": 0.64, "size": 37.0}, {"op": "set", "side": "ask", "price": 0.65, "size": 250.0}, {"op": "set", "side": "ask", "price": 0.66, "size": 24.0}]}
{"t": 1776975953.32274, "events": [{"op": "delete", "side": "bid", "price": 0.32}, {"op": "set", "side": "bid", "price": 0.05, "size": 42.0}, {"op": "set", "side": "ask", "price": 0.25, "size": 21.0}, {"op": "delete", "side": "ask", "price": 0.64}, {"op": "set", "side": "ask", "price": 0.67, "size": 40.0}, {"op": "set", "side": "ask", "price": 0.66, "size": 39.0}]}
{"t": 1776975954.332581, "events": [{"op": "set", "side": "bid", "price": 0.27, "size": 15.0}, {"op": "set", "side": "bid", "price": 0.32, "size": 22.0}, {"op": "set", "side": "ask", "price": 0.61, "size": 823.86}, {"op": "set", "side": "ask", "price": 0.63, "size": 747.0}, {"op": "set", "side": "ask", "price": 0.67, "size": 58.0}, {"op": "set", "side": "ask", "price": 0.64, "size": 57.0}, {"op": "set", "side": "ask", "price": 0.66, "size": 15.0}]}
{"t": 1776975955.341995, "events": [{"op": "set", "side": "bid", "price": 0.32, "size": 808.0}, {"op": "delete", "side": "ask", "price": 0.66}]}
{"t": 1776975959.372451, "events": [{"op": "delete", "side": "bid", "price": 0.32}, {"op": "set", "side": "bid", "price": 0.27, "size": 6.0}, {"op": "set", "side": "bid", "price": 0.1, "size": 20.0}, {"op": "set", "side": "bid", "price": 0.29, "size": 9.0}, {"op": "set", "side": "bid", "price": 0.28, "size": 7.0}, {"op": "set", "side": "bid", "price": 0.05, "size": 43.0}, {"op": "set", "side": "bid", "price": 0.11, "size": 17.0}, {"op": "set", "side": "ask", "price": 0.61, "size": 764.86}, {"op": "set", "side": "ask", "price": 0.63, "size": 538.0}, {"op": "set", "side": "ask", "price": 0.64, "size": 400.0}, {"op": "set", "side": "ask", "price": 0.65, "size": 254.0}, {"op": "set", "side": "ask", "price": 0.66, "size": 65.0}]}
{"t": 1776975963.398977, "events": [{"op": "set", "side": "bid", "price": 0.27, "size": 5.0}, {"op": "set", "side": "bid", "price": 0.05, "size": 10.0}]}
{"t": 1776975964.407889, "events": [{"op": "set", "side": "bid", "price": 0.22, "size": 50.0}, {"op": "set", "side": "bid", "price": 0.12, "size": 32.0}]}
{"t": 1776975965.424205, "events": [{"op": "delete", "side": "bid", "price": 0.11}]}
{"t": 1776975968.4348412, "events": [{"op": "delete", "side": "bid", "price": 0.22}, {"op": "delete", "side": "bid", "price": 0.12}, {"op": "set", "side": "bid", "price": 0.23, "size": 29.0}, {"op": "set", "side": "ask", "price": 0.65, "size": 4.0}, {"op": "set", "side": "ask", "price": 0.66, "size": 15.0}]}
{"t": 1776975971.450849, "events": [{"op": "delete", "side": "bid", "price": 0.29}, {"op": "delete", "side": "bid", "price": 0.28}, {"op": "delete", "side": "bid", "price": 0.27}, {"op": "delete", "side": "ask", "price": 0.64}, {"op": "delete", "side": "ask", "price": 0.65}]}
{"t": 1776975972.4612129, "events": [{"op": "set", "side": "ask", "price": 0.63, "size": 106.0}]}
{"t": 1776975973.468818, "events": [{"op": "set", "side": "bid", "price": 0.23, "size": 28.0}, {"op": "set", "side": "bid", "price": 0.1, "size": 35.0}, {"op": "set", "side": "bid", "price": 0.25, "size": 58.0}, {"op": "set", "side": "bid", "price": 0.24, "size": 35.0}, {"op": "set", "side": "ask", "price": 0.5, "size": 362.0}, {"op": "set", "side": "ask", "price": 0.53, "size": 622.0}, {"op": "set", "side": "ask", "price": 0.61, "size": 911.86}]}
{"t": 1776975974.486274, "events": [{"op": "set", "side": "bid", "price": 0.26, "size": 26.0}]}
{"t": 1776975977.5051599, "events": [{"op": "delete", "side": "bid", "price": 0.25}, {"op": "delete", "side": "bid", "price": 0.23}, {"op": "delete", "side": "bid", "price": 0.24}, {"op": "set", "side": "bid", "price": 0.05, "size": 52.0}, {"op": "set", "side": "bid", "price": 0.06, "size": 16.0}, {"op": "set", "side": "bid", "price": 0.01, "size": 1000.0}, {"op": "set", "side": "ask", "price": 0.5, "size": 64.0}, {"op": "set", "side": "ask", "price": 0.61, "size": 764.86}]}
{"t": 1776975978.524107, "events": [{"op": "set", "side": "bid", "price": 0.1, "size": 33.0}, {"op": "set", "side": "bid", "price": 0.28, "size": 62.0}, {"op": "set", "side": "bid", "price": 0.27, "size": 32.0}, {"op": "set", "side": "ask", "price": 0.53, "size": 747.0}, {"op": "set", "side": "ask", "price": 0.61, "size": 755.86}, {"op": "set", "side": "ask", "price": 0.63, "size": 434.0}, {"op": "set", "side": "ask", "price": 0.64, "size": 4.0}]}
{"t": 1776975979.530004, "events": [{"op": "set", "side": "bid", "price": 0.29, "size": 24.0}]}
{"t": 1776975989.593303, "events": [{"op": "delete", "side": "bid", "price": 0.28}, {"op": "delete", "side": "bid", "price": 0.26}, {"op": "set", "side": "bid", "price": 0.1, "size": 32.0}, {"op": "delete", "side": "bid", "price": 0.27}, {"op": "set", "side": "bid", "price": 0.31, "size": 57.0}, {"op": "set", "side": "bid", "price": 0.3, "size": 30.0}, {"op": "set", "side": "bid", "price": 0.23, "size": 50.0}, {"op": "set", "side": "ask", "price": 0.5, "size": 362.0}, {"op": "set", "side": "ask", "price": 0.53, "size": 622.0}, {"op": "set", "side": "ask", "price": 0.61, "size": 911.86}, {"op": "set", "side": "ask", "price": 0.63, "size": 106.0}, {"op": "set", "side": "ask", "price": 0.64, "size": 50.0}]}
{"t": 1776975990.615396, "events": [{"op": "set", "side": "bid", "price": 0.3, "size": 53.0}, {"op": "set", "side": "ask", "price": 0.67, "size": 18.0}, {"op": "set", "side": "ask", "price": 0.65, "size": 37.0}]}
{"t": 1776975991.6244469, "events": [{"op": "set", "side": "ask", "price": 0.67, "size": 23.0}]}
{"t": 1776975993.639185, "events": [{"op": "set", "side": "bid", "price": 0.3, "size": 30.0}, {"op": "delete", "side": "ask", "price": 0.65}]}
{"t": 1776975994.652439, "events": [{"op": "set", "side": "bid", "price": 0.31, "size": 81.0}, {"op": "set", "side": "ask", "price": 0.65, "size": 37.0}]}
{"t": 1776976002.718677, "events": [{"op": "set", "side": "bid", "price": 0.31, "size": 18.0}, {"op": "delete", "side": "bid", "price": 0.29}, {"op": "set", "side": "bid", "price": 0.1, "size": 17.0}, {"op": "delete", "side": "bid", "price": 0.3}, {"op": "set", "side": "bid", "price": 0.23, "size": 66.0}, {"op": "delete", "side": "bid", "price": 0.06}, {"op": "set", "side": "bid", "price": 0.05, "size": 10.0}, {"op": "set", "side": "bid", "price": 0.32, "size": 101.0}, {"op": "set", "side": "bid", "price": 0.01, "size": 1043.0}, {"op": "set", "side": "ask", "price": 0.5, "size": 64.0}, {"op": "set", "side": "ask", "price": 0.53, "size": 300.0}, {"op": "set", "side": "ask", "price": 0.61, "size": 823.86}, {"op": "set", "side": "ask", "price": 0.63, "size": 747.0}, {"op": "set", "side": "ask", "price": 0.64, "size": 57.0}]}
{"t": 1776976003.738184, "events": [{"op": "set", "side": "bid", "price": 0.32, "size": 124.0}, {"op": "set", "side": "ask", "price": 0.65, "size": 35.0}]}
{"t": 1776976005.821455, "events": [{"op": "set", "side": "bid", "price": 0.32, "size": 193.0}, {"op": "set", "side": "bid", "price": 0.23, "size": 71.0}, {"op": "delete", "side": "bid", "price": 0.31}, {"op": "set", "side": "bid", "price": 0.05, "size": 25.0}, {"op": "set", "side": "ask", "price": 0.61, "size": 764.86}, {"op": "set", "side": "ask", "price": 0.63, "size": 538.0}, {"op": "set", "side": "ask", "price": 0.64, "size": 450.0}, {"op": "set", "side": "ask", "price": 0.65, "size": 39.0}]}
{"t": 1776976008.8495371, "events": [{"op": "set", "side": "ask", "price": 0.65, "size": 4.0}, {"op": "set", "side": "ask", "price": 0.66, "size": 45.0}]}
{"t": 1776976011.8745532, "events": [{"op": "set", "side": "bid", "price": 0.32, "size": 49.0}, {"op": "set", "side": "bid", "price": 0.23, "size": 66.0}]}
{"t": 1776976012.8924701, "events": [{"op": "set", "side": "bid", "price": 0.23, "size": 35.0}, {"op": "set", "side": "bid", "price": 0.24, "size": 29.0}]}
{"t": 1776976013.8963861, "events": [{"op": "set", "side": "bid", "price": 0.32, "size": 253.0}, {"op": "set", "side": "ask", "price": 0.66, "size": 49.0}]}
{"t": 1776976018.944151, "events": [{"op": "set", "side": "ask", "price": 0.65, "size": 39.0}, {"op": "set", "side": "ask", "price": 0.66, "size": 15.0}]}
{"t": 1776976021.967751, "events": [{"op": "delete", "side": "bid", "price": 0.32}, {"op": "delete", "side": "bid", "price": 0.23}]}
{"t": 1776976022.983882, "events": [{"op": "set", "side": "bid", "price": 0.24, "size": 57.0}, {"op": "set", "side": "bid", "price": 0.1, "size": 35.0}, {"op": "set", "side": "bid", "price": 0.27, "size": 18.0}, {"op": "set", "side": "bid", "price": 0.26, "size": 660.0}, {"op": "set", "side": "bid", "price": 0.25, "size": 130.0}]}
{"t": 1776976023.989538, "events": [{"op": "set", "side": "bid", "price": 0.27, "size": 45.0}, {"op": "set", "side": "bid", "price": 0.24, "size": 28.0}, {"op": "set", "side": "ask", "price": 0.65, "size": 4.0}, {"op": "set", "side": "ask", "price": 0.67, "size": 59.0}]}
{"t": 1776976027.025457, "events": [{"op": "set", "side": "bid", "price": 0.06, "size": 39.0}, {"op": "set", "side": "bid", "price": 0.01, "size": 1000.0}, {"op": "set", "side": "ask", "price": 0.67, "size": 76.0}]}
{"t": 1776976030.0649989, "events": [{"op": "delete", "side": "bid", "price": 0.26}, {"op": "delete", "side": "bid", "price": 0.24}, {"op": "delete", "side": "bid", "price": 0.25}]}
{"t": 1776976031.0763671, "events": [{"op": "set", "side": "bid", "price": 0.27, "size": 44.0}, {"op": "set", "side": "bid", "price": 0.1, "size": 44.0}, {"op": "set", "side": "bid", "price": 0.3, "size": 40.0}, {"op": "set", "side": "bid", "price": 0.28, "size": 55.0}, {"op": "set", "side": "bid", "price": 0.29, "size": 100.0}, {"op": "set", "side": "bid", "price": 0.05, "size": 10.0}, {"op": "set", "side": "bid", "price": 0.01, "size": 1016.0}]}
{"t": 1776976035.113673, "events": [{"op": "delete", "side": "bid", "price": 0.05}, {"op": "delete", "side": "ask", "price": 0.66}]}
{"t": 1776976037.123434, "events": [{"op": "set", "side": "bid", "price": 0.3, "size": 45.0}, {"op": "set", "side": "ask", "price": 0.64, "size": 393.37}, {"op": "set", "side": "ask", "price": 0.65, "size": 6.0}, {"op": "delete", "side": "ask", "price": 0.67}]}
{"t": 1776976038.1259038, "events": [{"op": "set", "side": "ask", "price": 0.65, "size": 34.84}]}
{"t": 1776976039.130999, "events": [{"op": "delete", "side": "bid", "price": 0.28}, {"op": "delete", "side": "bid", "price": 0.29}, {"op": "delete", "side": "bid", "price": 0.27}, {"op": "set", "side": "ask", "price": 0.61, "size": 755.86}, {"op": "set", "side": "ask", "price": 0.63, "size": 107.0}, {"op": "set", "side": "ask", "price": 0.64, "size": 39.00000000000001}]}
{"t": 1776976040.136569, "events": [{"op": "set", "side": "bid", "price": 0.33, "size": 23.0}, {"op": "set", "side": "bid", "price": 0.31, "size": 55.0}, {"op": "set", "side": "bid", "price": 0.32, "size": 106.0}, {"op": "set", "side": "ask", "price": 0.53, "size": 796.0}, {"op": "set", "side": "ask", "price": 0.61, "size": 941.86}, {"op": "set", "side": "ask", "price": 0.65, "size": 6.0000000000000036}]}
{"t": 1776976041.146323, "events": [{"op": "set", "side": "bid", "price": 0.1, "size": 31.0}, {"op": "delete", "side": "bid", "price": 0.31}, {"op": "delete", "side": "bid", "price": 0.32}, {"op": "delete", "side": "bid", "price": 0.3}, {"op": "set", "side": "bid", "price": 0.34, "size": 22.0}, {"op": "set", "side": "ask", "price": 0.53, "size": 300.0}, {"op": "set", "side": "ask", "price": 0.61, "size": 823.86}, {"op": "set", "side": "ask", "price": 0.63, "size": 106.0}, {"op": "set", "side": "ask", "price": 0.62, "size": 50.0}]}
{"t": 1776976042.1519518, "events": [{"op": "set", "side": "bid", "price": 0.34, "size": 791.0}, {"op": "set", "side": "bid", "price": 0.33, "size": 45.0}, {"op": "set", "side": "bid", "price": 0.26, "size": 50.0}, {"op": "delete", "side": "ask", "price": 0.62}, {"op": "set", "side": "ask", "price": 0.63, "size": 747.0}, {"op": "set", "side": "ask", "price": 0.65, "size": 3.552713678800501e-15}, {"op": "set", "side": "ask", "price": 0.55, "size": 50.0}, {"op": "set", "side": "ask", "price": 0.64, "size": 46.00000000000001}]}
{"t": 1776976043.1629992, "events": [{"op": "set", "side": "bid", "price": 0.33, "size": 22.0}, {"op": "set", "side": "ask", "price": 0.64, "size": 7.000000000000007}]}
{"t": 1776976044.185159, "events": [{"op": "set", "side": "bid", "price": 0.34, "size": 24.0}, {"op": "delete", "side": "bid", "price": 0.26}, {"op": "set", "side": "bid", "price": 0.1, "size": 17.0}, {"op": "delete", "side": "bid", "price": 0.33}, {"op": "set", "side": "bid", "price": 0.23, "size": 50.0}, {"op": "delete", "side": "ask", "price": 0.55}, {"op": "set", "side": "ask", "price": 0.61, "size": 327.86}, {"op": "set", "side": "ask", "price": 0.63, "size": 100.0}, {"op": "set", "side": "ask", "price": 0.64, "size": 7.105427357601002e-15}, {"op": "set", "side": "ask", "price": 0.56, "size": 43.0}]}
{"t": 1776976045.204722, "events": [{"op": "set", "side": "bid", "price": 0.05, "size": 100.0}]}
{"t": 1776976046.207587, "events": [{"op": "delete", "side": "bid", "price": 0.06}, {"op": "delete", "side": "bid", "price": 0.05}, {"op": "set", "side": "bid", "price": 0.26, "size": 30.0}, {"op": "set", "side": "bid", "price": 0.07, "size": 50.0}, {"op": "set", "side": "ask", "price": 0.25, "size": 71.0}]}
{"t": 1776976047.209746, "events": [{"op": "set", "side": "bid", "price": 0.08, "size": 17.0}, {"op": "set", "side": "bid", "price": 0.05, "size": 100.0}, {"op": "set", "side": "ask", "price": 0.63, "size": 117.0}, {"op": "set", "side": "ask", "price": 0.55, "size": 80.0}]}
{"t": 1776976048.218187, "events": [{"op": "set", "side": "bid", "price": 0.34, "size": 39.0}, {"op": "set", "side": "bid", "price": 0.26, "size": 55.0}, {"op": "delete", "side": "bid", "price": 0.23}, {"op": "set", "side": "bid", "price": 0.36, "size": 660.0}, {"op": "set", "side": "bid", "price": 0.35, "size": 140.0}, {"op": "delete", "side": "bid", "price": 0.05}, {"op": "set", "side": "ask", "price": 0.55, "size": 285.0}, {"op": "set", "side": "ask", "price": 0.56, "size": 256.0}, {"op": "set", "side": "ask", "price": 0.61, "size": 863.86}, {"op": "set", "side": "ask", "price": 0.63, "size": 123.0}, {"op": "set", "side": "ask", "price": 0.54, "size": 50.0}]}
{"t": 1776976049.2295182, "events": [{"op": "set", "side": "bid", "price": 0.36, "size": 683.0}, {"op": "delete", "side": "bid", "price": 0.35}, {"op": "delete", "side": "bid", "price": 0.34}, {"op": "set", "side": "bid", "price": 0.28, "size": 50.0}, {"op": "delete", "side": "ask", "price": 0.56}, {"op": "set", "side": "ask", "price": 0.57, "size": 41.0}]}
{"t": 1776976050.238752, "events": [{"op": "set", "side": "bid", "price": 0.36, "size": 261.0}, {"op": "set", "side": "bid", "price": 0.26, "size": 180.0}, {"op": "set", "side": "bid", "price": 0.1, "size": 19.0}, {"op": "set", "side": "ask", "price": 0.55, "size": 318.0}, {"op": "set", "side": "ask", "price": 0.57, "size": 350.0}, {"op": "set", "side": "ask", "price": 0.61, "size": 756.86}, {"op": "set", "side": "ask", "price": 0.63, "size": 105.0}]}
{"t": 1776976051.266421, "events": [{"op": "set", "side": "bid", "price": 0.36, "size": 944.0}]}
{"t": 1776976053.276522, "events": [{"op": "set", "side": "ask", "price": 0.57, "size": 309.0}]}
{"t": 1776976054.2832232, "events": [{"op": "set", "side": "ask", "price": 0.25, "size": 63.0}, {"op": "set", "side": "ask", "price": 0.26, "size": 50.0}, {"op": "set", "side": "ask", "price": 0.58, "size": 40.0}]}
{"t": 1776976058.306615, "events": [{"op": "delete", "side": "bid", "price": 0.36}, {"op": "set", "side": "bid", "price": 0.26, "size": 30.0}, {"op": "set", "side": "bid", "price": 0.1, "size": 17.0}, {"op": "delete", "side": "ask", "price": 0.54}, {"op": "set", "side": "ask", "price": 0.55, "size": 30.0}, {"op": "delete", "side": "ask", "price": 0.57}, {"op": "set", "side": "ask", "price": 0.61, "size": 327.86}, {"op": "set", "side": "ask", "price": 0.63, "size": 100.0}, {"op": "set", "side": "ask", "price": 0.64, "size": 39.00000000000001}, {"op": "delete", "side": "ask", "price": 0.58}]}
{"t": 1776976059.3257349, "events": [{"op": "delete", "side": "bid", "price": 0.28}, {"op": "delete", "side": "bid", "price": 0.08}, {"op": "delete", "side": "bid", "price": 0.07}, {"op": "set", "side": "bid", "price": 0.29, "size": 26.0}, {"op": "set", "side": "bid", "price": 0.11, "size": 50.0}, {"op": "set", "side": "ask", "price": 0.65, "size": 56.0}]}
{"t": 1776976060.332624, "events": [{"op": "delete", "side": "bid", "price": 0.26}, {"op": "set", "side": "bid", "price": 0.21, "size": 30.0}, {"op": "set", "side": "bid", "price": 0.05, "size": 100.0}]}
{"t": 1776976061.337662, "events": [{"op": "set", "side": "bid", "price": 0.29, "size": 53.0}, {"op": "set", "side": "bid", "price": 0.21, "size": 48.0}, {"op": "set", "side": "bid", "price": 0.31, "size": 660.0}, {"op": "set", "side": "bid", "price": 0.24, "size": 50.0}, {"op": "set", "side": "bid", "price": 0.3, "size": 130.0}, {"op": "set", "side": "bid", "price": 0.05, "size": 57.0}, {"op": "set", "side": "bid", "price": 0.01, "size": 1000.0}, {"op": "set", "side": "ask", "price": 0.55, "size": 289.0}, {"op": "set", "side": "ask", "price": 0.61, "size": 587.86}, {"op": "set", "side": "ask", "price": 0.63, "size": 640.0}, {"op": "set", "side": "ask", "price": 0.64, "size": 45.00000000000001}]}
{"t": 1776976062.354484, "events": [{"op": "delete", "side": "bid", "price": 0.24}, {"op": "set", "side": "bid", "price": 0.32, "size": 58.3}]}
{"t": 1776976063.365494, "events": [{"op": "set", "side": "bid", "price": 0.32, "size": 108.3}, {"op": "set", "side": "bid", "price": 0.29, "size": 27.0}, {"op": "set", "side": "ask", "price": 0.64, "size": 6.000000000000007}]}
{"t": 1776976064.375992, "events": [{"op": "set", "side": "bid", "price": 0.32, "size": 50.0}, {"op": "set", "side": "bid", "price": 0.33, "size": 23.0}, {"op": "set", "side": "bid", "price": 0.05, "size": 157.0}, {"op": "set", "side": "ask", "price": 0.65, "size": 50.0}, {"op": "set", "side": "ask", "price": 0.64, "size": 41.00000000000001}]}
{"t": 1776976065.3873029, "events": [{"op": "delete", "side": "bid", "price": 0.29}, {"op": "delete", "side": "bid", "price": 0.31}, {"op": "delete", "side": "bid", "price": 0.32}, {"op": "delete", "side": "bid", "price": 0.3}, {"op": "set", "side": "bid", "price": 0.13, "size": 50.0}, {"op": "delete", "side": "bid", "price": 0.11}, {"op": "set", "side": "bid", "price": 0.05, "size": 57.0}, {"op": "set", "side": "ask", "price": 0.55, "size": 30.0}, {"op": "delete", "side": "ask", "price": 0.65}]}
{"t": 1776976066.397533, "events": [{"op": "set", "side": "bid", "price": 0.33, "size": 104.0}, {"op": "set", "side": "bid", "price": 0.21, "size": 1.0}, {"op": "set", "side": "bid", "price": 0.35, "size": 660.0}, {"op": "set", "side": "bid", "price": 0.32, "size": 54.0}, {"op": "set", "side": "bid", "price": 0.27, "size": 30.0}, {"op": "set", "side": "bid", "price": 0.34, "size": 180.0}, {"op": "set", "side": "bid", "price": 0.05, "size": 157.0}, {"op": "set", "side": "ask", "price": 0.61, "size": 774.86}, {"op": "set", "side": "ask", "price": 0.63, "size": 529.0}, {"op": "set", "side": "ask", "price": 0.64, "size": 373.0}]}
{"t": 1776976068.419334, "events": [{"op": "set", "side": "bid", "price": 0.33, "size": 81.0}, {"op": "set", "side": "ask", "price": 0.55, "size": 80.0}, {"op": "set", "side": "ask", "price": 0.64, "size": 338.0}]}
{"t": 1776976069.436353, "events": [{"op": "set", "side": "bid", "price": 0.34, "size": 204.0}, {"op": "set", "side": "ask", "price": 0.62, "size": 36.0}]}
{"t": 1776976074.460224, "events": [{"op": "set", "side": "bid", "price": 0.35, "size": 119.0}, {"op": "delete", "side": "bid", "price": 0.32}, {"op": "set", "side": "bid", "price": 0.34, "size": 103.0}, {"op": "delete", "side": "bid", "price": 0.33}, {"op": "delete", "side": "bid", "price": 0.21}, {"op": "set", "side": "bid", "price": 0.06, "size": 100.0}, {"op": "set", "side": "bid", "price": 0.05, "size": 57.0}, {"op": "set", "side": "ask", "price": 0.55, "size": 30.0}, {"op": "set", "side": "ask", "price": 0.61, "size": 587.86}, {"op": "set", "side": "ask", "price": 0.63, "size": 106.0}, {"op": "set", "side": "ask", "price": 0.54, "size": 50.0}, {"op": "delete", "side": "ask", "price": 0.64}]}
{"t": 1776976075.471221, "events": [{"op": "set", "side": "bid", "price": 0.27, "size": 87.0}, {"op": "set", "side": "bid", "price": 0.13, "size": 51.0}, {"op": "delete", "side": "bid", "price": 0.06}, {"op": "set", "side": "bid", "price": 0.36, "size": 190.0}, {"op": "set", "side": "ask", "price": 0.61, "size": 823.86}, {"op": "set", "side": "ask", "price": 0.62, "size": 584.0}]}
{"t": 1776976077.482344, "events": [{"op": "set", "side": "bid", "price": 0.36, "size": 85.0}, {"op": "set", "side": "bid", "price": 0.35, "size": 58.0}, {"op": "set", "side": "bid", "price": 0.13, "size": 50.0}, {"op": "set", "side": "bid", "price": 0.34, "size": 66.0}, {"op": "set", "side": "bid", "price": 0.27, "size": 56.0}, {"op": "set", "side": "bid", "price": 0.05, "size": 157.0}, {"op": "set", "side": "ask", "price": 0.63, "size": 105.0}, {"op": "set", "side": "ask", "price": 0.62, "size": 534.0}]}
{"t": 1776976078.494921, "events": [{"op": "set", "side": "bid", "price": 0.35, "size": 80.0}, {"op": "set", "side": "bid", "price": 0.34, "size": 42.0}, {"op": "set", "side": "ask", "price": 0.62, "size": 533.0}]}
{"t": 1776976083.531923, "events": [{"op": "set", "side": "bid", "price": 0.35, "size": 58.0}, {"op": "set", "side": "ask", "price": 0.62, "size": 498.0}]}
{"t": 1776976084.54107, "events": [{"op": "set", "side": "bid", "price": 0.35, "size": 80.0}, {"op": "set", "side": "ask", "price": 0.63, "size": 136.0}]}
{"t": 1776976085.548361, "events": [{"op": "delete", "side": "bid", "price": 0.36}, {"op": "set", "side": "bid", "price": 0.35, "size": 22.0}, {"op": "delete", "side": "bid", "price": 0.34}, {"op": "set", "side": "bid", "price": 0.27, "size": 30.0}, {"op": "set", "side": "bid", "price": 0.28, "size": 50.0}, {"op": "set", "side": "bid", "price": 0.05, "size": 57.0}, {"op": "set", "side": "ask", "price": 0.61, "size": 327.86}, {"op": "set", "side": "ask", "price": 0.63, "size": 131.0}, {"op": "delete", "side": "ask", "price": 0.62}]}
{"t": 1776976087.5788958, "events": [{"op": "delete", "side": "bid", "price": 0.35}, {"op": "set", "side": "ask", "price": 0.65, "size": 228.0}]}
{"t": 1776976088.582797, "events": [{"op": "delete", "side": "bid", "price": 0.27}, {"op": "delete", "side": "bid", "price": 0.05}, {"op": "set", "side": "bid", "price": 0.2, "size": 30.0}, {"op": "set", "side": "bid", "price": 0.01, "size": 1051.0}, {"op": "delete", "side": "ask", "price": 0.54}, {"op": "set", "side": "ask", "price": 0.63, "size": 100.0}, {"op": "set", "side": "ask", "price": 0.66, "size": 38.0}]}
{"t": 1776976089.58958, "events": [{"op": "set", "side": "bid", "price": 0.28, "size": 33.0}, {"op": "delete", "side": "bid", "price": 0.2}, {"op": "set", "side": "bid", "price": 0.33, "size": 861.0}, {"op": "set", "side": "ask", "price": 0.55, "size": 276.0}, {"op": "set", "side": "ask", "price": 0.61, "size": 883.86}, {"op": "set", "side": "ask", "price": 0.63, "size": 106.0}, {"op": "set", "side": "ask", "price": 0.54, "size": 275.0}, {"op": "set", "side": "ask", "price": 0.62, "size": 80.0}]}
{"t": 1776976090.5952551, "events": [{"op": "set", "side": "bid", "price": 0.29, "size": 28.0}, {"op": "set", "side": "bid", "price": 0.25, "size": 30.0}, {"op": "delete", "side": "ask", "price": 0.62}, {"op": "set", "side": "ask", "price": 0.64, "size": 50.0}, {"op": "set", "side": "ask", "price": 0.65, "size": 227.18}, {"op": "set", "side": "ask", "price": 0.57, "size": 30.0}, {"op": "delete", "side": "ask", "price": 0.66}]}
{"t": 1776976091.599458, "events": [{"op": "delete", "side": "bid", "price": 0.33}, {"op": "delete", "side": "bid", "price": 0.28}, {"op": "delete", "side": "bid", "price": 0.25}, {"op": "set", "side": "bid", "price": 0.23, "size": 50.0}, {"op": "set", "side": "bid", "price": 0.21, "size": 30.0}, {"op": "delete", "side": "ask", "price": 0.54}, {"op": "delete", "side": "ask", "price": 0.55}, {"op": "set", "side": "ask", "price": 0.61, "size": 585.86}, {"op": "delete", "side": "ask", "price": 0.64}]}
{"t": 1776976092.6074328, "events": [{"op": "set", "side": "bid", "price": 0.29, "size": 58.0}, {"op": "set", "side": "bid", "price": 0.31, "size": 660.0}, {"op": "set", "side": "bid", "price": 0.25, "size": 19.0}, {"op": "set", "side": "bid", "price": 0.3, "size": 132.0}, {"op": "set", "side": "ask", "price": 0.57, "size": 257.0}, {"op": "set", "side": "ask", "price": 0.63, "size": 639.0}, {"op": "set", "side": "ask", "price": 0.64, "size": 6.0}, {"op": "set", "side": "ask", "price": 0.66, "size": 41.0}, {"op": "set", "side": "ask", "price": 0.62, "size": 30.0}]}
{"t": 1776976093.6152132, "events": [{"op": "set", "side": "bid", "price": 0.29, "size": 30.0}, {"op": "set", "side": "bid", "price": 0.3, "size": 158.0}, {"op": "set", "side": "ask", "price": 0.62, "size": 40.0}, {"op": "set", "side": "ask", "price": 0.58, "size": 30.0}, {"op": "set", "side": "ask", "price": 0.64, "size": 72.0}, {"op": "delete", "side": "ask", "price": 0.66}]}
{"t": 1776976095.6349592, "events": [{"op": "delete", "side": "bid", "price": 0.25}, {"op": "delete", "side": "bid", "price": 0.29}, {"op": "set", "side": "bid", "price": 0.3, "size": 67.0}, {"op": "delete", "side": "ask", "price": 0.57}]}
{"t": 1776976096.652119, "events": [{"op": "set", "side": "bid", "price": 0.31, "size": 60.0}, {"op": "set", "side": "bid", "price": 0.23, "size": 77.0}, {"op": "set", "side": "bid", "price": 0.32, "size": 143.0}, {"op": "set", "side": "ask", "price": 0.61, "size": 615.86}, {"op": "set", "side": "ask", "price": 0.62, "size": 349.0}, {"op": "set", "side": "ask", "price": 0.63, "size": 529.0}, {"op": "set", "side": "ask", "price": 0.64, "size": 71.0}]}
{"t": 1776976098.6700659, "events": [{"op": "set", "side": "bid", "price": 0.3, "size": 41.0}, {"op": "set", "side": "bid", "price": 0.24, "size": 29.0}, {"op": "set", "side": "ask", "price": 0.62, "size": 309.0}, {"op": "set", "side": "ask", "price": 0.63, "size": 568.0}]}
{"t": 1776976099.67869, "events": [{"op": "delete", "side": "bid", "price": 0.32}, {"op": "set", "side": "bid", "price": 0.24, "size": 45.0}, {"op": "set", "side": "bid", "price": 0.23, "size": 70.0}, {"op": "delete", "side": "bid", "price": 0.3}, {"op": "delete", "side": "bid", "price": 0.31}, {"op": "delete", "side": "bid", "price": 0.21}, {"op": "set", "side": "bid", "price": 0.16, "size": 30.0}, {"op": "delete", "side": "ask", "price": 0.58}, {"op": "set", "side": "ask", "price": 0.61, "size": 585.86}, {"op": "set", "side": "ask", "price": 0.62, "size": 30.0}, {"op": "set", "side": "ask", "price": 0.63, "size": 145.0}, {"op": "set", "side": "ask", "price": 0.64, "size": 5.0}, {"op": "set", "side": "ask", "price": 0.66, "size": 28.4}]}
{"t": 1776976100.698726, "events": [{"op": "set", "side": "bid", "price": 0.24, "size": 62.0}, {"op": "set", "side": "bid", "price": 0.23, "size": 20.0}, {"op": "set", "side": "bid", "price": 0.26, "size": 80.0}, {"op": "set", "side": "bid", "price": 0.25, "size": 39.0}, {"op": "set", "side": "bid", "price": 0.21, "size": 50.0}, {"op": "set", "side": "bid", "price": 0.05, "size": 100.0}, {"op": "set", "side": "ask", "price": 0.53, "size": 575.0}, {"op": "set", "side": "ask", "price": 0.61, "size": 648.86}, {"op": "set", "side": "ask", "price": 0.63, "size": 607.0}]}
{"t": 1776976103.7164748, "events": [{"op": "set", "side": "bid", "price": 0.24, "size": 33.0}, {"op": "delete", "side": "bid", "price": 0.21}, {"op": "set", "side": "bid", "price": 0.27, "size": 76.0}, {"op": "set", "side": "ask", "price": 0.63, "size": 568.0}, {"op": "set", "side": "ask", "price": 0.66, "size": 67.4}]}
{"t": 1776976113.775799, "events": [{"op": "set", "side": "bid", "price": 0.27, "size": 77.0}, {"op": "delete", "side": "bid", "price": 0.26}, {"op": "set", "side": "bid", "price": 0.23, "size": 27.0}, {"op": "delete", "side": "bid", "price": 0.24}, {"op": "delete", "side": "bid", "price": 0.25}, {"op": "set", "side": "bid", "price": 0.16, "size": 50.0}, {"op": "set", "side": "bid", "price": 0.13, "size": 51.0}, {"op": "set", "side": "bid", "price": 0.29, "size": 660.0}, {"op": "set", "side": "bid", "price": 0.28, "size": 176.0}, {"op": "set", "side": "bid", "price": 0.22, "size": 50.0}, {"op": "set", "side": "bid", "price": 0.06, "size": 55.0}, {"op": "delete", "side": "bid", "price": 0.05}, {"op": "set", "side": "bid", "price": 0.01, "size": 1000.0}, {"op": "set", "side": "ask", "price": 0.53, "size": 300.0}, {"op": "set", "side": "ask", "price": 0.61, "size": 823.86}, {"op": "set", "side": "ask", "price": 0.62, "size": 578.0}, {"op": "set", "side": "ask", "price": 0.63, "size": 106.0}, {"op": "delete", "side": "ask", "price": 0.64}, {"op": "set", "side": "ask", "price": 0.66, "size": 7.105427357601002e-15}]}
{"t": 1776976114.786037, "events": [{"op": "set", "side": "bid", "price": 0.21, "size": 30.0}, {"op": "set", "side": "ask", "price": 0.62, "size": 548.0}, {"op": "set", "side": "ask", "price": 0.65, "size": 264.18}, {"op": "set", "side": "ask", "price": 0.64, "size": 50.0}, {"op": "set", "side": "ask", "price": 0.57, "size": 30.0}]}
{"t": 1776976116.79982, "events": [{"op": "delete", "side": "bid", "price": 0.29}, {"op": "delete", "side": "bid", "price": 0.28}, {"op": "delete", "side": "bid", "price": 0.27}, {"op": "delete", "side": "bid", "price": 0.21}, {"op": "delete", "side": "bid", "price": 0.16}, {"op": "set", "side": "bid", "price": 0.13, "size": 50.0}, {"op": "set", "side": "bid", "price": 0.15, "size": 30.0}, {"op": "delete", "side": "ask", "price": 0.57}, {"op": "set", "side": "ask", "price": 0.61, "size": 567.86}, {"op": "set", "side": "ask", "price": 0.62, "size": 30.0}, {"op": "delete", "side": "ask", "price": 0.64}, {"op": "set", "side": "ask", "price": 0.65, "size": 37.0}, {"op": "set", "side": "ask", "price": 0.66, "size": 28.400000000000006}]}
{"t": 1776976117.808927, "events": [{"op": "set", "side": "bid", "price": 0.23, "size": 55.0}, {"op": "set", "side": "bid", "price": 0.22, "size": 18.0}, {"op": "set", "side": "bid", "price": 0.25, "size": 59.0}, {"op": "set", "side": "bid", "price": 0.24, "size": 37.0}, {"op": "set", "side": "ask", "price": 0.63, "size": 622.0}, {"op": "set", "side": "ask", "price": 0.64, "size": 6.0}, {"op": "set", "side": "ask", "price": 0.57, "size": 239.0}]}
{"t": 1776976118.820491, "events": [{"op": "set", "side": "bid", "price": 0.23, "size": 28.0}, {"op": "delete", "side": "ask", "price": 0.62}, {"op": "set", "side": "ask", "price": 0.58, "size": 30.0}, {"op": "set", "side": "ask", "price": 0.64, "size": 56.0}, {"op": "set", "side": "ask", "price": 0.65, "size": 28.84}, {"op": "set", "side": "ask", "price": 0.66, "size": 7.105427357601002e-15}]}
{"t": 1776976119.83535, "events": [{"op": "set", "side": "bid", "price": 0.26, "size": 27.0}, {"op": "set", "side": "ask", "price": 0.65, "size": 41.0}]}
{"t": 1776976128.8931751, "events": [{"op": "set", "side": "bid", "price": 0.26, "size": 29.0}, {"op": "delete", "side": "bid", "price": 0.25}, {"op": "delete", "side": "bid", "price": 0.22}, {"op": "delete", "side": "bid", "price": 0.23}, {"op": "delete", "side": "bid", "price": 0.24}, {"op": "set", "side": "bid", "price": 0.15, "size": 18.0}, {"op": "delete", "side": "bid", "price": 0.13}, {"op": "set", "side": "bid", "price": 0.28, "size": 660.0}, {"op": "set", "side": "bid", "price": 0.08, "size": 30.0}, {"op": "set", "side": "bid", "price": 0.27, "size": 132.0}, {"op": "set", "side": "bid", "price": 0.16, "size": 29.0}, {"op": "set", "side": "ask", "price": 0.53, "size": 575.0}, {"op": "delete", "side": "ask", "price": 0.57}, {"op": "delete", "side": "ask", "price": 0.58}, {"op": "set", "side": "ask", "price": 0.61, "size": 648.86}, {"op": "set", "side": "ask", "price": 0.63, "size": 568.0}, {"op": "set", "side": "ask", "price": 0.62, "size": 30.0}, {"op": "set", "side": "ask", "price": 0.64, "size": 5.0}, {"op": "set", "side": "ask", "price": 0.65, "size": 50.0}, {"op": "set", "side": "ask", "price": 0.66, "size": 44.00000000000001}]}
{"t": 1776976129.9012349, "events": [{"op": "set", "side": "bid", "price": 0.23, "size": 66.0}, {"op": "set", "side": "bid", "price": 0.2, "size": 30.0}, {"op": "set", "side": "bid", "price": 0.07, "size": 50.0}, {"op": "delete", "side": "bid", "price": 0.08}]}
{"t": 1776976130.9047801, "events": [{"op": "delete", "side": "bid", "price": 0.28}, {"op": "delete", "side": "bid", "price": 0.27}, {"op": "delete", "side": "bid", "price": 0.26}, {"op": "set", "side": "bid", "price": 0.23, "size": 67.0}, {"op": "set", "side": "bid", "price": 0.2, "size": 74.0}, {"op": "delete", "side": "bid", "price": 0.15}, {"op": "set", "side": "bid", "price": 0.25, "size": 660.0}, {"op": "set", "side": "bid", "price": 0.24, "size": 166.0}, {"op": "set", "side": "ask", "price": 0.53, "size": 300.0}, {"op": "set", "side": "ask", "price": 0.61, "size": 823.86}, {"op": "set", "side": "ask", "price": 0.62, "size": 578.0}, {"op": "set", "side": "ask", "price": 0.63, "size": 106.0}, {"op": "delete", "side": "ask", "price": 0.64}]}
{"t": 1776976131.9146821, "events": [{"op": "set", "side": "bid", "price": 0.2, "size": 44.0}, {"op": "set", "side": "bid", "price": 0.17, "size": 30.0}]}
{"t": 1776976132.9187572, "events": [{"op": "delete", "side": "bid", "price": 0.16}, {"op": "set", "side": "bid", "price": 0.21, "size": 66.0}, {"op": "set", "side": "ask", "price": 0.64, "size": 16.0}]}
{"t": 1776976133.922157, "events": [{"op": "delete", "side": "bid", "price": 0.21}, {"op": "set", "side": "bid", "price": 0.26, "size": 77.0}]}
{"t": 1776976135.934583, "events": [{"op": "delete", "side": "bid", "price": 0.25}, {"op": "delete", "side": "bid", "price": 0.23}, {"op": "delete", "side": "bid", "price": 0.2}, {"op": "delete", "side": "bid", "price": 0.24}, {"op": "set", "side": "ask", "price": 0.61, "size": 327.86}, {"op": "set", "side": "ask", "price": 0.62, "size": 30.0}, {"op": "set", "side": "ask", "price": 0.63, "size": 100.0}]}
{"t": 1776976136.9557, "events": [{"op": "set", "side": "bid", "price": 0.26, "size": 27.0}]}
{"t": 1776976137.96097, "events": [{"op": "delete", "side": "bid", "price": 0.26}, {"op": "set", "side": "bid", "price": 0.17, "size": 80.0}, {"op": "delete", "side": "ask", "price": 0.64}]}
{"t": 1776976138.9725718, "events": [{"op": "delete", "side": "bid", "price": 0.17}, {"op": "delete", "side": "bid", "price": 0.06}, {"op": "delete", "side": "bid", "price": 0.07}, {"op": "set", "side": "bid", "price": 0.18, "size": 79.0}, {"op": "set", "side": "bid", "price": 0.11, "size": 30.0}, {"op": "set", "side": "bid", "price": 0.05, "size": 50.0}, {"op": "set", "side": "bid", "price": 0.01, "size": 1058.0}]}
{"t": 1776976139.976351, "events": [{"op": "set", "side": "bid", "price": 0.18, "size": 109.0}, {"op": "set", "side": "bid", "price": 0.1, "size": 18.0}, {"op": "set", "side": "bid", "price": 0.2, "size": 660.0}, {"op": "set", "side": "bid", "price": 0.19, "size": 178.0}, {"op": "set", "side": "bid", "price": 0.11, "size": 82.0}, {"op": "set", "side": "ask", "price": 0.53, "size": 598.0}, {"op": "set", "side": "ask", "price": 0.61, "size": 626.86}, {"op": "set", "side": "ask", "price": 0.62, "size": 607.0}, {"op": "set", "side": "ask", "price": 0.63, "size": 106.0}]}
{"t": 1776976143.994279, "events": [{"op": "set", "side": "bid", "price": 0.18, "size": 80.0}, {"op": "set", "side": "bid", "price": 0.21, "size": 29.0}]}
{"t": 1776976152.035327, "events": [{"op": "delete", "side": "bid", "price": 0.21}, {"op": "delete", "side": "bid", "price": 0.18}, {"op": "set", "side": "bid", "price": 0.11, "size": 30.0}, {"op": "delete", "side": "bid", "price": 0.2}, {"op": "delete", "side": "bid", "price": 0.19}, {"op": "set", "side": "bid", "price": 0.1, "size": 17.0}, {"op": "set", "side": "ask", "price": 0.53, "size": 300.0}, {"op": "set", "side": "ask", "price": 0.61, "size": 327.86}, {"op": "set", "side": "ask", "price": 0.62, "size": 30.0}, {"op": "set", "side": "ask", "price": 0.63, "size": 100.0}]}
{"t": 1776976153.054967, "events": [{"op": "set", "side": "bid", "price": 0.11, "size": 61.0}, {"op": "set", "side": "bid", "price": 0.1, "size": 37.0}, {"op": "set", "side": "bid", "price": 0.05, "size": 30.0}, {"op": "set", "side": "bid", "price": 0.13, "size": 710.0}, {"op": "set", "side": "bid", "price": 0.12, "size": 135.0}, {"op": "set", "side": "ask", "price": 0.53, "size": 598.0}, {"op": "set", "side": "ask", "price": 0.61, "size": 626.86}, {"op": "set", "side": "ask", "price": 0.62, "size": 607.0}, {"op": "set", "side": "ask", "price": 0.63, "size": 106.0}]}
{"t": 1776976154.063997, "events": [{"op": "set", "side": "bid", "price": 0.13, "size": 660.0}, {"op": "set", "side": "bid", "price": 0.11, "size": 31.0}, {"op": "set", "side": "bid", "price": 0.05, "size": 80.0}, {"op": "set", "side": "bid", "price": 0.14, "size": 80.0}]}
{"t": 1776976169.201382, "events": [{"op": "set", "side": "bid", "price": 0.05, "size": 130.0}, {"op": "set", "side": "bid", "price": 0.01, "size": 1000.0}, {"op": "delete", "side": "ask", "price": 0.65}, {"op": "set", "side": "ask", "price": 0.67, "size": 31.0}]}
{"t": 1776976170.2072918, "events": [{"op": "set", "side": "ask", "price": 0.62, "size": 577.0}, {"op": "set", "side": "ask", "price": 0.68, "size": 43.0}, {"op": "set", "side": "ask", "price": 0.64, "size": 30.0}, {"op": "set", "side": "ask", "price": 0.66, "size": 7.105427357601002e-15}]}
{"t": 1776976172.213068, "events": [{"op": "delete", "side": "bid", "price": 0.13}, {"op": "delete", "side": "bid", "price": 0.11}, {"op": "delete", "side": "bid", "price": 0.12}, {"op": "delete", "side": "ask", "price": 0.62}, {"op": "delete", "side": "ask", "price": 0.67}]}
{"t": 1776976173.230133, "events": [{"op": "set", "side": "bid", "price": 0.14, "size": 84.0}, {"op": "set", "side": "bid", "price": 0.1, "size": 70.0}, {"op": "set", "side": "bid", "price": 0.05, "size": 131.0}, {"op": "set", "side": "bid", "price": 0.16, "size": 141.0}, {"op": "set", "side": "bid", "price": 0.15, "size": 105.0}, {"op": "set", "side": "ask", "price": 0.63, "size": 677.0}, {"op": "set", "side": "ask", "price": 0.64, "size": 36.0}, {"op": "delete", "side": "ask", "price": 0.68}, {"op": "set", "side": "ask", "price": 0.69, "size": 28.0}]}
{"t": 1776976174.237823, "events": [{"op": "set", "side": "bid", "price": 0.17, "size": 29.0}, {"op": "set", "side": "ask", "price": 0.65, "size": 44.0}]}
{"t": 1776976175.24962, "events": [{"op": "delete", "side": "bid", "price": 0.14}, {"op": "delete", "side": "bid", "price": 0.15}, {"op": "delete", "side": "bid", "price": 0.16}, {"op": "set", "side": "bid", "price": 0.05, "size": 130.0}, {"op": "set", "side": "ask", "price": 0.53, "size": 300.0}]}
{"t": 1776976176.259373, "events": [{"op": "set", "side": "bid", "price": 0.1, "size": 40.0}, {"op": "set", "side": "ask", "price": 0.63, "size": 529.0}]}
{"t": 1776976177.2679732, "events": [{"op": "set", "side": "ask", "price": 0.64, "size": 6.0}, {"op": "delete", "side": "ask", "price": 0.69}, {"op": "set", "side": "ask", "price": 0.57, "size": 30.0}]}
{"t": 1776976178.273995, "events": [{"op": "set", "side": "bid", "price": 0.17, "size": 34.0}, {"op": "set", "side": "bid", "price": 0.19, "size": 59.0}, {"op": "set", "side": "bid", "price": 0.18, "size": 39.0}, {"op": "delete", "side": "ask", "price": 0.57}, {"op": "set", "side": "ask", "price": 0.61, "size": 774.86}, {"op": "set", "side": "ask", "price": 0.65, "size": 53.0}, {"op": "set", "side": "ask", "price": 0.62, "size": 30.0}, {"op": "set", "side": "ask", "price": 0.64, "size": 334.0}, {"op": "set", "side": "ask", "price": 0.66, "size": 25.0}]}
{"t": 1776976179.287406, "events": [{"op": "set", "side": "bid", "price": 0.05, "size": 100.0}, {"op": "set", "side": "bid", "price": 0.2, "size": 28.0}, {"op": "set", "side": "bid", "price": 0.11, "size": 30.0}, {"op": "set", "side": "ask", "price": 0.66, "size": 68.0}]}
{"t": 1776976197.420757, "events": [{"op": "delete", "side": "bid", "price": 0.2}, {"op": "delete", "side": "bid", "price": 0.18}, {"op": "delete", "side": "bid", "price": 0.19}, {"op": "delete", "side": "bid", "price": 0.17}, {"op": "set", "side": "bid", "price": 0.1, "size": 17.0}, {"op": "set", "side": "bid", "price": 0.05, "size": 50.0}, {"op": "set", "side": "bid", "price": 0.01, "size": 1049.0}, {"op": "set", "side": "ask", "price": 0.61, "size": 626.86}, {"op": "set", "side": "ask", "price": 0.63, "size": 106.0}, {"op": "set", "side": "ask", "price": 0.65, "size": 50.0}, {"op": "delete", "side": "ask", "price": 0.64}]}
{"t": 1776976198.435571, "events": [{"op": "set", "side": "bid", "price": 0.23, "size": 28.0}, {"op": "set", "side": "bid", "price": 0.22, "size": 76.0}, {"op": "set", "side": "bid", "price": 0.2, "size": 29.0}, {"op": "set", "side": "bid", "price": 0.21, "size": 37.0}, {"op": "set", "side": "bid", "price": 0.11, "size": 55.0}, {"op": "set", "side": "ask", "price": 0.61, "size": 824.86}, {"op": "set", "side": "ask", "price": 0.62, "size": 578.0}]}
{"t": 1776976199.445118, "events": [{"op": "set", "side": "bid", "price": 0.15, "size": 30.0}, {"op": "set", "side": "bid", "price": 0.11, "size": 25.0}]}
{"t": 1776976204.476952, "events": [{"op": "delete", "side": "bid", "price": 0.23}, {"op": "delete", "side": "bid", "price": 0.22}, {"op": "delete", "side": "bid", "price": 0.2}, {"op": "delete", "side": "bid", "price": 0.21}, {"op": "delete", "side": "bid", "price": 0.15}, {"op": "delete", "side": "bid", "price": 0.11}, {"op": "set", "side": "bid", "price": 0.1, "size": 67.0}, {"op": "set", "side": "ask", "price": 0.61, "size": 327.86}, {"op": "set", "side": "ask", "price": 0.62, "size": 30.0}, {"op": "set", "side": "ask", "price": 0.63, "size": 100.0}]}
{"t": 1776976205.4979851, "events": [{"op": "set", "side": "bid", "price": 0.1, "size": 17.0}, {"op": "set", "side": "bid", "price": 0.05, "size": 80.0}, {"op": "set", "side": "bid", "price": 0.11, "size": 30.0}]}
{"t": 1776976207.508864, "events": [{"op": "set", "side": "bid", "price": 0.11, "size": 61.0}, {"op": "set", "side": "bid", "price": 0.1, "size": 37.0}, {"op": "set", "side": "bid", "price": 0.05, "size": 30.0}, {"op": "set", "side": "bid", "price": 0.13, "size": 660.0}, {"op": "set", "side": "bid", "price": 0.12, "size": 135.0}, {"op": "set", "side": "bid", "price": 0.01, "size": 1099.0}, {"op": "set", "side": "ask", "price": 0.53, "size": 598.0}, {"op": "set", "side": "ask", "price": 0.61, "size": 626.86}, {"op": "set", "side": "ask", "price": 0.62, "size": 607.0}, {"op": "set", "side": "ask", "price": 0.63, "size": 106.0}, {"op": "set", "side": "ask", "price": 0.66, "size": 84.0}]}
{"t": 1776976208.525941, "events": [{"op": "set", "side": "bid", "price": 0.11, "size": 31.0}]}
{"t": 1776976209.539958, "events": [{"op": "set", "side": "bid", "price": 0.14, "size": 30.0}]}
{"t": 1776976210.5528069, "events": [{"op": "set", "side": "bid", "price": 0.05, "size": 80.0}, {"op": "set", "side": "bid", "price": 0.01, "size": 1049.0}]}
{"t": 1776976214.569775, "events": [{"op": "delete", "side": "bid", "price": 0.13}, {"op": "delete", "side": "bid", "price": 0.11}, {"op": "delete", "side": "bid", "price": 0.12}, {"op": "set", "side": "ask", "price": 0.53, "size": 300.0}]}
{"t": 1776976215.5757089, "events": [{"op": "set", "side": "bid", "price": 0.14, "size": 33.0}, {"op": "set", "side": "bid", "price": 0.17, "size": 29.0}, {"op": "set", "side": "bid", "price": 0.15, "size": 41.0}, {"op": "set", "side": "bid", "price": 0.16, "size": 78.0}, {"op": "set", "side": "ask", "price": 0.61, "size": 764.86}, {"op": "set", "side": "ask", "price": 0.62, "size": 468.0}, {"op": "set", "side": "ask", "price": 0.63, "size": 500.0}, {"op": "set", "side": "ask", "price": 0.64, "size": 4.0}]}
{"t": 1776976217.597552, "events": [{"op": "delete", "side": "bid", "price": 0.14}, {"op": "delete", "side": "bid", "price": 0.15}, {"op": "delete", "side": "bid", "price": 0.16}, {"op": "set", "side": "bid", "price": 0.06, "size": 10.0}, {"op": "set", "side": "ask", "price": 0.61, "size": 626.86}, {"op": "set", "side": "ask", "price": 0.63, "size": 105.0}, {"op": "delete", "side": "ask", "price": 0.64}, {"op": "set", "side": "ask", "price": 0.66, "size": 99.0}]}
{"t": 1776976218.6080482, "events": [{"op": "set", "side": "bid", "price": 0.17, "size": 32.0}, {"op": "set", "side": "bid", "price": 0.2, "size": 28.0}, {"op": "set", "side": "bid", "price": 0.18, "size": 39.0}, {"op": "set", "side": "bid", "price": 0.19, "size": 76.0}, {"op": "set", "side": "ask", "price": 0.61, "size": 824.86}, {"op": "set", "side": "ask", "price": 0.62, "size": 528.0}]}
{"t": 1776976222.6332319, "events": [{"op": "set", "side": "bid", "price": 0.2, "size": 59.0}, {"op": "delete", "side": "bid", "price": 0.18}, {"op": "set", "side": "bid", "price": 0.1, "size": 17.0}, {"op": "delete", "side": "bid", "price": 0.19}, {"op": "delete", "side": "bid", "price": 0.17}, {"op": "set", "side": "bid", "price": 0.06, "size": 63.0}, {"op": "set", "side": "bid", "price": 0.22, "size": 74.0}, {"op": "set", "side": "bid", "price": 0.14, "size": 30.0}, {"op": "set", "side": "bid", "price": 0.05, "size": 50.0}, {"op": "set", "side": "bid", "price": 0.01, "size": 1000.0}]}
{"t": 1776976223.6436858, "events": [{"op": "set", "side": "bid", "price": 0.22, "size": 27.0}, {"op": "set", "side": "bid", "price": 0.2, "size": 15.0}, {"op": "set", "side": "bid", "price": 0.25, "size": 27.0}, {"op": "set", "side": "bid", "price": 0.24, "size": 69.0}, {"op": "set", "side": "bid", "price": 0.23, "size": 38.0}]}
{"t": 1776976254.822479, "events": [{"op": "delete", "side": "bid", "price": 0.24}, {"op": "delete", "side": "bid", "price": 0.22}, {"op": "delete", "side": "bid", "price": 0.23}, {"op": "delete", "side": "bid", "price": 0.2}]}
{"t": 1776976255.835129, "events": [{"op": "set", "side": "bid", "price": 0.25, "size": 29.0}, {"op": "set", "side": "bid", "price": 0.14, "size": 98.0}, {"op": "set", "side": "bid", "price": 0.06, "size": 10.0}, {"op": "set", "side": "bid", "price": 0.27, "size": 660.0}, {"op": "set", "side": "bid", "price": 0.26, "size": 132.0}, {"op": "set", "side": "bid", "price": 0.15, "size": 29.0}, {"op": "set", "side": "bid", "price": 0.07, "size": 50.0}, {"op": "delete", "side": "bid", "price": 0.05}, {"op": "set", "side": "bid", "price": 0.01, "size": 1057.0}, {"op": "set", "side": "ask", "price": 0.64, "size": 15.0}, {"op": "set", "side": "ask", "price": 0.66, "size": 68.0}]}
{"t": 1776976257.8581388, "events": [{"op": "set", "side": "bid", "price": 0.14, "size": 68.0}, {"op": "delete", "side": "bid", "price": 0.07}, {"op": "set", "side": "bid", "price": 0.19, "size": 30.0}, {"op": "set", "side": "bid", "price": 0.05, "size": 50.0}]}
{"t": 1776976258.864931, "events": [{"op": "delete", "side": "bid", "price": 0.15}, {"op": "set", "side": "bid", "price": 0.14, "size": 18.0}, {"op": "set", "side": "bid", "price": 0.28, "size": 27.0}]}
{"t": 1776976259.875783, "events": [{"op": "delete", "side": "bid", "price": 0.27}, {"op": "delete", "side": "bid", "price": 0.26}, {"op": "delete", "side": "bid", "price": 0.25}, {"op": "delete", "side": "bid", "price": 0.14}, {"op": "set", "side": "bid", "price": 0.22, "size": 50.0}, {"op": "set", "side": "ask", "price": 0.61, "size": 625.86}, {"op": "set", "side": "ask", "price": 0.62, "size": 329.0}]}
{"t": 1776976260.885631, "events": [{"op": "set", "side": "bid", "price": 0.28, "size": 56.0}, {"op": "set", "side": "bid", "price": 0.19, "size": 48.0}, {"op": "set", "side": "bid", "price": 0.3, "size": 660.0}, {"op": "set", "side": "bid", "price": 0.29, "size": 132.0}, {"op": "set", "side": "ask", "price": 0.63, "size": 677.0}, {"op": "set", "side": "ask", "price": 0.65, "size": 34.0}, {"op": "set", "side": "ask", "price": 0.64, "size": 71.0}, {"op": "set", "side": "ask", "price": 0.66, "size": 25.0}]}
{"t": 1776976263.909769, "events": [{"op": "set", "side": "bid", "price": 0.28, "size": 29.0}, {"op": "delete", "side": "bid", "price": 0.22}, {"op": "set", "side": "bid", "price": 0.31, "size": 75.0}]}
{"t": 1776976276.0147579, "events": [{"op": "set", "side": "bid", "price": 0.31, "size": 25.0}, {"op": "delete", "side": "bid", "price": 0.28}, {"op": "delete", "side": "bid", "price": 0.29}, {"op": "delete", "side": "bid", "price": 0.3}, {"op": "set", "side": "ask", "price": 0.61, "size": 327.86}, {"op": "set", "side": "ask", "price": 0.63, "size": 459.0}]}
{"t": 1776976277.039475, "events": [{"op": "set", "side": "bid", "price": 0.31, "size": 79.0}, {"op": "set", "side": "bid", "price": 0.1, "size": 18.0}, {"op": "set", "side": "bid", "price": 0.19, "size": 50.0}, {"op": "set", "side": "bid", "price": 0.33, "size": 197.0}, {"op": "set", "side": "bid", "price": 0.25, "size": 30.0}, {"op": "set", "side": "bid", "price": 0.32, "size": 100.0}, {"op": "set", "side": "ask", "price": 0.62, "size": 477.0}, {"op": "set", "side": "ask", "price": 0.65, "size": 37.0}, {"op": "set", "side": "ask", "price": 0.64, "size": 398.0}]}
{"t": 1776976279.0620182, "events": [{"op": "set", "side": "bid", "price": 0.25, "size": 80.0}, {"op": "set", "side": "bid", "price": 0.06, "size": 57.0}, {"op": "set", "side": "bid", "price": 0.01, "size": 1000.0}, {"op": "set", "side": "ask", "price": 0.65, "size": 33.0}]}
{"t": 1776976280.070851, "events": [{"op": "set", "side": "bid", "price": 0.33, "size": 89.0}, {"op": "set", "side": "bid", "price": 0.25, "size": 30.0}, {"op": "delete", "side": "bid", "price": 0.31}, {"op": "delete", "side": "bid", "price": 0.32}, {"op": "delete", "side": "bid", "price": 0.19}, {"op": "set", "side": "bid", "price": 0.1, "size": 17.0}, {"op": "set", "side": "ask", "price": 0.62, "size": 329.0}, {"op": "set", "side": "ask", "price": 0.63, "size": 105.0}, {"op": "set", "side": "ask", "price": 0.65, "size": 30.0}, {"op": "set", "side": "ask", "price": 0.64, "size": 70.0}]}
{"t": 1776976281.087897, "events": [{"op": "set", "side": "bid", "price": 0.33, "size": 66.0}, {"op": "set", "side": "bid", "price": 0.25, "size": 71.0}, {"op": "set", "side": "bid", "price": 0.34, "size": 232.0}, {"op": "set", "side": "ask", "price": 0.62, "size": 497.0}, {"op": "set", "side": "ask", "price": 0.63, "size": 598.0}, {"op": "set", "side": "ask", "price": 0.55, "size": 50.0}, {"op": "set", "side": "ask", "price": 0.64, "size": 20.0}, {"op": "delete", "side": "ask", "price": 0.66}]}
{"t": 1776976282.1068, "events": [{"op": "set", "side": "ask", "price": 0.57, "size": 30.0}]}
{"t": 1776976284.125754, "events": [{"op": "set", "side": "ask", "price": 0.25, "size": 78.0}, {"op": "set", "side": "ask", "price": 0.64, "size": 35.0}, {"op": "delete", "side": "ask", "price": 0.65}]}
{"t": 1776976285.139929, "events": [{"op": "delete", "side": "bid", "price": 0.34}, {"op": "set", "side": "bid", "price": 0.25, "size": 30.0}, {"op": "delete", "side": "bid", "price": 0.33}, {"op": "delete", "side": "ask", "price": 0.55}, {"op": "set", "side": "ask", "price": 0.63, "size": 100.0}, {"op": "set", "side": "ask", "price": 0.64, "size": 30.0}, {"op": "delete", "side": "ask", "price": 0.62}]}
{"t": 1776976286.152321, "events": [{"op": "delete", "side": "bid", "price": 0.25}, {"op": "set", "side": "bid", "price": 0.06, "size": 47.0}, {"op": "set", "side": "bid", "price": 0.05, "size": 30.0}, {"op": "set", "side": "bid", "price": 0.08, "size": 10.0}, {"op": "set", "side": "bid", "price": 0.07, "size": 100.0}, {"op": "set", "side": "bid", "price": 0.01, "size": 1050.0}, {"op": "set", "side": "ask", "price": 0.25, "size": 63.0}, {"op": "set", "side": "ask", "price": 0.64, "size": 95.0}]}
{"t": 1776976287.161626, "events": [{"op": "set", "side": "bid", "price": 0.1, "size": 36.0}, {"op": "delete", "side": "bid", "price": 0.07}, {"op": "set", "side": "bid", "price": 0.14, "size": 92.12}, {"op": "set", "side": "bid", "price": 0.13, "size": 9.999999999999986}, {"op": "set", "side": "bid", "price": 0.12, "size": 660.0}, {"op": "set", "side": "bid", "price": 0.05, "size": 80.0}, {"op": "set", "side": "bid", "price": 0.08, "size": 12.0}, {"op": "set", "side": "bid", "price": 0.11, "size": 122.0}, {"op": "set", "side": "bid", "price": 0.01, "size": 1000.0}, {"op": "set", "side": "ask", "price": 0.57, "size": 311.0}, {"op": "set", "side": "ask", "price": 0.61, "size": 609.86}, {"op": "set", "side": "ask", "price": 0.63, "size": 662.0}, {"op": "set", "side": "ask", "price": 0.64, "size": 101.0}]}
{"t": 1776976288.1785212, "events": [{"op": "delete", "side": "bid", "price": 0.14}, {"op": "set", "side": "bid", "price": 0.15, "size": 30.0}]}
{"t": 1776976289.1844962, "events": [{"op": "delete", "side": "bid", "price": 0.15}, {"op": "set", "side": "bid", "price": 0.14, "size": 92.12}, {"op": "set", "side": "ask", "price": 0.64, "size": 21.0}, {"op": "set", "side": "ask", "price": 0.65, "size": 99.0}]}
{"t": 1776976290.196137, "events": [{"op": "set", "side": "bid", "price": 0.14, "size": 10.0}, {"op": "delete", "side": "bid", "price": 0.13}, {"op": "set", "side": "bid", "price": 0.16, "size": 130.6}, {"op": "set", "side": "bid", "price": 0.15, "size": 30.0}, {"op": "set", "side": "ask", "price": 0.57, "size": 281.0}, {"op": "set", "side": "ask", "price": 0.65, "size": 33.0}, {"op": "set", "side": "ask", "price": 0.64, "size": 6.0}, {"op": "set", "side": "ask", "price": 0.66, "size": 125.0}, {"op": "set", "side": "ask", "price": 0.62, "size": 30.0}]}
{"t": 1776976294.2310212, "events": [{"op": "delete", "side": "bid", "price": 0.16}, {"op": "delete", "side": "bid", "price": 0.15}, {"op": "set", "side": "bid", "price": 0.17, "size": 29.0}, {"op": "set", "side": "bid", "price": 0.13, "size": 30.0}, {"op": "set", "side": "bid", "price": 0.05, "size": 50.0}]}
{"t": 1776976295.2380722, "events": [{"op": "set", "side": "bid", "price": 0.13, "size": 129.2}, {"op": "delete", "side": "ask", "price": 0.65}]}
{"t": 1776976296.2419589, "events": [{"op": "set", "side": "bid", "price": 0.13, "size": 29.999999999999986}, {"op": "set", "side": "ask", "price": 0.66, "size": 15.0}, {"op": "set", "side": "ask", "price": 0.67, "size": 93.0}, {"op": "set", "side": "ask", "price": 0.68, "size": 43.0}]}
{"t": 1776976297.245624, "events": [{"op": "set", "side": "bid", "price": 0.14, "size": 102.12}, {"op": "delete", "side": "ask", "price": 0.62}, {"op": "set", "side": "ask", "price": 0.67, "size": 27.0}, {"op": "set", "side": "ask", "price": 0.64, "size": 36.0}]}
{"t": 1776976298.25038, "events": [{"op": "delete", "side": "ask", "price": 0.67}]}
{"t": 1776976299.2527418, "events": [{"op": "delete", "side": "bid", "price": 0.17}, {"op": "set", "side": "bid", "price": 0.14, "size": 30.0}, {"op": "set", "side": "bid", "price": 0.13, "size": 10.0}, {"op": "set", "side": "bid", "price": 0.15, "size": 85.97}, {"op": "set", "side": "bid", "price": 0.05, "size": 80.0}, {"op": "delete", "side": "ask", "price": 0.66}, {"op": "delete", "side": "ask", "price": 0.68}, {"op": "set", "side": "ask", "price": 0.64, "size": 66.0}, {"op": "set", "side": "ask", "price": 0.65, "size": 33.0}, {"op": "set", "side": "ask", "price": 0.58, "size": 30.0}]}
{"t": 1776976301.276474, "events": [{"op": "delete", "side": "bid", "price": 0.15}, {"op": "delete", "side": "bid", "price": 0.12}, {"op": "set", "side": "bid", "price": 0.1, "size": 17.0}, {"op": "set", "side": "bid", "price": 0.06, "size": 100.0}, {"op": "set", "side": "bid", "price": 0.07, "size": 30.0}, {"op": "delete", "side": "bid", "price": 0.11}, {"op": "delete", "side": "bid", "price": 0.08}, {"op": "set", "side": "bid", "price": 0.05, "size": 50.0}, {"op": "set", "side": "bid", "price": 0.01, "size": 1048.0}, {"op": "delete", "side": "ask", "price": 0.57}, {"op": "set", "side": "ask", "price": 0.61, "size": 327.86}, {"op": "set", "side": "ask", "price": 0.63, "size": 100.0}, {"op": "set", "side": "ask", "price": 0.64, "size": 60.0}]}
{"t": 1776976303.3065321, "events": [{"op": "delete", "side": "bid", "price": 0.14}, {"op": "delete", "side": "bid", "price": 0.13}, {"op": "delete", "side": "bid", "price": 0.06}, {"op": "set", "side": "ask", "price": 0.65, "size": 99.0}, {"op": "set", "side": "ask", "price": 0.64, "size": 15.0}]}
{"t": 1776976304.313708, "events": [{"op": "set", "side": "bid", "price": 0.1, "size": 24.0}, {"op": "delete", "side": "bid", "price": 0.07}, {"op": "set", "side": "bid", "price": 0.05, "size": 30.0}, {"op": "set", "side": "bid", "price": 0.15, "size": 660.0}, {"op": "set", "side": "bid", "price": 0.14, "size": 116.0}, {"op": "set", "side": "bid", "price": 0.13, "size": 12.0}, {"op": "set", "side": "bid", "price": 0.08, "size": 41.0}, {"op": "set", "side": "bid", "price": 0.01, "size": 1098.0}, {"op": "set", "side": "ask", "price": 0.26, "size": 43.0}, {"op": "set", "side": "ask", "price": 0.53, "size": 598.0}, {"op": "delete", "side": "ask", "price": 0.58}, {"op": "set", "side": "ask", "price": 0.61, "size": 626.86}, {"op": "set", "side": "ask", "price": 0.63, "size": 677.0}, {"op": "set", "side": "ask", "price": 0.65, "size": 33.0}, {"op": "set", "side": "ask", "price": 0.64, "size": 21.0}, {"op": "set", "side": "ask", "price": 0.27, "size": 7.0}, {"op": "set", "side": "ask", "price": 0.66, "size": 95.0}, {"op": "set", "side": "ask", "price": 0.62, "size": 30.0}]}
{"t": 1776976305.355718, "events": [{"op": "set", "side": "bid", "price": 0.16, "size": 10.0}, {"op": "set", "side": "bid", "price": 0.08, "size": 31.0}, {"op": "set", "side": "bid", "price": 0.05, "size": 80.0}, {"op": "set", "side": "bid", "price": 0.01, "size": 1048.0}]}
{"t": 1776976306.360851, "events": [{"op": "delete", "side": "bid", "price": 0.16}, {"op": "delete", "side": "bid", "price": 0.14}, {"op": "delete", "side": "bid", "price": 0.13}, {"op": "delete", "side": "bid", "price": 0.15}, {"op": "set", "side": "ask", "price": 0.53, "size": 300.0}]}
{"t": 1776976307.3653572, "events": [{"op": "set", "side": "bid", "price": 0.18, "size": 27.0}, {"op": "set", "side": "bid", "price": 0.16, "size": 12.0}, {"op": "set", "side": "bid", "price": 0.09, "size": 10.0}, {"op": "set", "side": "bid", "price": 0.17, "size": 14.0}, {"op": "set", "side": "bid", "price": 0.06, "size": 100.0}, {"op": "set", "side": "ask", "price": 0.61, "size": 615.86}, {"op": "set", "side": "ask", "price": 0.62, "size": 339.0}, {"op": "set", "side": "ask", "price": 0.63, "size": 529.0}, {"op": "set", "side": "ask", "price": 0.64, "size": 19.0}]}
{"t": 1776976308.374354, "events": [{"op": "delete", "side": "bid", "price": 0.08}]}
{"t": 1776976309.386129, "events": [{"op": "set", "side": "bid", "price": 0.18, "size": 177.64}, {"op": "delete", "side": "bid", "price": 0.06}, {"op": "set", "side": "bid", "price": 0.07, "size": 50.0}, {"op": "delete", "side": "bid", "price": 0.05}]}
{"t": 1776976310.395447, "events": [{"op": "set", "side": "bid", "price": 0.18, "size": 105.99999999999999}, {"op": "set", "side": "bid", "price": 0.11, "size": 30.0}, {"op": "delete", "side": "ask", "price": 0.65}]}
{"t": 1776976311.4007092, "events": [{"op": "set", "side": "bid", "price": 0.18, "size": 55.999999999999986}, {"op": "set", "side": "ask", "price": 0.67, "size": 40.0}, {"op": "set", "side": "ask", "price": 0.64, "size": 4.0}, {"op": "set", "side": "ask", "price": 0.66, "size": 100.0}]}
{"t": 1776976312.405248, "events": [{"op": "set", "side": "ask", "price": 0.62, "size": 309.0}, {"op": "set", "side": "ask", "price": 0.64, "size": 34.0}, {"op": "set", "side": "ask", "price": 0.68, "size": 42.0}]}
{"t": 1776976313.409361, "events": [{"op": "set", "side": "bid", "price": 0.05, "size": 100.0}]}
{"t": 1776976314.4200819, "events": [{"op": "delete", "side": "ask", "price": 0.67}, {"op": "delete", "side": "ask", "price": 0.68}]}
{"t": 1776976315.427767, "events": [{"op": "set", "side": "ask", "price": 0.67, "size": 43.0}, {"op": "set", "side": "ask", "price": 0.64, "size": 4.0}, {"op": "set", "side": "ask", "price": 0.65, "size": 15.0}]}
{"t": 1776976316.4325829, "events": [{"op": "set", "side": "ask", "price": 0.64, "size": 34.0}, {"op": "set", "side": "ask", "price": 0.68, "size": 88.0}, {"op": "delete", "side": "ask", "price": 0.65}]}
{"t": 1776976318.442741, "events": [{"op": "delete", "side": "ask", "price": 0.67}]}
{"t": 1776976319.457519, "events": [{"op": "set", "side": "ask", "price": 0.67, "size": 50.0}, {"op": "set", "side": "ask", "price": 0.68, "size": 38.0}, {"op": "set", "side": "ask", "price": 0.69, "size": 58.0}]}
{"t": 1776976323.4797351, "events": [{"op": "delete", "side": "bid", "price": 0.16}, {"op": "set", "side": "bid", "price": 0.1, "size": 17.0}, {"op": "delete", "side": "bid", "price": 0.17}, {"op": "delete", "side": "ask", "price": 0.62}, {"op": "set", "side": "ask", "price": 0.63, "size": 511.0}]}
{"t": 1776976324.50117, "events": [{"op": "set", "side": "bid", "price": 0.18, "size": 29.999999999999986}, {"op": "set", "side": "bid", "price": 0.2, "size": 64.0}, {"op": "set", "side": "bid", "price": 0.19, "size": 40.0}, {"op": "set", "side": "bid", "price": 0.11, "size": 51.0}, {"op": "delete", "side": "bid", "price": 0.05}, {"op": "set", "side": "ask", "price": 0.61, "size": 751.86}, {"op": "set", "side": "ask", "price": 0.64, "size": 290.0}, {"op": "set", "side": "ask", "price": 0.65, "size": 3.0}]}
{"t": 1776976325.519989, "events": [{"op": "set", "side": "bid", "price": 0.2, "size": 64.00000000000001}, {"op": "set", "side": "bid", "price": 0.21, "size": 155.41}, {"op": "set", "side": "bid", "price": 0.05, "size": 47.0}, {"op": "set", "side": "bid", "price": 0.01, "size": 1000.0}]}
{"t": 1776976326.527615, "events": [{"op": "set", "side": "bid", "price": 0.21, "size": 94.0}, {"op": "set", "side": "ask", "price": 0.68, "size": 15.0}]}
{"t": 1776976328.537319, "events": [{"op": "set", "side": "bid", "price": 0.21, "size": 78.0}, {"op": "delete", "side": "ask", "price": 0.67}, {"op": "delete", "side": "ask", "price": 0.69}, {"op": "set", "side": "ask", "price": 0.7, "size": 67.0}]}
{"t": 1776976329.543661, "events": [{"op": "set", "side": "ask", "price": 0.67, "size": 66.0}, {"op": "set", "side": "ask", "price": 0.7, "size": 17.0}, {"op": "set", "side": "ask", "price": 0.71, "size": 38.0}]}
{"t": 1776976332.56369, "events": [{"op": "set", "side": "bid", "price": 0.21, "size": 28.0}, {"op": "delete", "side": "bid", "price": 0.18}, {"op": "set", "side": "bid", "price": 0.2, "size": 1.4210854715202004e-14}, {"op": "delete", "side": "bid", "price": 0.19}]}
{"t": 1776976333.587355, "events": [{"op": "set", "side": "bid", "price": 0.21, "size": 83.0}, {"op": "set", "side": "bid", "price": 0.1, "size": 18.0}, {"op": "set", "side": "bid", "price": 0.23, "size": 185.0}, {"op": "set", "side": "bid", "price": 0.12, "size": 29.0}, {"op": "set", "side": "bid", "price": 0.22, "size": 106.0}, {"op": "set", "side": "bid", "price": 0.11, "size": 148.0}, {"op": "set", "side": "ask", "price": 0.61, "size": 747.86}, {"op": "set", "side": "ask", "price": 0.63, "size": 507.0}, {"op": "set", "side": "ask", "price": 0.65, "size": 2.0}, {"op": "set", "side": "ask", "price": 0.64, "size": 273.0}, {"op": "delete", "side": "ask", "price": 0.71}]}
{"t": 1776976334.603316, "events": [{"op": "delete", "side": "bid", "price": 0.23}, {"op": "delete", "side": "bid", "price": 0.22}, {"op": "delete", "side": "bid", "price": 0.21}, {"op": "set", "side": "bid", "price": 0.1, "size": 17.0}, {"op": "set", "side": "bid", "price": 0.11, "size": 132.0}, {"op": "set", "side": "ask", "price": 0.61, "size": 615.86}, {"op": "set", "side": "ask", "price": 0.67, "size": 50.0}, {"op": "set", "side": "ask", "price": 0.64, "size": 34.0}, {"op": "set", "side": "ask", "price": 0.69, "size": 38.0}]}
{"t": 1776976335.619046, "events": [{"op": "delete", "side": "bid", "price": 0.07}, {"op": "set", "side": "bid", "price": 0.06, "size": 30.0}, {"op": "set", "side": "bid", "price": 0.11, "size": 22.0}, {"op": "set", "side": "bid", "price": 0.01, "size": 1050.0}, {"op": "delete", "side": "ask", "price": 0.67}, {"op": "set", "side": "ask", "price": 0.7, "size": 67.0}]}
{"t": 1776976336.625223, "events": [{"op": "set", "side": "bid", "price": 0.12, "size": 65.0}, {"op": "set", "side": "bid", "price": 0.14, "size": 123.0}, {"op": "set", "side": "bid", "price": 0.13, "size": 39.0}, {"op": "set", "side": "bid", "price": 0.05, "size": 97.0}, {"op": "set", "side": "bid", "price": 0.01, "size": 1000.0}, {"op": "set", "side": "ask", "price": 0.61, "size": 764.86}, {"op": "set", "side": "ask", "price": 0.63, "size": 538.0}, {"op": "set", "side": "ask", "price": 0.65, "size": 4.0}, {"op": "set", "side": "ask", "price": 0.64, "size": 430.0}]}
{"t": 1776976339.6474261, "events": [{"op": "set", "side": "bid", "price": 0.14, "size": 101.0}, {"op": "delete", "side": "bid", "price": 0.13}, {"op": "delete", "side": "bid", "price": 0.12}, {"op": "delete", "side": "bid", "price": 0.11}, {"op": "delete", "side": "ask", "price": 0.69}]}
{"t": 1776976340.6580539, "events": [{"op": "delete", "side": "bid", "price": 0.14}, {"op": "set", "side": "bid", "price": 0.15, "size": 29.0}, {"op": "set", "side": "ask", "price": 0.61, "size": 327.86}, {"op": "set", "side": "ask", "price": 0.63, "size": 100.0}, {"op": "delete", "side": "ask", "price": 0.65}, {"op": "set", "side": "ask", "price": 0.67, "size": 30.0}, {"op": "delete", "side": "ask", "price": 0.64}, {"op": "set", "side": "ask", "price": 0.7, "size": 17.0}, {"op": "set", "side": "ask", "price": 0.71, "size": 42.0}]}
{"t": 1776976341.674314, "events": [{"op": "set", "side": "bid", "price": 0.1, "size": 51.0}, {"op": "set", "side": "bid", "price": 0.15, "size": 101.0}, {"op": "set", "side": "bid", "price": 0.16, "size": 157.0}]}
{"t": 1776976342.686982, "events": [{"op": "set", "side": "bid", "price": 0.1, "size": 37.0}, {"op": "set", "side": "bid", "price": 0.15, "size": 60.0}, {"op": "set", "side": "bid", "price": 0.16, "size": 48.0}]}
{"t": 1776976343.692986, "events": [{"op": "set", "side": "bid", "price": 0.17, "size": 100.0}, {"op": "set", "side": "ask", "price": 0.61, "size": 824.86}, {"op": "set", "side": "ask", "price": 0.63, "size": 747.0}, {"op": "set", "side": "ask", "price": 0.66, "size": 107.0}]}
{"t": 1776976344.703347, "events": [{"op": "delete", "side": "bid", "price": 0.16}, {"op": "set", "side": "bid", "price": 0.1, "size": 17.0}, {"op": "delete", "side": "bid", "price": 0.15}, {"op": "delete", "side": "bid", "price": 0.17}, {"op": "set", "side": "bid", "price": 0.18, "size": 28.0}, {"op": "set", "side": "ask", "price": 0.61, "size": 327.86}, {"op": "set", "side": "ask", "price": 0.63, "size": 100.0}, {"op": "delete", "side": "ask", "price": 0.67}, {"op": "delete", "side": "ask", "price": 0.71}, {"op": "set", "side": "ask", "price": 0.64, "size": 30.0}, {"op": "set", "side": "ask", "price": 0.69, "size": 50.0}, {"op": "set", "side": "ask", "price": 0.7, "size": 58.0}, {"op": "set", "side": "ask", "price": 0.66, "size": 100.0}]}
{"t": 1776976350.768629, "events": [{"op": "set", "side": "bid", "price": 0.2, "size": 660.0}, {"op": "set", "side": "bid", "price": 0.1, "size": 36.0}, {"op": "delete", "side": "bid", "price": 0.06}, {"op": "set", "side": "bid", "price": 0.18, "size": 30.0}, {"op": "set", "side": "bid", "price": 0.12, "size": 30.0}, {"op": "set", "side": "bid", "price": 0.19, "size": 132.0}, {"op": "set", "side": "bid", "price": 0.05, "size": 66.0}, {"op": "set", "side": "bid", "price": 0.01, "size": 1040.0}, {"op": "set", "side": "ask", "price": 0.61, "size": 824.86}, {"op": "set", "side": "ask", "price": 0.63, "size": 747.0}, {"op": "set", "side": "ask", "price": 0.64, "size": 37.0}]}
{"t": 1776976351.775647, "events": [{"op": "delete", "side": "bid", "price": 0.2}, {"op": "delete", "side": "bid", "price": 0.12}, {"op": "delete", "side": "bid", "price": 0.18}, {"op": "set", "side": "bid", "price": 0.1, "size": 17.0}, {"op": "delete", "side": "bid", "price": 0.19}, {"op": "set", "side": "bid", "price": 0.05, "size": 96.0}, {"op": "set", "side": "bid", "price": 0.06, "size": 31.0}, {"op": "set", "side": "ask", "price": 0.61, "size": 327.86}, {"op": "set", "side": "ask", "price": 0.63, "size": 100.0}, {"op": "set", "side": "ask", "price": 0.64, "size": 30.0}]}
{"t": 1776976352.80179, "events": [{"op": "set", "side": "bid", "price": 0.1, "size": 67.0}, {"op": "set", "side": "bid", "price": 0.05, "size": 46.0}, {"op": "set", "side": "bid", "price": 0.01, "size": 1090.0}, {"op": "set", "side": "ask", "price": 0.7, "size": 41.0}]}
{"t": 1776976355.830212, "events": [{"op": "delete", "side": "bid", "price": 0.06}]}
{"t": 1776976356.839608, "events": [{"op": "set", "side": "bid", "price": 0.1, "size": 86.0}, {"op": "set", "side": "bid", "price": 0.09, "size": 45.0}, {"op": "set", "side": "bid", "price": 0.13, "size": 40.0}, {"op": "set", "side": "bid", "price": 0.12, "size": 660.0}, {"op": "set", "side": "bid", "price": 0.11, "size": 167.0}, {"op": "set", "side": "ask", "price": 0.61, "size": 824.86}, {"op": "set", "side": "ask", "price": 0.63, "size": 747.0}, {"op": "set", "side": "ask", "price": 0.64, "size": 37.0}]}
{"t": 1776976359.87871, "events": [{"op": "set", "side": "bid", "price": 0.13, "size": 10.0}, {"op": "delete", "side": "bid", "price": 0.12}, {"op": "delete", "side": "bid", "price": 0.11}, {"op": "delete", "side": "bid", "price": 0.09}]}
{"t": 1776976360.895073, "events": [{"op": "set", "side": "bid", "price": 0.13, "size": 49.0}, {"op": "set", "side": "bid", "price": 0.1, "size": 44.0}, {"op": "set", "side": "bid", "price": 0.05, "size": 96.0}, {"op": "set", "side": "bid", "price": 0.15, "size": 184.0}, {"op": "set", "side": "bid", "price": 0.14, "size": 55.0}, {"op": "set", "side": "bid", "price": 0.06, "size": 10.0}, {"op": "set", "side": "bid", "price": 0.01, "size": 1040.0}, {"op": "set", "side": "ask", "price": 0.61, "size": 764.86}, {"op": "set", "side": "ask", "price": 0.63, "size": 539.0}, {"op": "set", "side": "ask", "price": 0.64, "size": 430.0}, {"op": "set", "side": "ask", "price": 0.65, "size": 4.0}]}
{"t": 1776976361.903726, "events": [{"op": "set", "side": "bid", "price": 0.15, "size": 134.0}, {"op": "set", "side": "bid", "price": 0.16, "size": 79.0}]}
{"t": 1776976362.91397, "events": [{"op": "delete", "side": "bid", "price": 0.14}, {"op": "delete", "side": "bid", "price": 0.13}, {"op": "delete", "side": "bid", "price": 0.15}]}
{"t": 1776976363.930155, "events": [{"op": "set", "side": "bid", "price": 0.16, "size": 114.0}, {"op": "set", "side": "bid", "price": 0.1, "size": 70.0}, {"op": "set", "side": "bid", "price": 0.06, "size": 11.0}, {"op": "set", "side": "bid", "price": 0.18, "size": 191.0}, {"op": "set", "side": "bid", "price": 0.17, "size": 106.0}, {"op": "set", "side": "bid", "price": 0.05, "size": 66.0}, {"op": "set", "side": "bid", "price": 0.11, "size": 30.0}]}
{"t": 1776976364.937811, "events": [{"op": "set", "side": "bid", "price": 0.16, "size": 85.0}]}
{"t": 1776976365.9445639, "events": [{"op": "set", "side": "bid", "price": 0.19, "size": 28.0}]}
{"t": 1776976366.949543, "events": [{"op": "set", "side": "ask", "price": 0.67, "size": 1.0}]}
{"t": 1776976367.9569862, "events": [{"op": "set", "side": "bid", "price": 0.15, "size": 1.0}]}
{"t": 1776976368.964451, "events": [{"op": "set", "side": "bid", "price": 0.19, "size": 78.0}]}
{"t": 1776976377.024739, "events": [{"op": "set", "side": "ask", "price": 0.71, "size": 17.0}]}
{"t": 1776976378.028401, "events": [{"op": "set", "side": "bid", "price": 0.06, "size": 49.0}, {"op": "set", "side": "bid", "price": 0.01, "size": 1000.0}, {"op": "delete", "side": "ask", "price": 0.69}, {"op": "delete", "side": "ask", "price": 0.7}]}
{"t": 1776976379.035361, "events": [{"op": "set", "side": "bid", "price": 0.19, "size": 88.0}, {"op": "set", "side": "bid", "price": 0.06, "size": 39.0}, {"op": "delete", "side": "ask", "price": 0.68}, {"op": "set", "side": "ask", "price": 0.64, "size": 400.0}, {"op": "delete", "side": "ask", "price": 0.71}]}
{"t": 1776976380.038481, "events": [{"op": "set", "side": "ask", "price": 0.65, "size": 49.0}, {"op": "set", "side": "ask", "price": 0.67, "size": 51.0}, {"op": "set", "side": "ask", "price": 0.69, "size": 23.0}]}
{"t": 1776976381.043155, "events": [{"op": "set", "side": "bid", "price": 0.19, "size": 38.0}, {"op": "set", "side": "bid", "price": 0.2, "size": 5.0}, {"op": "set", "side": "ask", "price": 0.65, "size": 34.0}, {"op": "set", "side": "ask", "price": 0.68, "size": 15.0}, {"op": "set", "side": "ask", "price": 0.69, "size": 65.0}]}
{"t": 1776976390.085834, "events": [{"op": "set", "side": "bid", "price": 0.2, "size": 12.0}, {"op": "delete", "side": "bid", "price": 0.18}, {"op": "delete", "side": "bid", "price": 0.16}, {"op": "set", "side": "bid", "price": 0.19, "size": 4.0}, {"op": "delete", "side": "bid", "price": 0.17}, {"op": "set", "side": "bid", "price": 0.1, "size": 17.0}, {"op": "set", "side": "bid", "price": 0.06, "size": 38.0}, {"op": "set", "side": "bid", "price": 0.22, "size": 660.0}, {"op": "set", "side": "bid", "price": 0.21, "size": 111.0}, {"op": "set", "side": "bid", "price": 0.05, "size": 50.0}, {"op": "set", "side": "bid", "price": 0.01, "size": 1017.0}, {"op": "set", "side": "bid", "price": 0.12, "size": 10.0}, {"op": "set", "side": "ask", "price": 0.61, "size": 767.86}, {"op": "set", "side": "ask", "price": 0.63, "size": 523.0}, {"op": "set", "side": "ask", "price": 0.65, "size": 342.0}, {"op": "delete", "side": "ask", "price": 0.64}, {"op": "set", "side": "ask", "price": 0.66, "size": 103.0}]}
{"t": 1776976391.098208, "events": [{"op": "set", "side": "bid", "price": 0.23, "size": 27.0}]}
{"t": 1776976393.108543, "events": [{"op": "delete", "side": "bid", "price": 0.22}, {"op": "delete", "side": "bid", "price": 0.21}, {"op": "delete", "side": "bid", "price": 0.19}, {"op": "set", "side": "ask", "price": 0.61, "size": 764.86}, {"op": "set", "side": "ask", "price": 0.65, "size": 34.0}]}
{"t": 1776976395.125777, "events": [{"op": "set", "side": "bid", "price": 0.23, "size": 29.0}, {"op": "set", "side": "bid", "price": 0.2, "size": 24.0}, {"op": "set", "side": "bid", "price": 0.25, "size": 64.0}, {"op": "set", "side": "bid", "price": 0.24, "size": 37.0}, {"op": "set", "side": "bid", "price": 0.19, "size": 50.0}, {"op": "set", "side": "bid", "price": 0.17, "size": 30.0}, {"op": "delete", "side": "bid", "price": 0.11}, {"op": "set", "side": "ask", "price": 0.63, "size": 539.0}, {"op": "set", "side": "ask", "price": 0.65, "size": 430.0}, {"op": "set", "side": "ask", "price": 0.66, "size": 104.0}]}
{"t": 1776976396.130979, "events": [{"op": "set", "side": "bid", "price": 0.26, "size": 25.0}]}
{"t": 1776976415.243485, "events": [{"op": "delete", "side": "bid", "price": 0.26}, {"op": "delete", "side": "bid", "price": 0.25}, {"op": "delete", "side": "bid", "price": 0.23}, {"op": "delete", "side": "bid", "price": 0.24}, {"op": "delete", "side": "bid", "price": 0.19}, {"op": "set", "side": "bid", "price": 0.21, "size": 50.0}, {"op": "delete", "side": "bid", "price": 0.06}, {"op": "set", "side": "bid", "price": 0.05, "size": 68.0}, {"op": "set", "side": "bid", "price": 0.01, "size": 1000.0}]}
{"t": 1776976416.25911, "events": [{"op": "set", "side": "bid", "price": 0.2, "size": 22.0}, {"op": "delete", "side": "bid", "price": 0.17}, {"op": "set", "side": "bid", "price": 0.28, "size": 67.0}, {"op": "set", "side": "bid", "price": 0.27, "size": 34.0}, {"op": "set", "side": "bid", "price": 0.26, "size": 28.0}, {"op": "set", "side": "bid", "price": 0.22, "size": 57.0}]}
{"t": 1776976420.296268, "events": [{"op": "delete", "side": "bid", "price": 0.28}, {"op": "delete", "side": "bid", "price": 0.22}, {"op": "delete", "side": "bid", "price": 0.21}, {"op": "set", "side": "bid", "price": 0.23, "size": 50.0}, {"op": "set", "side": "bid", "price": 0.06, "size": 34.0}, {"op": "set", "side": "bid", "price": 0.19, "size": 30.0}]}
{"t": 1776976421.30323, "events": [{"op": "set", "side": "bid", "price": 0.27, "size": 58.0}]}
{"t": 1776976423.3098712, "events": [{"op": "set", "side": "bid", "price": 0.27, "size": 50.0}, {"op": "delete", "side": "bid", "price": 0.26}, {"op": "set", "side": "bid", "price": 0.23, "size": 69.0}, {"op": "set", "side": "bid", "price": 0.2, "size": 5.0}, {"op": "set", "side": "bid", "price": 0.29, "size": 66.0}, {"op": "set", "side": "bid", "price": 0.28, "size": 37.0}]}
{"t": 1776976424.32556, "events": [{"op": "set", "side": "bid", "price": 0.23, "size": 19.0}, {"op": "set", "side": "bid", "price": 0.2, "size": 55.0}, {"op": "set", "side": "ask", "price": 0.67, "size": 1.0}, {"op": "delete", "side": "ask", "price": 0.68}, {"op": "set", "side": "ask", "price": 0.69, "size": 773.0}, {"op": "set", "side": "ask", "price": 0.01, "size": 285.0}, {"op": "set", "side": "ask", "price": 0.7, "size": 31.0}]}
{"t": 1776976425.340163, "events": [{"op": "delete", "side": "bid", "price": 0.29}, {"op": "delete", "side": "bid", "price": 0.28}, {"op": "delete", "side": "bid", "price": 0.23}, {"op": "set", "side": "bid", "price": 0.2, "size": 5.0}, {"op": "delete", "side": "bid", "price": 0.27}, {"op": "delete", "side": "bid", "price": 0.19}, {"op": "set", "side": "bid", "price": 0.12, "size": 40.0}, {"op": "set", "side": "bid", "price": 0.06, "size": 134.0}, {"op": "set", "side": "bid", "price": 0.21, "size": 26.0}, {"op": "set", "side": "ask", "price": 0.61, "size": 327.86}, {"op": "set", "side": "ask", "price": 0.63, "size": 100.0}, {"op": "set", "side": "ask", "price": 0.65, "size": 30.0}, {"op": "set", "side": "ask", "price": 0.01, "size": 270.0}, {"op": "set", "side": "ask", "price": 0.7, "size": 96.0}, {"op": "set", "side": "ask", "price": 0.66, "size": 100.0}]}
{"t": 1776976426.3578281, "events": [{"op": "set", "side": "bid", "price": 0.06, "size": 34.0}, {"op": "set", "side": "bid", "price": 0.07, "size": 50.0}, {"op": "set", "side": "bid", "price": 0.05, "size": 18.0}]}
{"t": 1776976428.364198, "events": [{"op": "set", "side": "bid", "price": 0.21, "size": 55.0}, {"op": "set", "side": "bid", "price": 0.2, "size": 24.0}, {"op": "set", "side": "bid", "price": 0.23, "size": 660.0}, {"op": "set", "side": "bid", "price": 0.22, "size": 131.0}, {"op": "set", "side": "ask", "price": 0.61, "size": 824.86}, {"op": "set", "side": "ask", "price": 0.63, "size": 747.0}, {"op": "set", "side": "ask", "price": 0.65, "size": 37.0}, {"op": "set", "side": "ask", "price": 0.01, "size": 285.0}, {"op": "set", "side": "ask", "price": 0.7, "size": 81.0}]}
{"t": 1776976430.376935, "events": [{"op": "set", "side": "bid", "price": 0.21, "size": 29.0}]}
{"t": 1776976431.391558, "events": [{"op": "set", "side": "bid", "price": 0.23, "size": 68.0}, {"op": "set", "side": "bid", "price": 0.22, "size": 40.0}, {"op": "set", "side": "bid", "price": 0.21, "size": 26.0}, {"op": "set", "side": "bid", "price": 0.24, "size": 24.0}, {"op": "set", "side": "bid", "price": 0.17, "size": 50.0}, {"op": "set", "side": "bid", "price": 0.05, "size": 118.0}, {"op": "set", "side": "ask", "price": 0.61, "size": 681.86}, {"op": "set", "side": "ask", "price": 0.63, "size": 454.0}, {"op": "set", "side": "ask", "price": 0.65, "size": 52.0}, {"op": "set", "side": "ask", "price": 0.01, "size": 270.0}, {"op": "set", "side": "ask", "price": 0.7, "size": 96.0}]}
{"t": 1776976432.401032, "events": [{"op": "set", "side": "ask", "price": 0.69, "size": 750.0}]}
{"t": 1776976433.407309, "events": [{"op": "set", "side": "ask", "price": 0.7, "size": 113.0}]}
{"t": 1776976436.4190028, "events": [{"op": "delete", "side": "bid", "price": 0.24}, {"op": "delete", "side": "bid", "price": 0.22}, {"op": "delete", "side": "bid", "price": 0.23}, {"op": "set", "side": "bid", "price": 0.2, "size": 22.0}, {"op": "delete", "side": "bid", "price": 0.21}, {"op": "delete", "side": "bid", "price": 0.05}, {"op": "set", "side": "bid", "price": 0.01, "size": 1022.0}, {"op": "set", "side": "ask", "price": 0.65, "size": 37.0}]}
{"t": 1776976437.425882, "events": [{"op": "set", "side": "bid", "price": 0.12, "size": 10.0}, {"op": "set", "side": "bid", "price": 0.26, "size": 67.0}, {"op": "set", "side": "bid", "price": 0.25, "size": 34.0}, {"op": "set", "side": "bid", "price": 0.18, "size": 58.0}, {"op": "set", "side": "bid", "price": 0.05, "size": 100.0}, {"op": "set", "side": "bid", "price": 0.24, "size": 28.0}, {"op": "set", "side": "ask", "price": 0.61, "size": 683.86}, {"op": "set", "side": "ask", "price": 0.63, "size": 455.0}, {"op": "set", "side": "ask", "price": 0.65, "size": 57.0}]}
{"t": 1776976438.4467258, "events": [{"op": "delete", "side": "bid", "price": 0.26}, {"op": "delete", "side": "bid", "price": 0.25}, {"op": "set", "side": "bid", "price": 0.18, "size": 28.0}, {"op": "set", "side": "bid", "price": 0.2, "size": 11.0}, {"op": "delete", "side": "bid", "price": 0.24}, {"op": "delete", "side": "bid", "price": 0.17}, {"op": "set", "side": "bid", "price": 0.12, "size": 40.0}, {"op": "set", "side": "bid", "price": 0.19, "size": 50.0}, {"op": "delete", "side": "ask", "price": 0.27}, {"op": "set", "side": "ask", "price": 0.65, "size": 37.0}]}
{"t": 1776976439.456811, "events": [{"op": "set", "side": "bid", "price": 0.18, "size": 32.0}, {"op": "set", "side": "bid", "price": 0.22, "size": 23.0}, {"op": "set", "side": "bid", "price": 0.21, "size": 9.0}, {"op": "set", "side": "ask", "price": 0.26, "size": 50.0}, {"op": "set", "side": "ask", "price": 0.65, "size": 59.0}]}
{"t": 1776976440.468045, "events": [{"op": "set", "side": "bid", "price": 0.18, "size": 4.0}, {"op": "set", "side": "bid", "price": 0.21, "size": 36.0}]}
{"t": 1776976442.480271, "events": [{"op": "set", "side": "bid", "price": 0.22, "size": 38.0}, {"op": "delete", "side": "bid", "price": 0.18}, {"op": "set", "side": "bid", "price": 0.21, "size": 53.0}, {"op": "set", "side": "bid", "price": 0.2, "size": 24.0}, {"op": "delete", "side": "bid", "price": 0.19}, {"op": "set", "side": "bid", "price": 0.17, "size": 50.0}, {"op": "set", "side": "bid", "price": 0.23, "size": 54.0}, {"op": "set", "side": "ask", "price": 0.65, "size": 60.0}]}
{"t": 1776976443.4918458, "events": [{"op": "set", "side": "bid", "price": 0.23, "size": 69.0}, {"op": "set", "side": "bid", "price": 0.22, "size": 41.0}, {"op": "set", "side": "bid", "price": 0.21, "size": 54.0}, {"op": "delete", "side": "bid", "price": 0.06}, {"op": "set", "side": "bid", "price": 0.02, "size": 526.0}, {"op": "set", "side": "ask", "price": 0.63, "size": 456.0}]}
{"t": 1776976445.5077739, "events": [{"op": "set", "side": "bid", "price": 0.23, "size": 93.0}, {"op": "set", "side": "bid", "price": 0.21, "size": 27.0}, {"op": "set", "side": "ask", "price": 0.72, "size": 750.0}, {"op": "delete", "side": "ask", "price": 0.69}, {"op": "set", "side": "ask", "price": 0.73, "size": 52.0}, {"op": "set", "side": "ask", "price": 0.7, "size": 17.0}]}
{"t": 1776976447.5231931, "events": [{"op": "delete", "side": "ask", "price": 0.7}]}
{"t": 1776976448.525116, "events": [{"op": "delete", "side": "bid", "price": 0.23}, {"op": "set", "side": "ask", "price": 0.73, "size": 69.0}]}
{"t": 1776976449.5285199, "events": [{"op": "set", "side": "ask", "price": 0.72, "size": 300.0}]}
{"t": 1776976450.5300539, "events": [{"op": "set", "side": "bid", "price": 0.18, "size": 28.0}, {"op": "set", "side": "ask", "price": 0.25, "size": 13.0}, {"op": "set", "side": "ask", "price": 0.64, "size": 50.0}]}
{"t": 1776976451.535392, "events": [{"op": "set", "side": "bid", "price": 0.22, "size": 25.0}, {"op": "set", "side": "bid", "price": 0.21, "size": 10.0}, {"op": "set", "side": "bid", "price": 0.2, "size": 12.0}, {"op": "delete", "side": "bid", "price": 0.17}, {"op": "set", "side": "ask", "price": 0.61, "size": 625.86}, {"op": "set", "side": "ask", "price": 0.63, "size": 409.0}, {"op": "set", "side": "ask", "price": 0.65, "size": 35.0}]}
{"t": 1776976452.543754, "events": [{"op": "set", "side": "bid", "price": 0.17, "size": 4.0}, {"op": "set", "side": "ask", "price": 0.64, "size": 528.0}]}
{"t": 1776976454.565593, "events": [{"op": "set", "side": "bid", "price": 0.22, "size": 23.0}, {"op": "set", "side": "bid", "price": 0.21, "size": 9.0}, {"op": "set", "side": "bid", "price": 0.2, "size": 11.0}, {"op": "delete", "side": "bid", "price": 0.17}, {"op": "set", "side": "ask", "price": 0.61, "size": 327.86}]}
{"t": 1776976455.5719721, "events": [{"op": "set", "side": "bid", "price": 0.22, "size": 17.0}, {"op": "set", "side": "bid", "price": 0.18, "size": 4.0}, {"op": "set", "side": "bid", "price": 0.19, "size": 27.0}, {"op": "set", "side": "ask", "price": 0.63, "size": 531.0}, {"op": "set", "side": "ask", "price": 0.64, "size": 396.0}, {"op": "set", "side": "ask", "price": 0.65, "size": 310.0}, {"op": "set", "side": "ask", "price": 0.66, "size": 103.0}]}
{"t": 1776976456.585608, "events": [{"op": "set", "side": "bid", "price": 0.2, "size": 6.0}]}
{"t": 1776976458.60728, "events": [{"op": "delete", "side": "bid", "price": 0.22}, {"op": "delete", "side": "bid", "price": 0.18}, {"op": "set", "side": "ask", "price": 0.63, "size": 409.0}, {"op": "set", "side": "ask", "price": 0.65, "size": 35.0}]}
{"t": 1776976459.62, "events": [{"op": "set", "side": "bid", "price": 0.21, "size": 660.0}, {"op": "set", "side": "bid", "price": 0.2, "size": 134.0}, {"op": "set", "side": "bid", "price": 0.15, "size": 22.0}, {"op": "set", "side": "bid", "price": 0.19, "size": 59.0}, {"op": "delete", "side": "bid", "price": 0.05}, {"op": "set", "side": "ask", "price": 0.64, "size": 489.0}]}
{"t": 1776976460.625124, "events": [{"op": "set", "side": "bid", "price": 0.19, "size": 32.0}, {"op": "set", "side": "bid", "price": 0.22, "size": 84.62}, {"op": "set", "side": "bid", "price": 0.05, "size": 31.0}, {"op": "set", "side": "bid", "price": 0.01, "size": 1000.0}, {"op": "set", "side": "ask", "price": 0.63, "size": 537.0}, {"op": "set", "side": "ask", "price": 0.65, "size": 430.0}, {"op": "set", "side": "ask", "price": 0.66, "size": 104.0}]}
{"t": 1776976461.631319, "events": [{"op": "set", "side": "bid", "price": 0.22, "size": 26.000000000000007}, {"op": "delete", "side": "bid", "price": 0.21}, {"op": "delete", "side": "bid", "price": 0.2}, {"op": "delete", "side": "bid", "price": 0.19}, {"op": "set", "side": "bid", "price": 0.07, "size": 150.0}]}
