{"t": 1776975854.366905, "events": [{"op": "set", "side": "bid", "price": 0.02, "size": 50.0}]}
{"t": 1776975861.4545841, "events": [{"op": "delete", "side": "bid", "price": 0.86}, {"op": "delete", "side": "bid", "price": 0.02}]}
{"t": 1776975878.59487, "events": [{"op": "set", "side": "bid", "price": 0.81, "size": 317.21000000000004}, {"op": "delete", "side": "bid", "price": 0.82}, {"op": "delete", "side": "ask", "price": 0.03}, {"op": "set", "side": "ask", "price": 0.02, "size": 51.629999999999995}, {"op": "set", "side": "ask", "price": 0.01, "size": 400.0}]}
{"t": 1776975882.637974, "events": [{"op": "set", "side": "bid", "price": 0.81, "size": 1176.21}, {"op": "set", "side": "bid", "price": 0.82, "size": 1141.0}, {"op": "set", "side": "ask", "price": 0.03, "size": 180.0}, {"op": "set", "side": "ask", "price": 0.02, "size": 110.63}, {"op": "set", "side": "ask", "price": 0.01, "size": 422.0}]}
{"t": 1776975889.700941, "events": [{"op": "set", "side": "ask", "price": 0.03, "size": 56.0}, {"op": "set", "side": "ask", "price": 0.02, "size": 95.63}, {"op": "set", "side": "ask", "price": 0.01, "size": 426.0}]}
{"t": 1776975913.861079, "events": [{"op": "set", "side": "ask", "price": 0.03, "size": 54.0}, {"op": "set", "side": "ask", "price": 0.02, "size": 86.63}, {"op": "set", "side": "ask", "price": 0.01, "size": 419.0}]}
{"t": 1776975916.9452019, "events": [{"op": "set", "side": "ask", "price": 0.03, "size": 46.0}]}
{"t": 1776975917.960892, "events": [{"op": "set", "side": "ask", "price": 0.02, "size": 88.63}, {"op": "set", "side": "ask", "price": 0.01, "size": 422.0}]}
{"t": 1776975940.061205, "events": [{"op": "set", "side": "bid", "price": 0.81, "size": 317.21000000000004}, {"op": "delete", "side": "bid", "price": 0.82}, {"op": "delete", "side": "ask", "price": 0.03}, {"op": "set", "side": "ask", "price": 0.02, "size": 51.629999999999995}, {"op": "set", "side": "ask", "price": 0.01, "size": 400.0}]}
{"t": 1776975942.095907, "events": [{"op": "set", "side": "bid", "price": 0.81, "size": 1176.21}, {"op": "set", "side": "bid", "price": 0.82, "size": 1141.0}, {"op": "set", "side": "ask", "price": 0.03, "size": 180.0}, {"op": "set", "side": "ask", "price": 0.02, "size": 110.63}, {"op": "set", "side": "ask", "price": 0.01, "size": 422.0}]}
{"t": 1776975946.19179, "events": [{"op": "set", "side": "ask", "price": 0.03, "size": 56.0}, {"op": "set", "side": "ask", "price": 0.02, "size": 95.63}]}
{"t": 1776975948.2322109, "events": [{"op": "set", "side": "ask", "price": 0.01, "size": 426.0}]}
{"t": 1776975951.2976189, "events": [{"op": "set", "side": "bid", "price": 0.81, "size": 317.21000000000004}, {"op": "delete", "side": "bid", "price": 0.82}, {"op": "delete", "side": "ask", "price": 0.03}, {"op": "set", "side": "ask", "price": 0.02, "size": 51.629999999999995}, {"op": "set", "side": "ask", "price": 0.01, "size": 400.0}]}
{"t": 1776975953.32274, "events": [{"op": "set", "side": "bid", "price": 0.81, "size": 1176.21}, {"op": "set", "side": "bid", "price": 0.82, "size": 1141.0}, {"op": "set", "side": "ask", "price": 0.03, "size": 180.0}, {"op": "set", "side": "ask", "price": 0.01, "size": 422.0}]}
{"t": 1776975954.332581, "events": [{"op": "set", "side": "ask", "price": 0.02, "size": 110.63}]}
{"t": 1776975959.372451, "events": [{"op": "set", "side": "ask", "price": 0.03, "size": 56.0}, {"op": "set", "side": "ask", "price": 0.02, "size": 95.63}, {"op": "set", "side": "ask", "price": 0.01, "size": 426.0}]}
{"t": 1776975971.450849, "events": [{"op": "set", "side": "ask", "price": 0.01, "size": 422.0}]}
{"t": 1776975972.4612129, "events": [{"op": "set", "side": "ask", "price": 0.03, "size": 54.0}, {"op": "set", "side": "ask", "price": 0.02, "size": 86.63}, {"op": "set", "side": "ask", "price": 0.01, "size": 419.0}]}
{"t": 1776975978.524107, "events": [{"op": "set", "side": "ask", "price": 0.03, "size": 46.0}, {"op": "set", "side": "ask", "price": 0.02, "size": 88.63}, {"op": "set", "side": "ask", "price": 0.01, "size": 422.0}]}
{"t": 1776975989.593303, "events": [{"op": "set", "side": "ask", "price": 0.03, "size": 45.0}]}
{"t": 1776976044.185159, "events": [{"op": "set", "side": "bid", "price": 0.81, "size": 317.21000000000004}, {"op": "delete", "side": "bid", "price": 0.82}, {"op": "delete", "side": "bid", "price": 0.65}, {"op": "set", "side": "bid", "price": 0.02, "size": 35.0}, {"op": "delete", "side": "ask", "price": 0.03}, {"op": "set", "side": "ask", "price": 0.02, "size": 51.629999999999995}, {"op": "set", "side": "ask", "price": 0.01, "size": 400.0}]}
{"t": 1776976047.209746, "events": [{"op": "set", "side": "bid", "price": 0.81, "size": 1176.21}, {"op": "set", "side": "bid", "price": 0.82, "size": 1141.0}, {"op": "set", "side": "ask", "price": 0.03, "size": 180.0}, {"op": "set", "side": "ask", "price": 0.02, "size": 110.63}, {"op": "set", "side": "ask", "price": 0.01, "size": 422.0}]}
{"t": 1776976050.238752, "events": [{"op": "set", "side": "ask", "price": 0.03, "size": 56.0}, {"op": "set", "side": "ask", "price": 0.02, "size": 95.63}, {"op": "set", "side": "ask", "price": 0.01, "size": 426.0}]}
{"t": 1776976058.306615, "events": [{"op": "set", "side": "bid", "price": 0.81, "size": 317.21000000000004}, {"op": "delete", "side": "bid", "price": 0.82}, {"op": "delete", "side": "ask", "price": 0.03}, {"op": "set", "side": "ask", "price": 0.02, "size": 51.629999999999995}, {"op": "set", "side": "ask", "price": 0.01, "size": 400.0}]}
{"t": 1776976061.337662, "events": [{"op": "set", "side": "bid", "price": 0.81, "size": 1176.21}, {"op": "set", "side": "bid", "price": 0.82, "size": 1141.0}, {"op": "set", "side": "ask", "price": 0.03, "size": 180.0}, {"op": "set", "side": "ask", "price": 0.02, "size": 110.63}, {"op": "set", "side": "ask", "price": 0.01, "size": 422.0}]}
{"t": 1776976065.3873029, "events": [{"op": "set", "side": "ask", "price": 0.03, "size": 56.0}, {"op": "set", "side": "ask", "price": 0.02, "size": 95.63}]}
{"t": 1776976066.397533, "events": [{"op": "set", "side": "ask", "price": 0.01, "size": 426.0}]}
{"t": 1776976074.460224, "events": [{"op": "set", "side": "ask", "price": 0.03, "size": 54.0}, {"op": "set", "side": "ask", "price": 0.02, "size": 86.63}, {"op": "set", "side": "ask", "price": 0.01, "size": 419.0}]}
{"t": 1776976077.482344, "events": [{"op": "set", "side": "ask", "price": 0.03, "size": 46.0}]}
{"t": 1776976078.494921, "events": [{"op": "set", "side": "ask", "price": 0.02, "size": 88.63}, {"op": "set", "side": "ask", "price": 0.01, "size": 422.0}]}
{"t": 1776976085.548361, "events": [{"op": "set", "side": "bid", "price": 0.81, "size": 317.21000000000004}, {"op": "delete", "side": "bid", "price": 0.82}, {"op": "delete", "side": "ask", "price": 0.03}, {"op": "set", "side": "ask", "price": 0.02, "size": 51.629999999999995}, {"op": "set", "side": "ask", "price": 0.01, "size": 400.0}]}
{"t": 1776976088.582797, "events": [{"op": "set", "side": "bid", "price": 0.81, "size": 1176.21}, {"op": "set", "side": "bid", "price": 0.82, "size": 1141.0}, {"op": "set", "side": "ask", "price": 0.03, "size": 180.0}, {"op": "set", "side": "ask", "price": 0.02, "size": 110.63}, {"op": "set", "side": "ask", "price": 0.01, "size": 422.0}]}
{"t": 1776976091.599458, "events": [{"op": "set", "side": "ask", "price": 0.03, "size": 56.0}, {"op": "set", "side": "ask", "price": 0.02, "size": 95.63}]}
{"t": 1776976093.6152132, "events": [{"op": "set", "side": "ask", "price": 0.01, "size": 426.0}]}
{"t": 1776976095.6349592, "events": [{"op": "set", "side": "ask", "price": 0.01, "size": 422.0}]}
{"t": 1776976096.652119, "events": [{"op": "set", "side": "ask", "price": 0.03, "size": 54.0}, {"op": "set", "side": "ask", "price": 0.02, "size": 86.63}, {"op": "set", "side": "ask", "price": 0.01, "size": 419.0}]}
{"t": 1776976099.67869, "events": [{"op": "set", "side": "ask", "price": 0.03, "size": 46.0}]}
{"t": 1776976100.698726, "events": [{"op": "set", "side": "ask", "price": 0.02, "size": 88.63}, {"op": "set", "side": "ask", "price": 0.01, "size": 422.0}]}
{"t": 1776976113.775799, "events": [{"op": "set", "side": "ask", "price": 0.03, "size": 45.0}]}
{"t": 1776976135.934583, "events": [{"op": "set", "side": "bid", "price": 0.81, "size": 317.21000000000004}, {"op": "delete", "side": "bid", "price": 0.82}, {"op": "delete", "side": "ask", "price": 0.03}, {"op": "set", "side": "ask", "price": 0.02, "size": 51.629999999999995}, {"op": "set", "side": "ask", "price": 0.01, "size": 400.0}]}
{"t": 1776976139.976351, "events": [{"op": "set", "side": "bid", "price": 0.81, "size": 1176.21}, {"op": "set", "side": "bid", "price": 0.82, "size": 1141.0}, {"op": "set", "side": "ask", "price": 0.03, "size": 180.0}, {"op": "set", "side": "ask", "price": 0.02, "size": 110.63}, {"op": "set", "side": "ask", "price": 0.01, "size": 422.0}]}
{"t": 1776976152.035327, "events": [{"op": "set", "side": "bid", "price": 0.81, "size": 317.21000000000004}, {"op": "delete", "side": "bid", "price": 0.82}, {"op": "delete", "side": "ask", "price": 0.03}, {"op": "set", "side": "ask", "price": 0.02, "size": 51.629999999999995}, {"op": "set", "side": "ask", "price": 0.01, "size": 400.0}]}
{"t": 1776976153.054967, "events": [{"op": "set", "side": "bid", "price": 0.81, "size": 1176.21}, {"op": "set", "side": "bid", "price": 0.82, "size": 1141.0}, {"op": "set", "side": "ask", "price": 0.03, "size": 180.0}, {"op": "set", "side": "ask", "price": 0.02, "size": 110.63}, {"op": "set", "side": "ask", "price": 0.01, "size": 422.0}]}
{"t": 1776976172.213068, "events": [{"op": "set", "side": "ask", "price": 0.03, "size": 56.0}, {"op": "set", "side": "ask", "price": 0.02, "size": 95.63}]}
{"t": 1776976173.230133, "events": [{"op": "set", "side": "ask", "price": 0.01, "size": 426.0}]}
{"t": 1776976175.24962, "events": [{"op": "set", "side": "ask", "price": 0.01, "size": 422.0}]}
{"t": 1776976176.259373, "events": [{"op": "set", "side": "ask", "price": 0.03, "size": 54.0}, {"op": "set", "side": "ask", "price": 0.02, "size": 86.63}, {"op": "set", "side": "ask", "price": 0.01, "size": 419.0}]}
{"t": 1776976197.420757, "events": [{"op": "set", "side": "ask", "price": 0.03, "size": 46.0}]}
{"t": 1776976198.435571, "events": [{"op": "set", "side": "ask", "price": 0.02, "size": 88.63}, {"op": "set", "side": "ask", "price": 0.01, "size": 422.0}]}
{"t": 1776976204.476952, "events": [{"op": "set", "side": "bid", "price": 0.81, "size": 317.21000000000004}, {"op": "delete", "side": "bid", "price": 0.82}, {"op": "delete", "side": "ask", "price": 0.03}, {"op": "set", "side": "ask", "price": 0.02, "size": 51.629999999999995}, {"op": "set", "side": "ask", "price": 0.01, "size": 400.0}]}
{"t": 1776976207.508864, "events": [{"op": "set", "side": "bid", "price": 0.81, "size": 1176.21}, {"op": "set", "side": "bid", "price": 0.82, "size": 1141.0}, {"op": "set", "side": "ask", "price": 0.03, "size": 180.0}, {"op": "set", "side": "ask", "price": 0.02, "size": 110.63}, {"op": "set", "side": "ask", "price": 0.01, "size": 422.0}]}
{"t": 1776976215.5757089, "events": [{"op": "set", "side": "ask", "price": 0.03, "size": 56.0}, {"op": "set", "side": "ask", "price": 0.02, "size": 95.63}, {"op": "set", "side": "ask", "price": 0.01, "size": 426.0}]}
{"t": 1776976217.597552, "events": [{"op": "set", "side": "ask", "price": 0.01, "size": 422.0}]}
{"t": 1776976218.6080482, "events": [{"op": "set", "side": "ask", "price": 0.03, "size": 54.0}, {"op": "set", "side": "ask", "price": 0.02, "size": 86.63}, {"op": "set", "side": "ask", "price": 0.01, "size": 419.0}]}
{"t": 1776976222.6332319, "events": [{"op": "set", "side": "ask", "price": 0.03, "size": 46.0}, {"op": "set", "side": "ask", "price": 0.02, "size": 88.63}, {"op": "set", "side": "ask", "price": 0.01, "size": 422.0}]}
{"t": 1776976223.6436858, "events": [{"op": "set", "side": "ask", "price": 0.03, "size": 45.0}]}
{"t": 1776976285.139929, "events": [{"op": "set", "side": "bid", "price": 0.81, "size": 317.21000000000004}, {"op": "delete", "side": "bid", "price": 0.82}, {"op": "delete", "side": "ask", "price": 0.03}, {"op": "set", "side": "ask", "price": 0.02, "size": 51.629999999999995}, {"op": "set", "side": "ask", "price": 0.01, "size": 400.0}]}
{"t": 1776976287.161626, "events": [{"op": "set", "side": "bid", "price": 0.81, "size": 1176.21}, {"op": "set", "side": "bid", "price": 0.82, "size": 1141.0}, {"op": "set", "side": "ask", "price": 0.03, "size": 180.0}, {"op": "set", "side": "ask", "price": 0.02, "size": 110.63}, {"op": "set", "side": "ask", "price": 0.01, "size": 422.0}]}
{"t": 1776976301.276474, "events": [{"op": "set", "side": "bid", "price": 0.81, "size": 317.21000000000004}, {"op": "delete", "side": "bid", "price": 0.82}, {"op": "delete", "side": "ask", "price": 0.03}, {"op": "set", "side": "ask", "price": 0.02, "size": 51.629999999999995}, {"op": "set", "side": "ask", "price": 0.01, "size": 400.0}]}
{"t": 1776976304.313708, "events": [{"op": "set", "side": "bid", "price": 0.81, "size": 1176.21}, {"op": "set", "side": "bid", "price": 0.82, "size": 1141.0}, {"op": "set", "side": "ask", "price": 0.03, "size": 180.0}, {"op": "set", "side": "ask", "price": 0.02, "size": 110.63}, {"op": "set", "side": "ask", "price": 0.01, "size": 422.0}]}
{"t": 1776976307.3653572, "events": [{"op": "set", "side": "ask", "price": 0.03, "size": 56.0}, {"op": "set", "side": "ask", "price": 0.02, "size": 95.63}, {"op": "set", "side": "ask", "price": 0.01, "size": 426.0}]}
{"t": 1776976323.4797351, "events": [{"op": "set", "side": "ask", "price": 0.03, "size": 54.0}, {"op": "set", "side": "ask", "price": 0.02, "size": 86.63}, {"op": "set", "side": "ask", "price": 0.01, "size": 419.0}]}
{"t": 1776976333.587355, "events": [{"op": "set", "side": "ask", "price": 0.03, "size": 46.0}, {"op": "set", "side": "ask", "price": 0.02, "size": 88.63}, {"op": "set", "side": "ask", "price": 0.01, "size": 422.0}]}
{"t": 1776976335.619046, "events": [{"op": "set", "side": "ask", "price": 0.03, "size": 45.0}]}
{"t": 1776976340.6580539, "events": [{"op": "set", "side": "bid", "price": 0.81, "size": 317.21000000000004}, {"op": "delete", "side": "bid", "price": 0.82}, {"op": "delete", "side": "ask", "price": 0.03}, {"op": "set", "side": "ask", "price": 0.02, "size": 51.629999999999995}, {"op": "set", "side": "ask", "price": 0.01, "size": 400.0}]}
{"t": 1776976343.692986, "events": [{"op": "set", "side": "bid", "price": 0.81, "size": 1176.21}, {"op": "set", "side": "bid", "price": 0.82, "size": 1141.0}, {"op": "set", "side": "ask", "price": 0.03, "size": 180.0}, {"op": "set", "side": "ask", "price": 0.02, "size": 110.63}, {"op": "set", "side": "ask", "price": 0.01, "size": 422.0}]}
{"t": 1776976344.703347, "events": [{"op": "set", "side": "bid", "price": 0.81, "size": 317.21000000000004}, {"op": "delete", "side": "bid", "price": 0.82}, {"op": "delete", "side": "ask", "price": 0.03}, {"op": "set", "side": "ask", "price": 0.02, "size": 51.629999999999995}, {"op": "set", "side": "ask", "price": 0.01, "size": 400.0}]}
{"t": 1776976348.738213, "events": [{"op": "set", "side": "bid", "price": 0.81, "size": 1176.21}, {"op": "set", "side": "bid", "price": 0.82, "size": 1141.0}, {"op": "set", "side": "ask", "price": 0.03, "size": 180.0}, {"op": "set", "side": "ask", "price": 0.02, "size": 110.63}, {"op": "set", "side": "ask", "price": 0.01, "size": 422.0}]}
{"t": 1776976351.775647, "events": [{"op": "set", "side": "bid", "price": 0.81, "size": 317.21000000000004}, {"op": "delete", "side": "bid", "price": 0.82}, {"op": "delete", "side": "ask", "price": 0.03}, {"op": "set", "side": "ask", "price": 0.02, "size": 51.629999999999995}, {"op": "set", "side": "ask", "price": 0.01, "size": 400.0}]}
{"t": 1776976356.839608, "events": [{"op": "set", "side": "bid", "price": 0.81, "size": 1176.21}, {"op": "set", "side": "bid", "price": 0.82, "size": 1141.0}, {"op": "set", "side": "ask", "price": 0.03, "size": 180.0}, {"op": "set", "side": "ask", "price": 0.02, "size": 110.63}, {"op": "set", "side": "ask", "price": 0.01, "size": 422.0}]}
{"t": 1776976359.87871, "events": [{"op": "set", "side": "ask", "price": 0.03, "size": 56.0}, {"op": "set", "side": "ask", "price": 0.02, "size": 95.63}]}
{"t": 1776976360.895073, "events": [{"op": "set", "side": "ask", "price": 0.01, "size": 426.0}]}
{"t": 1776976362.91397, "events": [{"op": "set", "side": "ask", "price": 0.03, "size": 54.0}, {"op": "set", "side": "ask", "price": 0.02, "size": 86.63}, {"op": "set", "side": "ask", "price": 0.01, "size": 419.0}]}
{"t": 1776976390.085834, "events": [{"op": "set", "side": "ask", "price": 0.03, "size": 46.0}, {"op": "set", "side": "ask", "price": 0.02, "size": 88.63}, {"op": "set", "side": "ask", "price": 0.01, "size": 422.0}]}
{"t": 1776976394.119156, "events": [{"op": "set", "side": "ask", "price": 0.03, "size": 45.0}]}
{"t": 1776976425.340163, "events": [{"op": "set", "side": "bid", "price": 0.81, "size": 317.21000000000004}, {"op": "delete", "side": "bid", "price": 0.82}, {"op": "delete", "side": "ask", "price": 0.03}, {"op": "set", "side": "ask", "price": 0.02, "size": 51.629999999999995}, {"op": "set", "side": "ask", "price": 0.01, "size": 400.0}]}
{"t": 1776976428.364198, "events": [{"op": "set", "side": "bid", "price": 0.81, "size": 1176.21}, {"op": "set", "side": "bid", "price": 0.82, "size": 1141.0}, {"op": "set", "side": "ask", "price": 0.03, "size": 180.0}, {"op": "set", "side": "ask", "price": 0.02, "size": 110.63}, {"op": "set", "side": "ask", "price": 0.01, "size": 422.0}]}
{"t": 1776976431.391558, "events": [{"op": "set", "side": "ask", "price": 0.03, "size": 56.0}, {"op": "set", "side": "ask", "price": 0.02, "size": 95.63}, {"op": "set", "side": "ask", "price": 0.01, "size": 426.0}]}
{"t": 1776976436.4190028, "events": [{"op": "set", "side": "ask", "price": 0.03, "size": 54.0}, {"op": "set", "side": "ask", "price": 0.02, "size": 86.63}, {"op": "set", "side": "ask", "price": 0.01, "size": 419.0}]}
{"t": 1776976438.4467258, "events": [{"op": "set", "side": "ask", "price": 0.03, "size": 46.0}]}
{"t": 1776976439.456811, "events": [{"op": "set", "side": "ask", "price": 0.02, "size": 88.63}, {"op": "set", "side": "ask", "price": 0.01, "size": 422.0}]}
{"t": 1776976442.480271, "events": [{"op": "set", "side": "ask", "price": 0.03, "size": 45.0}]}
{"t": 1776976465.66493, "events": [{"op": "set", "side": "bid", "price": 0.81, "size": 317.21000000000004}, {"op": "delete", "side": "bid", "price": 0.82}, {"op": "delete", "side": "ask", "price": 0.03}, {"op": "set", "side": "ask", "price": 0.02, "size": 51.629999999999995}, {"op": "set", "side": "ask", "price": 0.01, "size": 400.0}]}
{"t": 1776976467.6886039, "events": [{"op": "set", "side": "bid", "price": 0.81, "size": 1176.21}, {"op": "set", "side": "bid", "price": 0.82, "size": 1141.0}, {"op": "set", "side": "ask", "price": 0.03, "size": 180.0}, {"op": "set", "side": "ask", "price": 0.02, "size": 110.63}, {"op": "set", "side": "ask", "price": 0.01, "size": 422.0}]}
{"t": 1776976472.725442, "events": [{"op": "set", "side": "ask", "price": 0.03, "size": 56.0}, {"op": "set", "side": "ask", "price": 0.02, "size": 95.63}, {"op": "set", "side": "ask", "price": 0.01, "size": 426.0}]}
{"t": 1776976477.761339, "events": [{"op": "set", "side": "bid", "price": 0.81, "size": 317.21000000000004}, {"op": "delete", "side": "bid", "price": 0.82}, {"op": "delete", "side": "ask", "price": 0.03}, {"op": "set", "side": "ask", "price": 0.02, "size": 51.629999999999995}, {"op": "set", "side": "ask", "price": 0.01, "size": 400.0}]}
{"t": 1776976480.793513, "events": [{"op": "set", "side": "bid", "price": 0.81, "size": 1176.21}, {"op": "set", "side": "bid", "price": 0.82, "size": 1141.0}, {"op": "set", "side": "ask", "price": 0.03, "size": 180.0}, {"op": "set", "side": "ask", "price": 0.02, "size": 110.63}, {"op": "set", "side": "ask", "price": 0.01, "size": 422.0}]}
{"t": 1776976484.820907, "events": [{"op": "set", "side": "ask", "price": 0.03, "size": 56.0}, {"op": "set", "side": "ask", "price": 0.02, "size": 95.63}]}
{"t": 1776976485.858399, "events": [{"op": "set", "side": "ask", "price": 0.01, "size": 426.0}]}
{"t": 1776976490.901129, "events": [{"op": "set", "side": "ask", "price": 0.03, "size": 54.0}, {"op": "set", "side": "ask", "price": 0.02, "size": 86.63}, {"op": "set", "side": "ask", "price": 0.01, "size": 419.0}]}
{"t": 1776976506.004798, "events": [{"op": "set", "side": "ask", "price": 0.03, "size": 46.0}, {"op": "set", "side": "ask", "price": 0.02, "size": 88.63}, {"op": "set", "side": "ask", "price": 0.01, "size": 422.0}]}
{"t": 1776976516.090231, "events": [{"op": "delete", "side": "bid", "price": 0.43}, {"op": "set", "side": "bid", "price": 0.45, "size": 3903.0}]}
{"t": 1776976521.1357608, "events": [{"op": "set", "side": "ask", "price": 0.03, "size": 45.0}]}
{"t": 1776976536.203557, "events": [{"op": "set", "side": "bid", "price": 0.81, "size": 317.21000000000004}, {"op": "delete", "side": "bid", "price": 0.82}, {"op": "delete", "side": "ask", "price": 0.03}, {"op": "set", "side": "ask", "price": 0.02, "size": 51.629999999999995}, {"op": "set", "side": "ask", "price": 0.01, "size": 400.0}]}
{"t": 1776976537.216504, "events": [{"op": "set", "side": "bid", "price": 0.81, "size": 1176.21}, {"op": "set", "side": "bid", "price": 0.82, "size": 1141.0}, {"op": "set", "side": "ask", "price": 0.03, "size": 180.0}, {"op": "set", "side": "ask", "price": 0.02, "size": 110.63}, {"op": "set", "side": "ask", "price": 0.01, "size": 422.0}]}
{"t": 1776976541.245595, "events": [{"op": "set", "side": "ask", "price": 0.03, "size": 56.0}]}
{"t": 1776976542.257569, "events": [{"op": "set", "side": "ask", "price": 0.02, "size": 95.63}]}
{"t": 1776976544.27052, "events": [{"op": "set", "side": "ask", "price": 0.01, "size": 426.0}]}
{"t": 1776976545.305117, "events": [{"op": "set", "side": "bid", "price": 0.94, "size": 58.0}, {"op": "set", "side": "ask", "price": 0.01, "size": 422.0}]}
{"t": 1776976546.315924, "events": [{"op": "set", "side": "ask", "price": 0.03, "size": 54.0}, {"op": "set", "side": "ask", "price": 0.02, "size": 86.63}, {"op": "set", "side": "ask", "price": 0.01, "size": 419.0}]}
{"t": 1776976548.331649, "events": [{"op": "delete", "side": "bid", "price": 0.44}, {"op": "set", "side": "bid", "price": 0.62, "size": 42.0}, {"op": "set", "side": "ask", "price": 0.03, "size": 46.0}]}
{"t": 1776976550.374534, "events": [{"op": "set", "side": "ask", "price": 0.02, "size": 88.63}, {"op": "set", "side": "ask", "price": 0.01, "size": 422.0}]}
{"t": 1776976552.38733, "events": [{"op": "set", "side": "ask", "price": 0.03, "size": 45.0}]}
{"t": 1776976569.49947, "events": [{"op": "set", "side": "bid", "price": 0.81, "size": 317.21000000000004}, {"op": "delete", "side": "bid", "price": 0.82}, {"op": "delete", "side": "ask", "price": 0.03}, {"op": "set", "side": "ask", "price": 0.02, "size": 51.629999999999995}, {"op": "set", "side": "ask", "price": 0.01, "size": 400.0}]}
{"t": 1776976571.5276349, "events": [{"op": "set", "side": "bid", "price": 0.81, "size": 1176.21}, {"op": "set", "side": "bid", "price": 0.82, "size": 1141.0}, {"op": "set", "side": "ask", "price": 0.03, "size": 180.0}, {"op": "set", "side": "ask", "price": 0.02, "size": 110.63}, {"op": "set", "side": "ask", "price": 0.01, "size": 422.0}]}
{"t": 1776976574.550605, "events": [{"op": "set", "side": "ask", "price": 0.03, "size": 56.0}, {"op": "set", "side": "ask", "price": 0.02, "size": 95.63}, {"op": "set", "side": "ask", "price": 0.01, "size": 426.0}]}
{"t": 1776976576.575867, "events": [{"op": "set", "side": "ask", "price": 0.01, "size": 422.0}]}
{"t": 1776976577.582925, "events": [{"op": "set", "side": "ask", "price": 0.03, "size": 54.0}, {"op": "set", "side": "ask", "price": 0.02, "size": 86.63}, {"op": "set", "side": "ask", "price": 0.01, "size": 419.0}]}
{"t": 1776976579.598368, "events": [{"op": "set", "side": "ask", "price": 0.03, "size": 46.0}, {"op": "set", "side": "ask", "price": 0.02, "size": 88.63}, {"op": "set", "side": "ask", "price": 0.01, "size": 422.0}]}
{"t": 1776976582.626801, "events": [{"op": "set", "side": "ask", "price": 0.03, "size": 45.0}]}
{"t": 1776976627.946018, "events": [{"op": "set", "side": "bid", "price": 0.81, "size": 317.21000000000004}, {"op": "delete", "side": "bid", "price": 0.82}, {"op": "delete", "side": "ask", "price": 0.03}, {"op": "set", "side": "ask", "price": 0.02, "size": 51.629999999999995}, {"op": "set", "side": "ask", "price": 0.01, "size": 400.0}]}
{"t": 1776976631.9891021, "events": [{"op": "set", "side": "bid", "price": 0.81, "size": 1176.21}, {"op": "set", "side": "bid", "price": 0.82, "size": 1141.0}, {"op": "set", "side": "ask", "price": 0.03, "size": 180.0}, {"op": "set", "side": "ask", "price": 0.02, "size": 110.63}, {"op": "set", "side": "ask", "price": 0.01, "size": 422.0}]}
{"t": 1776976637.021386, "events": [{"op": "set", "side": "ask", "price": 0.03, "size": 56.0}, {"op": "set", "side": "ask", "price": 0.02, "size": 95.63}, {"op": "set", "side": "ask", "price": 0.01, "size": 426.0}]}
{"t": 1776976648.087174, "events": [{"op": "set", "side": "ask", "price": 0.03, "size": 54.0}, {"op": "set", "side": "ask", "price": 0.02, "size": 86.63}, {"op": "set", "side": "ask", "price": 0.01, "size": 419.0}]}
{"t": 1776976650.106755, "events": [{"op": "set", "side": "ask", "price": 0.03, "size": 46.0}]}
{"t": 1776976651.118593, "events": [{"op": "set", "side": "ask", "price": 0.02, "size": 88.63}, {"op": "set", "side": "ask", "price": 0.01, "size": 422.0}]}
{"t": 1776976653.130749, "events": [{"op": "set", "side": "ask", "price": 0.03, "size": 45.0}]}
{"t": 1776976694.6291242, "events": [{"op": "set", "side": "bid", "price": 0.81, "size": 317.21000000000004}, {"op": "delete", "side": "bid", "price": 0.82}, {"op": "delete", "side": "ask", "price": 0.03}, {"op": "set", "side": "ask", "price": 0.02, "size": 51.629999999999995}, {"op": "set", "side": "ask", "price": 0.01, "size": 400.0}]}
{"t": 1776976698.8431628, "events": [{"op": "set", "side": "bid", "price": 0.81, "size": 1176.21}, {"op": "set", "side": "bid", "price": 0.82, "size": 1141.0}, {"op": "set", "side": "ask", "price": 0.03, "size": 180.0}, {"op": "set", "side": "ask", "price": 0.02, "size": 110.63}, {"op": "set", "side": "ask", "price": 0.01, "size": 422.0}]}
{"t": 1776976703.879584, "events": [{"op": "set", "side": "ask", "price": 0.03, "size": 56.0}, {"op": "set", "side": "ask", "price": 0.02, "size": 95.63}, {"op": "set", "side": "ask", "price": 0.01, "size": 426.0}]}
{"t": 1776976720.0040588, "events": [{"op": "set", "side": "ask", "price": 0.01, "size": 422.0}]}
{"t": 1776976721.023626, "events": [{"op": "set", "side": "ask", "price": 0.03, "size": 54.0}, {"op": "set", "side": "ask", "price": 0.02, "size": 86.63}, {"op": "set", "side": "ask", "price": 0.01, "size": 419.0}]}
{"t": 1776976729.136172, "events": [{"op": "set", "side": "ask", "price": 0.03, "size": 46.0}]}
{"t": 1776976730.1580229, "events": [{"op": "set", "side": "ask", "price": 0.02, "size": 88.63}, {"op": "set", "side": "ask", "price": 0.01, "size": 422.0}]}
{"t": 1776976738.2212422, "events": [{"op": "set", "side": "ask", "price": 0.03, "size": 45.0}]}
{"t": 1776976798.966105, "events": [{"op": "set", "side": "bid", "price": 0.81, "size": 317.21000000000004}, {"op": "delete", "side": "bid", "price": 0.82}, {"op": "delete", "side": "ask", "price": 0.03}, {"op": "set", "side": "ask", "price": 0.02, "size": 51.629999999999995}, {"op": "set", "side": "ask", "price": 0.01, "size": 400.0}]}
{"t": 1776976803.02252, "events": [{"op": "set", "side": "bid", "price": 0.81, "size": 1176.21}, {"op": "set", "side": "bid", "price": 0.82, "size": 1141.0}, {"op": "set", "side": "ask", "price": 0.03, "size": 180.0}, {"op": "set", "side": "ask", "price": 0.02, "size": 110.63}, {"op": "set", "side": "ask", "price": 0.01, "size": 422.0}]}
{"t": 1776976806.063827, "events": [{"op": "set", "side": "ask", "price": 0.03, "size": 56.0}, {"op": "set", "side": "ask", "price": 0.02, "size": 95.63}]}
{"t": 1776976808.091316, "events": [{"op": "set", "side": "ask", "price": 0.01, "size": 426.0}]}
{"t": 1776976812.1601799, "events": [{"op": "set", "side": "ask", "price": 0.03, "size": 54.0}, {"op": "set", "side": "ask", "price": 0.02, "size": 86.63}, {"op": "set", "side": "ask", "price": 0.01, "size": 419.0}]}
{"t": 1776976816.192041, "events": [{"op": "set", "side": "ask", "price": 0.03, "size": 46.0}]}
{"t": 1776976817.207639, "events": [{"op": "set", "side": "ask", "price": 0.02, "size": 88.63}, {"op": "set", "side": "ask", "price": 0.01, "size": 422.0}]}
{"t": 1776976821.2622788, "events": [{"op": "set", "side": "ask", "price": 0.03, "size": 45.0}]}
{"t": 1776976823.281095, "events": [{"op": "set", "side": "bid", "price": 0.81, "size": 317.21000000000004}, {"op": "delete", "side": "bid", "price": 0.82}, {"op": "delete", "side": "ask", "price": 0.03}, {"op": "set", "side": "ask", "price": 0.02, "size": 51.629999999999995}, {"op": "set", "side": "ask", "price": 0.01, "size": 400.0}]}
{"t": 1776976826.322222, "events": [{"op": "set", "side": "bid", "price": 0.81, "size": 1176.21}, {"op": "set", "side": "bid", "price": 0.82, "size": 1141.0}, {"op": "set", "side": "ask", "price": 0.03, "size": 180.0}, {"op": "set", "side": "ask", "price": 0.02, "size": 110.63}, {"op": "set", "side": "ask", "price": 0.01, "size": 422.0}]}
{"t": 1776976830.3663218, "events": [{"op": "set", "side": "ask", "price": 0.03, "size": 56.0}, {"op": "set", "side": "ask", "price": 0.02, "size": 95.63}]}
{"t": 1776976831.380969, "events": [{"op": "set", "side": "ask", "price": 0.01, "size": 426.0}]}
{"t": 1776976834.404785, "events": [{"op": "set", "side": "ask", "price": 0.01, "size": 422.0}]}
{"t": 1776976836.4244428, "events": [{"op": "set", "side": "ask", "price": 0.03, "size": 54.0}, {"op": "set", "side": "ask", "price": 0.02, "size": 86.63}, {"op": "set", "side": "ask", "price": 0.01, "size": 419.0}]}
{"t": 1776976839.444206, "events": [{"op": "set", "side": "ask", "price": 0.03, "size": 46.0}]}
{"t": 1776976840.4514198, "events": [{"op": "set", "side": "ask", "price": 0.02, "size": 88.63}, {"op": "set", "side": "ask", "price": 0.01, "size": 422.0}]}
{"t": 1776976844.4879239, "events": [{"op": "set", "side": "ask", "price": 0.03, "size": 45.0}]}
{"t": 1776976873.730138, "events": [{"op": "set", "side": "bid", "price": 0.81, "size": 317.21000000000004}, {"op": "delete", "side": "bid", "price": 0.82}, {"op": "delete", "side": "ask", "price": 0.03}, {"op": "set", "side": "ask", "price": 0.02, "size": 51.629999999999995}, {"op": "set", "side": "ask", "price": 0.01, "size": 400.0}]}
{"t": 1776976876.771445, "events": [{"op": "set", "side": "bid", "price": 0.81, "size": 1176.21}, {"op": "set", "side": "bid", "price": 0.82, "size": 1141.0}, {"op": "set", "side": "ask", "price": 0.03, "size": 180.0}, {"op": "set", "side": "ask", "price": 0.02, "size": 110.63}, {"op": "set", "side": "ask", "price": 0.01, "size": 422.0}]}
{"t": 1776976880.821571, "events": [{"op": "set", "side": "ask", "price": 0.03, "size": 56.0}, {"op": "set", "side": "ask", "price": 0.02, "size": 95.63}, {"op": "set", "side": "ask", "price": 0.01, "size": 426.0}]}
{"t": 1776976885.872129, "events": [{"op": "set", "side": "ask", "price": 0.03, "size": 54.0}, {"op": "set", "side": "ask", "price": 0.02, "size": 86.63}, {"op": "set", "side": "ask", "price": 0.01, "size": 419.0}]}
{"t": 1776976889.923457, "events": [{"op": "set", "side": "ask", "price": 0.03, "size": 46.0}]}
{"t": 1776976891.953293, "events": [{"op": "set", "side": "ask", "price": 0.02, "size": 88.63}, {"op": "set", "side": "ask", "price": 0.01, "size": 422.0}]}
{"t": 1776976894.0004108, "events": [{"op": "set", "side": "ask", "price": 0.03, "size": 45.0}]}
{"t": 1776976977.017309, "events": [{"op": "set", "side": "ask", "price": 0.02, "size": 117.63}]}
{"t": 1776976979.055949, "events": [{"op": "set", "side": "ask", "price": 0.02, "size": 115.63}, {"op": "set", "side": "ask", "price": 0.01, "size": 419.0}]}
{"t": 1776976981.073195, "events": [{"op": "set", "side": "ask", "price": 0.03, "size": 59.0}, {"op": "set", "side": "ask", "price": 0.02, "size": 135.63}, {"op": "set", "side": "ask", "price": 0.01, "size": 434.0}]}
{"t": 1776976992.1589901, "events": [{"op": "set", "side": "ask", "price": 0.03, "size": 72.0}, {"op": "set", "side": "ask", "price": 0.02, "size": 137.63}]}
{"t": 1776976997.2072861, "events": [{"op": "set", "side": "ask", "price": 0.03, "size": 70.0}]}
{"t": 1776977009.313969, "events": [{"op": "set", "side": "ask", "price": 0.03, "size": 69.0}]}
{"t": 1776977027.54447, "events": [{"op": "set", "side": "bid", "price": 0.81, "size": 317.21000000000004}, {"op": "delete", "side": "bid", "price": 0.82}, {"op": "delete", "side": "ask", "price": 0.03}, {"op": "set", "side": "ask", "price": 0.02, "size": 80.63}, {"op": "set", "side": "ask", "price": 0.01, "size": 400.0}]}
{"t": 1776977032.5981371, "events": [{"op": "set", "side": "bid", "price": 0.81, "size": 1176.21}, {"op": "set", "side": "bid", "price": 0.82, "size": 1141.0}, {"op": "set", "side": "ask", "price": 0.03, "size": 217.0}, {"op": "set", "side": "ask", "price": 0.02, "size": 161.63}, {"op": "set", "side": "ask", "price": 0.01, "size": 434.0}]}
{"t": 1776977036.641244, "events": [{"op": "set", "side": "ask", "price": 0.03, "size": 83.0}, {"op": "set", "side": "ask", "price": 0.02, "size": 141.63}]}
{"t": 1776977037.65825, "events": [{"op": "set", "side": "ask", "price": 0.01, "size": 435.0}]}
{"t": 1776977052.744798, "events": [{"op": "set", "side": "ask", "price": 0.03, "size": 76.0}, {"op": "set", "side": "ask", "price": 0.02, "size": 138.63}, {"op": "set", "side": "ask", "price": 0.01, "size": 434.0}]}
{"t": 1776977057.7837021, "events": [{"op": "set", "side": "ask", "price": 0.03, "size": 72.0}]}
{"t": 1776977058.819532, "events": [{"op": "set", "side": "ask", "price": 0.01, "size": 435.0}]}
{"t": 1776977076.963868, "events": [{"op": "set", "side": "ask", "price": 0.03, "size": 70.0}]}
{"t": 1776977077.9874299, "events": [{"op": "set", "side": "ask", "price": 0.02, "size": 139.63}]}
{"t": 1776977088.161928, "events": [{"op": "set", "side": "ask", "price": 0.01, "size": 436.0}]}
{"t": 1776977094.2532868, "events": [{"op": "set", "side": "ask", "price": 0.02, "size": 138.63}]}
{"t": 1776977095.277729, "events": [{"op": "set", "side": "ask", "price": 0.02, "size": 140.63}]}
{"t": 1776977109.418417, "events": [{"op": "set", "side": "ask", "price": 0.02, "size": 138.63}]}
{"t": 1776977111.429607, "events": [{"op": "set", "side": "ask", "price": 0.03, "size": 71.0}, {"op": "set", "side": "ask", "price": 0.02, "size": 141.63}]}
{"t": 1776977113.45841, "events": [{"op": "set", "side": "ask", "price": 0.03, "size": 70.0}]}
{"t": 1776977115.483753, "events": [{"op": "set", "side": "ask", "price": 0.03, "size": 72.0}]}
{"t": 1776977130.577865, "events": [{"op": "set", "side": "bid", "price": 0.81, "size": 317.21000000000004}, {"op": "delete", "side": "bid", "price": 0.82}, {"op": "delete", "side": "ask", "price": 0.03}, {"op": "set", "side": "ask", "price": 0.02, "size": 80.63}, {"op": "set", "side": "ask", "price": 0.01, "size": 400.0}]}
{"t":1776978859.757362,"e":[[1,0,0.81,1067.21],[1,1,0.02,113.63],[1,1,0.01,631.0]]}
{"t":1776978869.856717,"e":[[1,0,0.81,317.21000000000004],[1,1,0.02,51.629999999999995],[1,1,0.01,585.0]]}
{"t":1776978872.894586,"e":[[1,0,0.81,1067.21],[1,1,0.02,113.63],[1,1,0.01,631.0]]}
{"t":1776978909.223537,"e":[[1,0,0.81,317.21000000000004],[1,1,0.02,51.629999999999995],[1,1,0.01,585.0]]}
{"t":1776978915.3441558,"e":[[1,0,0.81,1067.21],[1,1,0.02,113.63],[1,1,0.01,631.0]]}
{"t":1776978933.487251,"e":[[1,0,0.81,317.21000000000004],[1,1,0.02,51.629999999999995],[1,1,0.01,585.0]]}
{"t":1776978934.500247,"e":[[1,0,0.81,1067.21],[1,1,0.02,114.63],[1,1,0.01,631.0]]}
{"t":1776978979.146398,"e":[[1,0,0.81,317.21000000000004],[1,1,0.02,51.629999999999995],[1,1,0.01,585.0]]}
{"t":1776978983.1908631,"e":[[1,0,0.81,1067.21],[1,1,0.02,114.63],[1,1,0.01,631.0]]}
{"t":1776978996.2944121,"e":[[1,1,0.02,117.63],[1,1,0.01,635.0]]}
{"t":1776979006.375099,"e":[[1,0,0.81,317.21000000000004],[1,1,0.02,51.629999999999995],[1,1,0.01,585.0]]}
{"t":1776979009.408774,"e":[[1,0,0.81,1067.21],[1,1,0.02,117.63],[1,1,0.01,635.0]]}
{"t":1776979021.503144,"e":[[1,0,0.81,317.21000000000004],[1,1,0.02,51.629999999999995],[1,1,0.01,585.0]]}
{"t":1776979024.5338361,"e":[[1,0,0.81,1067.21],[1,1,0.02,117.63],[1,1,0.01,635.0]]}
{"t":1776979081.134896,"e":[[1,0,0.81,317.21000000000004],[1,1,0.02,51.629999999999995],[1,1,0.01,585.0]]}
{"t":1776979085.186368,"e":[[1,0,0.81,1067.21],[1,0,0.46,35.0],[0,0,0.02],[1,1,0.02,117.63],[1,1,0.01,635.0]]}
{"t":1776979102.3232388,"e":[[1,0,0.81,317.21000000000004],[1,1,0.02,51.629999999999995],[1,1,0.01,585.0]]}
{"t":1776979106.3717089,"e":[[1,0,0.81,1067.21],[1,1,0.02,117.63],[1,1,0.01,635.0]]}
{"t":1776979111.404879,"e":[[1,0,0.81,317.21000000000004],[1,1,0.02,51.629999999999995],[1,1,0.01,585.0]]}
{"t":1776979113.428629,"e":[[1,0,0.81,1067.21],[1,1,0.02,117.63],[1,1,0.01,635.0]]}
{"t":1776979130.556236,"e":[[1,0,0.81,317.21000000000004],[1,1,0.02,51.629999999999995],[1,1,0.01,585.0]]}
{"t":1776979132.568574,"e":[[1,0,0.81,1067.21],[1,1,0.02,117.63],[1,1,0.01,635.0]]}
{"t":1776979135.5978959,"e":[[1,0,0.81,317.21000000000004],[1,1,0.02,51.629999999999995],[1,1,0.01,585.0]]}
{"t":1776979138.624363,"e":[[1,0,0.81,1067.21],[1,1,0.02,117.63],[1,1,0.01,635.0]]}
{"t":1776979162.765724,"e":[[1,0,0.81,317.21000000000004],[1,1,0.02,51.629999999999995],[1,1,0.01,585.0]]}
{"t":1776979165.8170938,"e":[[1,0,0.81,1067.21],[1,1,0.02,117.63],[1,1,0.01,635.0]]}
{"t":1776979208.261129,"e":[[1,0,0.81,317.21000000000004],[1,1,0.02,51.629999999999995],[1,1,0.01,585.0]]}
{"t":1776979210.3045912,"e":[[1,0,0.81,1067.21],[1,1,0.02,117.63],[1,1,0.01,635.0]]}
{"t":1776979250.753281,"e":[[1,0,0.81,317.21000000000004],[1,1,0.02,51.629999999999995],[1,1,0.01,585.0]]}
{"t":1776979251.799284,"e":[[1,0,0.81,1067.21],[1,1,0.02,203.63],[1,1,0.01,698.0]]}
{"t":1776979256.887512,"e":[[1,1,0.02,139.63],[1,1,0.01,650.0]]}
{"t":1776979260.946314,"e":[[1,1,0.02,117.63],[1,1,0.01,635.0]]}
{"t":1776979286.150522,"e":[[1,0,0.81,317.21000000000004],[1,1,0.02,51.629999999999995],[1,1,0.01,585.0]]}
{"t":1776979289.188255,"e":[[1,0,0.81,1067.21],[1,1,0.02,117.63],[1,1,0.01,635.0]]}
{"t":1776979322.47595,"e":[[1,0,0.81,317.21000000000004],[1,1,0.02,51.629999999999995],[1,1,0.01,585.0]]}
{"t":1776979327.535894,"e":[[1,0,0.81,1067.21],[1,1,0.02,117.63],[1,1,0.01,635.0]]}
{"t":1776979357.799739,"e":[[1,0,0.81,317.21000000000004],[1,1,0.02,51.629999999999995],[1,1,0.01,585.0]]}
{"t":1776979358.815964,"e":[[1,0,0.81,1067.21],[1,1,0.02,117.63],[1,1,0.01,635.0]]}
{"t":1776979373.992595,"e":[[1,0,0.81,317.21000000000004],[1,1,0.02,51.629999999999995],[1,1,0.01,585.0]]}
{"t":1776979377.03843,"e":[[1,0,0.81,1067.21],[1,1,0.02,117.63],[1,1,0.01,635.0]]}
{"t":1776979393.279681,"e":[[1,0,0.81,317.21000000000004],[1,1,0.02,51.629999999999995],[1,1,0.01,585.0]]}
{"t":1776979396.311556,"e":[[1,0,0.81,1067.21],[1,1,0.02,117.63],[1,1,0.01,635.0]]}
{"t":1776979404.426751,"e":[[1,0,0.81,317.21000000000004],[1,1,0.02,51.629999999999995],[1,1,0.01,585.0]]}
{"t":1776979408.486134,"e":[[1,0,0.81,1067.21],[1,1,0.02,117.63],[1,1,0.01,635.0]]}
{"t":1776979421.670975,"e":[[1,0,0.81,317.21000000000004],[1,1,0.02,51.629999999999995],[1,1,0.01,585.0]]}
{"t":1776979424.820554,"e":[[1,0,0.81,1067.21],[1,1,0.02,117.63],[1,1,0.01,635.0]]}
{"t":1776979440.0022578,"e":[[1,0,0.81,317.21000000000004],[1,1,0.02,51.629999999999995],[1,1,0.01,585.0]]}
{"t":1776979443.037045,"e":[[1,0,0.81,1067.21],[1,1,0.02,117.63],[1,1,0.01,635.0]]}
{"t":1776979499.5889611,"e":[[1,0,0.81,317.21000000000004],[1,1,0.02,51.629999999999995],[1,1,0.01,585.0]]}
{"t":1776979502.631507,"e":[[1,0,0.81,1067.21],[1,1,0.02,117.63],[1,1,0.01,635.0]]}
{"t":1776979565.3229299,"e":[[1,0,0.95,5.0]]}
{"t":1776979636.021319,"e":[[1,0,0.81,317.21000000000004],[1,1,0.02,51.629999999999995],[1,1,0.01,585.0]]}
{"t":1776979638.0686421,"e":[[1,0,0.81,1067.21],[1,1,0.02,117.63],[1,1,0.01,635.0]]}
{"t":1776979641.110275,"e":[[1,0,0.81,317.21000000000004],[1,1,0.02,51.629999999999995],[1,1,0.01,585.0]]}
{"t":1776979645.163307,"e":[[1,0,0.81,1067.21],[1,1,0.02,117.63],[1,1,0.01,635.0]]}
{"t":1776979673.505915,"e":[[1,0,0.81,317.21000000000004],[1,1,0.02,51.629999999999995],[1,1,0.01,585.0]]}
{"t":1776979677.5577102,"e":[[1,0,0.81,1067.21],[1,1,0.02,117.63],[1,1,0.01,635.0]]}
{"t":1776979714.936487,"e":[[1,0,0.81,317.21000000000004],[1,1,0.02,51.629999999999995],[1,1,0.01,585.0]]}
{"t":1776979720.003347,"e":[[1,0,0.81,1067.21],[1,1,0.02,117.63],[1,1,0.01,635.0]]}
{"t":1776979736.216362,"e":[[1,0,0.81,317.21000000000004],[1,1,0.02,51.629999999999995],[1,1,0.01,585.0]]}
{"t":1776979738.25713,"e":[[1,0,0.81,1067.21],[1,1,0.02,117.63],[1,1,0.01,635.0]]}
{"t":1776979743.32949,"e":[[0,0,0.95],[0,0,0.46],[1,0,0.02,21.0]]}
{"t":1776979798.8498409,"e":[[1,1,0.01,647.0]]}
{"t":1776979820.0560918,"e":[[1,0,0.81,317.21000000000004],[1,1,0.02,51.629999999999995],[1,1,0.01,597.0]]}
{"t":1776979826.137264,"e":[[1,0,0.81,1067.21],[1,1,0.02,117.63],[1,1,0.01,647.0]]}
{"t":1776979832.244597,"e":[[1,0,0.81,317.21000000000004],[1,1,0.02,51.629999999999995],[1,1,0.01,597.0]]}
{"t":1776979835.291805,"e":[[1,0,0.81,1067.21],[1,1,0.02,117.63],[1,1,0.01,647.0]]}
{"t":1776979866.614618,"e":[[1,0,0.81,317.21000000000004],[1,1,0.02,51.629999999999995],[1,1,0.01,597.0]]}
{"t":1776979870.6450438,"e":[[1,0,0.81,1067.21],[1,1,0.02,117.63],[1,1,0.01,647.0]]}
{"t":1776979948.596159,"e":[[1,0,0.81,317.21000000000004],[1,1,0.02,51.629999999999995],[1,1,0.01,597.0]]}
{"t":1776979951.6405408,"e":[[1,0,0.81,1067.21],[1,1,0.02,117.63],[1,1,0.01,647.0]]}
{"t":1776980002.208147,"e":[[1,0,0.81,317.21000000000004],[1,1,0.02,51.629999999999995],[1,1,0.01,597.0]]}
{"t":1776980004.2373629,"e":[[1,1,0.01,400.0]]}
{"t":1776980006.266819,"e":[[1,0,0.81,1067.21],[1,1,0.02,117.63],[1,1,0.01,450.0]]}
{"t":1776980031.561755,"e":[[1,0,0.81,317.21000000000004],[1,1,0.02,51.629999999999995],[1,1,0.01,400.0]]}
{"t":1776980034.6140401,"e":[[1,0,0.81,1067.21],[1,1,0.02,117.63],[1,1,0.01,450.0]]}
{"t":1776980109.58406,"e":[[1,0,0.95,5.0]]}
{"t":1776980216.500921,"e":[[1,0,0.81,317.21000000000004],[1,1,0.02,51.629999999999995],[1,1,0.01,400.0]]}
{"t":1776980220.563881,"e":[[1,0,0.81,1067.21],[1,1,0.02,117.63],[1,1,0.01,450.0]]}
{"t":1776980286.286997,"e":[[1,1,0.02,300117.63]]}
{"t":1776980291.3441448,"e":[[1,1,0.02,300801.63],[1,1,0.01,400.0]]}
{"t":1776980339.870958,"e":[[1,0,0.81,317.21000000000004],[1,1,0.02,300051.63]]}
{"t":1776980346.9657018,"e":[[1,0,0.81,1067.21],[1,1,0.02,300801.63]]}
{"t":1776980347.9774709,"e":[[1,0,0.46,29.0],[0,0,0.02]]}
{"t":1776980359.084876,"e":[[1,0,0.81,317.21000000000004],[1,1,0.02,300051.63]]}
{"t":1776980362.116677,"e":[[1,0,0.81,1067.21],[1,1,0.02,300801.63]]}
{"t":1776980428.823528,"e":[[1,0,0.81,317.21000000000004],[1,1,0.02,300051.63]]}
{"t":1776980431.865155,"e":[[0,0,0.95],[1,0,0.81,1067.21],[1,1,0.02,300801.63]]}
{"t":1776980438.9541829,"e":[[1,0,0.81,317.21000000000004],[1,1,0.02,300051.63]]}
{"t":1776980441.991785,"e":[[1,0,0.81,1067.21],[1,1,0.02,300801.63]]}
{"t":1776980488.560389,"e":[[1,0,0.81,317.21000000000004],[1,1,0.02,300051.63]]}
{"t":1776980490.596148,"e":[[1,0,0.81,1067.21],[1,1,0.02,300801.63]]}
{"t":1776980524.08113,"e":[[1,0,0.81,317.21000000000004],[1,1,0.02,300051.63]]}
{"t":1776980526.116436,"e":[[1,0,0.81,1067.21],[1,1,0.02,300801.63]]}
{"t":1776980562.5381172,"e":[[1,0,0.81,317.21000000000004],[1,1,0.02,300051.63]]}
{"t":1776980566.604689,"e":[[1,0,0.81,1067.21],[1,1,0.02,300801.63]]}
{"t":1776980577.735656,"e":[[1,0,0.81,317.21000000000004],[1,1,0.02,300051.63]]}
{"t":1776980578.763276,"e":[[1,0,0.81,1067.21],[1,1,0.02,300801.63]]}
{"t":1776980589.9223082,"e":[[1,0,0.81,317.21000000000004],[1,1,0.02,300051.63]]}
{"t":1776980592.981667,"e":[[1,0,0.81,1067.21],[1,1,0.02,300801.63]]}
{"t":1776980758.610584,"e":[[1,0,0.81,317.21000000000004],[1,1,0.02,300051.63]]}
{"t":1776980763.703736,"e":[[1,0,0.81,1067.21],[1,1,0.02,300801.63]]}
{"t":1776980793.0291998,"e":[[1,0,0.95,5.0]]}
{"t":1776980842.4296498,"e":[[1,0,0.81,317.21000000000004],[1,1,0.02,300051.63]]}
{"t":1776980845.4702349,"e":[[1,0,0.81,1067.21],[1,1,0.02,300801.63]]}
{"t":1776980929.387115,"e":[[1,0,0.81,317.21000000000004],[1,1,0.02,300051.63]]}
{"t":1776980933.446186,"e":[[1,0,0.81,1067.21],[1,1,0.02,300801.63]]}
{"t":1776980942.557023,"e":[[1,0,0.81,317.21000000000004],[1,1,0.02,300051.63]]}
{"t":1776980945.5937312,"e":[[1,0,0.81,1067.21],[1,1,0.02,300801.63]]}
{"t":1776980957.745952,"e":[[1,0,0.81,317.21000000000004],[1,1,0.02,300051.63]]}
{"t":1776980960.798671,"e":[[1,0,0.81,1067.21],[1,1,0.02,300801.63]]}
{"t":1776980976.982363,"e":[[1,0,0.81,317.21000000000004],[1,1,0.02,300051.63]]}
{"t":1776980981.055403,"e":[[1,0,0.81,1067.21],[1,1,0.02,300801.63]]}
{"t":1776980995.2883961,"e":[[1,0,0.81,317.21000000000004],[1,1,0.02,300051.63]]}
{"t":1776980999.340385,"e":[[1,0,0.81,1067.21],[1,1,0.02,300801.63]]}
{"t":1776981008.444097,"e":[[1,0,0.81,317.21000000000004],[1,1,0.02,300051.63]]}
{"t":1776981011.484992,"e":[[1,0,0.81,1067.21],[1,1,0.02,300801.63]]}
{"t":1776981018.585931,"e":[[1,0,0.81,317.21000000000004],[1,1,0.02,300051.63]]}
{"t":1776981021.6490638,"e":[[1,0,0.81,1067.21],[1,1,0.02,300801.63]]}
{"t":1776981039.859245,"e":[[1,0,0.81,317.21000000000004],[1,1,0.02,300051.63]]}
{"t":1776981043.911885,"e":[[1,0,0.81,1067.21],[1,1,0.02,300801.63]]}
{"t":1776981072.162536,"e":[[1,0,0.81,317.21000000000004],[1,1,0.02,300051.63]]}
{"t":1776981075.2181,"e":[[1,0,0.81,1067.21],[1,1,0.02,300801.63]]}
{"t":1776981087.326062,"e":[[1,0,0.81,317.21000000000004],[1,1,0.02,300051.63]]}
{"t":1776981089.372341,"e":[[1,0,0.81,1067.21],[1,1,0.02,300801.63]]}
{"t":1776981100.51648,"e":[[1,0,0.81,317.21000000000004],[1,1,0.02,300051.63]]}
{"t":1776981102.5422,"e":[[1,0,0.81,1067.21],[1,1,0.02,300801.63]]}
{"t":1776981193.665442,"e":[[1,0,0.81,317.21000000000004],[1,1,0.02,300051.63]]}
{"t":1776981195.704865,"e":[[0,0,0.95],[1,0,0.81,1067.21],[1,1,0.02,300801.63]]}
{"t":1776981206.826984,"e":[[1,0,0.81,317.21000000000004],[1,1,0.02,300051.63]]}
{"t":1776981209.856044,"e":[[1,0,0.81,1067.21],[1,1,0.02,300801.63]]}
{"t":1776981249.287044,"e":[[1,0,0.81,317.21000000000004],[1,1,0.02,300051.63]]}
{"t":1776981252.324728,"e":[[1,0,0.81,1067.21],[1,1,0.02,300801.63]]}
{"t":1776981263.4313338,"e":[[1,0,0.81,317.21000000000004],[1,1,0.02,300051.63]]}
{"t":1776981266.4803982,"e":[[1,0,0.81,1067.21],[1,1,0.02,300801.63]]}
{"t":1776981297.8282409,"e":[[1,0,0.81,317.21000000000004],[1,1,0.02,300051.63]]}
{"t":1776981307.961257,"e":[[0,0,0.62],[0,0,0.46],[0,0,0.45],[1,0,0.47,3268.0],[1,0,0.02,45.0]]}
{"t":1776981600.633235,"e":[[0,0,0.35]]}
{"t":1776981623.841856,"e":[[1,0,0.95,5.0]]}
{"t":1776981771.086704,"e":[[1,1,0.01,592.0]]}
{"t":1776981824.612176,"e":[[0,0,0.95]]}
{"t":1776981992.239236,"e":[[1,0,0.62,42.0],[0,0,0.02],[1,1,0.01,586.0]]}
{"t":1776982452.511754,"e":[[1,0,0.95,5.0]]}
{"t":1776982633.084568,"e":[[0,0,0.95],[1,0,0.02,32.0]]}
{"t":1776982834.919798,"e":[[1,1,0.01,400.0]]}
{"t":1776982862.0837069,"e":[[1,0,0.59,186.0]]}
{"t":1776983043.3365362,"e":[[1,0,0.95,5.0]]}
{"t":1776983234.169905,"e":[[0,0,0.95]]}
{"t":1776983323.0920162,"e":[[1,0,0.85,501.0]]}
{"t":1776983326.1238341,"e":[[1,0,0.85,500.0]]}
{"t":1776983341.2499352,"e":[[1,0,0.85,501.0]]}
{"t":1776983345.2857401,"e":[[1,0,0.85,500.0]]}
{"t":1776983348.3096662,"e":[[1,0,0.85,501.0]]}
{"t":1776983351.34819,"e":[[1,0,0.85,500.0]]}
{"t":1776983352.35618,"e":[[1,1,0.02,51.63000000000466]]}
{"t":1776983355.39983,"e":[[1,0,0.85,501.0]]}
{"t":1776983357.416186,"e":[[1,0,0.85,500.0]]}
{"t":1776983683.534155,"e":[[1,0,0.95,5.0]]}
{"t":1776983810.728238,"e":[[0,0,0.95]]}
{"t":1776984248.0238988,"e":[[1,0,0.95,5.0]]}
{"t":1776984361.2394729,"e":[[1,0,0.95,505.0],[1,0,0.93,1000.0]]}
{"t":1776984531.942142,"e":[[1,0,0.59,202.0],[1,1,0.01,586.0]]}
{"t":1776984600.5990279,"e":[[1,0,0.95,5.0]]}
{"t":1776984657.10915,"e":[[1,0,0.95,105.0]]}
{"t":1776984820.590183,"e":[[0,0,0.62],[1,0,0.96,5000.0],[1,0,0.48,43.0]]}
{"t":1776984974.98118,"e":[[1,0,0.96,5101.0]]}
{"t":1776984980.0235221,"e":[[1,0,0.96,5000.0],[1,0,0.97,101.0]]}
{"t":1776985022.357671,"e":[[1,1,0.02,41.63000000000466]]}
{"t":1776985117.152566,"e":[[1,0,0.95,100.0]]}
{"t":1776985268.409533,"e":[[1,1,0.01,400.0]]}
{"t":1776985269.414637,"e":[[1,1,0.01,559.0]]}
{"t":1776985353.1095092,"e":[[1,1,0.01,400.0]]}
{"t":1776985441.0276139,"e":[[1,1,0.01,590.0]]}
{"t":1776985724.598779,"e":[[1,1,0.01,400.0]]}
{"t":1776985743.7749188,"e":[[1,0,0.59,186.0]]}
{"t":1776986076.765703,"e":[[1,1,0.02,31.450000000004657]]}
{"t":1776986082.8352818,"e":[[0,0,0.48],[0,0,0.47],[1,0,0.01,6341.0],[1,0,0.62,3438.0]]}
{"t":1776986313.663645,"e":[[1,0,0.81,567.21],[1,1,0.02,74.45000000000465],[1,1,0.01,429.0]]}
{"t":1776986363.351876,"e":[[1,0,0.81,317.21000000000004],[1,1,0.02,31.45000000000465],[1,1,0.01,400.0]]}
{"t":1776986364.384167,"e":[[1,0,0.81,567.21],[1,1,0.02,74.45000000000465],[1,1,0.01,429.0]]}
{"t":1776986383.65274,"e":[[1,0,0.81,317.21000000000004],[1,1,0.02,31.45000000000465],[1,1,0.01,400.0]]}
{"t":1776986384.680605,"e":[[1,0,0.81,567.21],[1,1,0.02,74.45000000000465],[1,1,0.01,429.0]]}
{"t":1776986397.8622699,"e":[[1,0,0.81,317.21000000000004],[1,1,0.02,31.45000000000465],[1,1,0.01,400.0]]}
{"t":1776986401.9132118,"e":[[1,0,0.81,567.21],[1,1,0.02,74.45000000000465],[1,1,0.01,429.0]]}
{"t":1776986419.158252,"e":[[1,0,0.81,317.21000000000004],[1,1,0.02,31.45000000000465],[1,1,0.01,400.0]]}
{"t":1776986421.196193,"e":[[1,0,0.81,567.21],[1,1,0.02,74.45000000000465],[1,1,0.01,429.0]]}
{"t":1776986437.380849,"e":[[1,0,0.81,317.21000000000004],[1,1,0.02,31.45000000000465],[1,1,0.01,400.0]]}
{"t":1776986439.423061,"e":[[1,0,0.81,567.21],[1,1,0.02,74.45000000000465],[1,1,0.01,429.0]]}
{"t":1776986469.807368,"e":[[1,0,0.81,317.21000000000004],[1,1,0.02,31.45000000000465],[1,1,0.01,400.0]]}
{"t":1776986472.854091,"e":[[1,0,0.81,567.21],[1,1,0.02,74.45000000000465],[1,1,0.01,429.0]]}
{"t":1776986494.109504,"e":[[1,0,0.81,317.21000000000004],[1,1,0.02,31.45000000000465],[1,1,0.01,400.0]]}
{"t":1776986496.1457589,"e":[[1,0,0.81,567.21],[1,1,0.02,74.45000000000465],[1,1,0.01,429.0]]}
{"t":1776986534.6683981,"e":[[1,0,0.81,317.21000000000004],[1,1,0.02,31.45000000000465],[1,1,0.01,400.0]]}
{"t":1776986537.7171562,"e":[[1,0,0.81,567.21],[1,1,0.02,74.45000000000465],[1,1,0.01,429.0]]}
{"t":1776986573.241257,"e":[[1,0,0.81,317.21000000000004],[1,1,0.02,31.45000000000465],[1,1,0.01,400.0]]}
{"t":1776986574.2613492,"e":[[1,0,0.81,567.21],[1,1,0.02,74.45000000000465],[1,1,0.01,429.0]]}
{"t":1776986579.318312,"e":[[1,0,0.81,317.21000000000004],[1,1,0.02,31.45000000000465],[1,1,0.01,400.0]]}
{"t":1776986581.3651452,"e":[[1,0,0.81,567.21],[1,1,0.02,74.45000000000465],[1,1,0.01,429.0]]}
{"t":1776986659.255121,"e":[[1,0,0.81,317.21000000000004],[1,1,0.02,31.45000000000465],[1,1,0.01,400.0]]}
{"t":1776986662.317495,"e":[[1,0,0.81,567.21],[1,1,0.02,74.45000000000465],[1,1,0.01,429.0]]}
{"t":1776986680.548555,"e":[[1,0,0.81,317.21000000000004],[1,1,0.02,31.45000000000465],[1,1,0.01,400.0]]}
{"t":1776986682.5754209,"e":[[1,0,0.97,146.0],[1,0,0.81,567.21],[1,0,0.01,6301.0],[1,1,0.02,74.45000000000465],[1,1,0.01,429.0]]}
{"t":1776986705.846477,"e":[[1,0,0.81,317.21000000000004],[1,1,0.02,31.45000000000465],[1,1,0.01,400.0]]}
{"t":1776986708.8906822,"e":[[1,0,0.81,567.21],[1,1,0.02,74.45000000000465],[1,1,0.01,429.0]]}
{"t":1776986711.9431412,"e":[[1,0,0.97,126.0]]}
{"t":1776986715.992658,"e":[[1,1,0.02,57.45000000000465],[1,1,0.01,418.0]]}
{"t":1776986719.0306518,"e":[[1,1,0.02,63.45000000000465],[1,1,0.01,422.0]]}
{"t":1776986729.172899,"e":[[1,0,0.81,317.21000000000004],[1,1,0.02,31.45000000000465],[1,1,0.01,400.0]]}
{"t":1776986733.2222269,"e":[[1,0,0.81,567.21],[1,1,0.02,63.45000000000465],[1,1,0.01,422.0]]}
{"t":1776986740.336982,"e":[[1,1,0.02,64.45000000000465]]}
{"t":1776986801.1028008,"e":[[1,1,0.01,423.0]]}
{"t":1776986818.290333,"e":[[1,1,0.02,61.40000000000465]]}
{"t":1776986820.320492,"e":[[1,1,0.02,59.40000000000465],[1,1,0.01,420.0]]}
{"t":1776986822.348305,"e":[[1,1,0.02,58.40000000000465]]}
{"t":1776986832.4536839,"e":[[1,0,0.81,317.21000000000004],[1,1,0.02,28.400000000004653],[1,1,0.01,400.0]]}
{"t":1776986837.5276139,"e":[[1,0,0.81,567.21],[1,1,0.02,58.40000000000465],[1,1,0.01,420.0]]}
{"t":1776986865.861003,"e":[[1,1,0.02,59.40000000000465]]}
{"t":1776986869.923723,"e":[[1,0,0.81,317.21000000000004],[1,1,0.02,28.400000000004653],[1,1,0.01,400.0]]}
{"t":1776986872.010302,"e":[[1,0,0.81,567.21],[1,1,0.02,59.40000000000465],[1,1,0.01,420.0]]}
{"t":1776986886.168145,"e":[[1,0,0.81,317.21000000000004],[1,1,0.02,28.400000000004653],[1,1,0.01,400.0]]}
{"t":1776986888.2016718,"e":[[1,0,0.81,567.21],[1,1,0.02,59.40000000000465],[1,1,0.01,420.0]]}
{"t":1776986915.520103,"e":[[1,0,0.81,317.21000000000004],[1,1,0.02,28.400000000004653],[1,1,0.01,400.0]]}
{"t":1776986920.597632,"e":[[1,0,0.81,567.21],[1,1,0.02,59.40000000000465],[1,1,0.01,420.0]]}
{"t":1776986936.817159,"e":[[1,1,0.02,60.40000000000465]]}
{"t":1776986942.903061,"e":[[1,0,0.81,317.21000000000004],[1,1,0.02,28.400000000004653],[1,1,0.01,400.0]]}
{"t":1776986946.9656582,"e":[[1,0,0.81,567.21],[1,1,0.02,60.40000000000465],[1,1,0.01,420.0]]}
{"t":1776986947.983878,"e":[[1,0,0.81,317.21000000000004],[1,1,0.02,28.400000000004653],[1,1,0.01,400.0]]}
{"t":1776986952.033379,"e":[[1,0,0.81,567.21],[1,1,0.02,60.40000000000465],[1,1,0.01,420.0]]}
{"t":1776986964.188865,"e":[[1,0,0.81,317.21000000000004],[1,1,0.02,28.400000000004653],[1,1,0.01,400.0]]}
{"t":1776986966.217751,"e":[[1,0,0.81,567.21],[1,1,0.02,60.40000000000465],[1,1,0.01,420.0]]}
{"t":1776986970.258007,"e":[[1,0,0.81,317.21000000000004],[1,1,0.02,28.400000000004653],[1,1,0.01,400.0]]}
{"t":1776986971.275799,"e":[[1,0,0.81,567.21],[1,1,0.02,60.40000000000465],[1,1,0.01,420.0]]}
{"t":1776986979.398657,"e":[[1,0,0.81,317.21000000000004],[1,1,0.02,28.400000000004653],[1,1,0.01,400.0]]}
{"t":1776986981.42221,"e":[[1,0,0.81,567.21],[1,1,0.02,60.40000000000465],[1,1,0.01,420.0]]}
{"t":1776986996.63327,"e":[[1,0,0.81,317.21000000000004],[1,1,0.02,28.400000000004653],[1,1,0.01,400.0]]}
{"t":1776986997.66156,"e":[[1,0,0.81,567.21],[1,1,0.02,60.40000000000465],[1,1,0.01,420.0]]}
{"t":1776987009.844287,"e":[[1,1,0.01,421.0]]}
{"t":1776987011.868587,"e":[[1,0,0.97,26.0]]}
{"t":1776987043.294888,"e":[[0,0,0.97],[0,0,0.59],[1,0,0.63,28.0]]}
{"t":1776987048.358567,"e":[[1,0,0.81,317.21000000000004],[1,0,0.63,203.0],[1,0,0.62,3513.0]]}
{"t":1776987078.725309,"e":[[1,0,0.02,42.0]]}
{"t":1776987079.743087,"e":[[1,0,0.63,28.0],[1,0,0.62,3438.0],[1,1,0.02,28.400000000004653],[1,1,0.01,400.0]]}
{"t":1776987080.771084,"e":[[1,0,0.63,278.0],[1,1,0.02,96.40000000000465],[1,1,0.01,446.0]]}
{"t":1776987085.8436558,"e":[[1,1,0.02,69.40000000000465],[1,1,0.01,428.0]]}
{"t":1776987086.862421,"e":[[1,1,0.02,60.40000000000465],[1,1,0.01,422.0]]}
{"t":1776987127.571431,"e":[[1,0,0.63,28.0],[1,0,0.88,50.0],[1,1,0.02,28.400000000004653],[1,1,0.01,400.0]]}
{"t":1776987129.617493,"e":[[1,0,0.63,203.0],[1,0,0.62,3513.0],[1,1,0.02,60.40000000000465],[1,1,0.01,422.0]]}
{"t":1776987131.655811,"e":[[1,0,0.63,28.0],[1,0,0.62,3438.0],[1,1,0.02,28.400000000004653],[1,1,0.01,400.0]]}
{"t":1776987135.711443,"e":[[1,0,0.63,203.0],[1,0,0.62,3513.0],[1,1,0.02,60.40000000000465],[1,1,0.01,422.0]]}
{"t":1776987144.8593578,"e":[[1,0,0.63,28.0],[1,0,0.62,3438.0],[1,1,0.02,28.400000000004653],[1,1,0.01,400.0]]}
{"t":1776987148.931984,"e":[[1,0,0.63,203.0],[1,0,0.62,3513.0],[1,1,0.02,60.40000000000465],[1,1,0.01,472.0]]}
{"t":1776987165.1633542,"e":[[1,1,0.02,61.40000000000465]]}
{"t":1776987208.6758132,"e":[[1,0,0.63,28.0],[1,0,0.62,3438.0],[1,1,0.02,28.400000000004653],[1,1,0.01,450.0]]}
{"t":1776987212.738463,"e":[[1,0,0.63,203.0],[1,0,0.62,3513.0],[1,1,0.02,61.40000000000465],[1,1,0.01,472.0]]}
{"t":1776987230.971137,"e":[[1,0,0.02,32.0]]}
{"t":1776987249.1758249,"e":[[1,1,0.01,473.0]]}
{"t":1776987268.385867,"e":[[1,0,0.63,28.0],[1,0,0.62,3438.0],[1,1,0.02,28.400000000004653],[1,1,0.01,450.0]]}
{"t":1776987271.432161,"e":[[1,0,0.63,203.0],[1,0,0.62,3513.0],[1,1,0.02,61.40000000000465],[1,1,0.01,473.0]]}
{"t":1776987306.869356,"e":[[0,0,0.88],[1,1,0.01,423.0]]}
{"t":1776987307.884866,"e":[[1,0,0.63,28.0],[1,0,0.62,3438.0],[1,1,0.02,28.400000000004653],[1,1,0.01,400.0]]}
{"t":1776987308.906742,"e":[[1,0,0.63,203.0],[1,0,0.62,3513.0],[1,1,0.02,61.40000000000465],[1,1,0.01,423.0]]}
{"t":1776987317.0173628,"e":[[1,0,0.63,28.0],[1,0,0.62,3438.0],[1,1,0.02,28.400000000004653],[1,1,0.01,400.0]]}
{"t":1776987318.03879,"e":[[1,0,0.63,203.0],[1,0,0.62,3513.0],[1,1,0.02,61.40000000000465],[1,1,0.01,423.0]]}
{"t":1776987345.3435829,"e":[[1,1,0.02,62.40000000000465]]}
{"t":1776987362.556312,"e":[[1,0,0.63,28.0],[1,0,0.62,3438.0],[1,1,0.02,28.400000000004653],[1,1,0.01,400.0]]}
{"t":1776987366.622816,"e":[[1,0,0.63,203.0],[1,0,0.62,3513.0],[1,1,0.02,62.40000000000465],[1,1,0.01,423.0]]}
{"t":1776987388.8948748,"e":[[1,0,0.63,28.0],[1,0,0.62,3438.0],[1,1,0.02,28.400000000004653],[1,1,0.01,400.0]]}
{"t":1776987392.957681,"e":[[1,0,0.63,203.0],[1,0,0.62,3513.0],[1,1,0.02,62.40000000000465],[1,1,0.01,423.0]]}
{"t":1776987449.688417,"e":[[1,1,0.02,63.40000000000465]]}
{"t":1776987480.037149,"e":[[1,0,0.63,28.0],[1,0,0.62,3438.0],[1,1,0.02,28.400000000004653],[1,1,0.01,400.0]]}
{"t":1776987481.0704799,"e":[[1,0,0.63,278.0],[1,1,0.02,104.40000000000465],[1,1,0.01,450.0]]}
{"t":1776987483.109153,"e":[[1,1,0.02,74.40000000000465],[1,1,0.01,431.0]]}
{"t":1776987487.161367,"e":[[1,1,0.02,56.40000000000465],[1,1,0.01,419.0]]}
{"t":1776987492.247951,"e":[[1,1,0.02,63.40000000000465],[1,1,0.01,423.0]]}
{"t":1776987509.499563,"e":[[1,0,0.63,28.0],[1,1,0.02,28.400000000004653],[1,1,0.01,400.0]]}
{"t":1776987513.572844,"e":[[1,0,0.63,203.0],[1,0,0.62,3513.0],[1,1,0.02,63.40000000000465],[1,1,0.01,423.0]]}
{"t":1776987531.878761,"e":[[1,0,0.63,28.0],[1,0,0.62,3438.0],[1,1,0.02,28.400000000004653],[1,1,0.01,400.0]]}
{"t":1776987532.89665,"e":[[1,0,0.63,203.0],[1,0,0.62,3513.0],[1,1,0.02,63.40000000000465],[1,1,0.01,423.0]]}
{"t":1776987546.0651488,"e":[[1,0,0.63,28.0],[1,0,0.62,3438.0],[1,1,0.02,28.400000000004653],[1,1,0.01,400.0]]}
{"t":1776987549.11323,"e":[[1,0,0.63,203.0],[1,0,0.62,3513.0],[1,1,0.02,63.40000000000465],[1,1,0.01,423.0]]}
{"t":1776987564.310991,"e":[[1,1,0.01,424.0]]}
{"t":1776987565.324453,"e":[[1,0,0.63,28.0],[1,0,0.62,3438.0],[1,1,0.02,28.400000000004653],[1,1,0.01,400.0]]}
{"t":1776987568.358059,"e":[[1,0,0.63,203.0],[1,0,0.62,3513.0],[1,1,0.02,63.40000000000465],[1,1,0.01,424.0]]}
{"t":1776987570.385914,"e":[[1,0,0.63,28.0],[1,0,0.62,3438.0],[1,1,0.02,28.400000000004653],[1,1,0.01,400.0]]}
{"t":1776987571.411482,"e":[[1,0,0.63,278.0],[1,1,0.02,106.40000000000465],[1,1,0.01,453.0]]}
{"t":1776987574.4396539,"e":[[1,1,0.02,76.40000000000465],[1,1,0.01,431.0]]}
{"t":1776987577.4838452,"e":[[1,0,0.63,28.0],[1,1,0.02,28.400000000004653],[1,1,0.01,400.0]]}
{"t":1776987580.526141,"e":[[1,0,0.63,203.0],[1,0,0.62,3513.0],[1,1,0.02,63.40000000000465],[1,1,0.01,424.0]]}
{"t":1776987586.6072462,"e":[[1,0,0.63,28.0],[1,0,0.62,3438.0],[1,1,0.02,28.400000000004653],[1,1,0.01,400.0]]}
{"t":1776987587.619329,"e":[[1,0,0.63,203.0],[1,0,0.62,3513.0],[1,1,0.02,63.40000000000465],[1,1,0.01,424.0]]}
{"t":1776987593.725282,"e":[[1,0,0.63,28.0],[1,0,0.62,3438.0],[1,1,0.02,28.400000000004653],[1,1,0.01,400.0]]}
{"t":1776987594.758166,"e":[[1,0,0.63,203.0],[1,0,0.62,3513.0],[1,1,0.02,63.40000000000465],[1,1,0.01,424.0]]}
{"t":1776987620.079356,"e":[[1,0,0.63,28.0],[1,0,0.62,3438.0],[1,1,0.02,28.400000000004653],[1,1,0.01,400.0]]}
{"t":1776987622.1203682,"e":[[1,0,0.63,203.0],[1,0,0.62,3513.0],[1,1,0.02,63.40000000000465],[1,1,0.01,424.0]]}
{"t":1776987647.358795,"e":[[1,0,0.63,28.0],[1,0,0.62,3438.0],[1,1,0.02,28.400000000004653],[1,1,0.01,400.0]]}
{"t":1776987648.369152,"e":[[1,0,0.63,203.0],[1,0,0.62,3513.0],[1,1,0.02,63.40000000000465],[1,1,0.01,424.0]]}
{"t":1776987655.4332852,"e":[[1,0,0.63,28.0],[1,0,0.62,3438.0],[1,1,0.02,28.400000000004653],[1,1,0.01,400.0]]}
{"t":1776987781.315525,"e":[[1,1,0.01,300.0]]}
