{"t": 1776975854.366905, "events": [{"op": "set", "side": "bid", "price": 0.41, "size": 521.0}]}
{"t": 1776975855.3857431, "events": [{"op": "delete", "side": "bid", "price": 0.4}, {"op": "set", "side": "bid", "price": 0.38, "size": 117.0}, {"op": "set", "side": "bid", "price": 0.41, "size": 298.0}, {"op": "set", "side": "bid", "price": 0.3, "size": 100.0}, {"op": "set", "side": "bid", "price": 0.22, "size": 10.0}, {"op": "set", "side": "ask", "price": 0.48, "size": 532.9}, {"op": "set", "side": "ask", "price": 0.56, "size": 7919.92}]}
{"t": 1776975856.396708, "events": [{"op": "set", "side": "bid", "price": 0.43, "size": 314.0}, {"op": "set", "side": "bid", "price": 0.42, "size": 404.0}, {"op": "set", "side": "ask", "price": 0.56, "size": 7921.92}]}
{"t": 1776975858.419916, "events": [{"op": "set", "side": "bid", "price": 0.41, "size": 276.0}, {"op": "set", "side": "bid", "price": 0.39, "size": 26.0}]}
{"t": 1776975859.432927, "events": [{"op": "delete", "side": "bid", "price": 0.43}, {"op": "delete", "side": "bid", "price": 0.41}, {"op": "set", "side": "bid", "price": 0.42, "size": 25.0}, {"op": "set", "side": "ask", "price": 0.56, "size": 7919.92}]}
{"t": 1776975860.4405582, "events": [{"op": "set", "side": "bid", "price": 0.39, "size": 359.0}, {"op": "set", "side": "bid", "price": 0.38, "size": 168.0}, {"op": "set", "side": "bid", "price": 0.4, "size": 624.0}, {"op": "set", "side": "ask", "price": 0.48, "size": 500.0}, {"op": "set", "side": "ask", "price": 0.5, "size": 2.0}, {"op": "set", "side": "ask", "price": 0.57, "size": 2.0}]}
{"t": 1776975863.466253, "events": [{"op": "set", "side": "bid", "price": 0.4, "size": 648.0}, {"op": "set", "side": "bid", "price": 0.39, "size": 333.0}, {"op": "delete", "side": "ask", "price": 0.5}, {"op": "set", "side": "ask", "price": 0.51, "size": 8.0}]}
{"t": 1776975866.4869819, "events": [{"op": "delete", "side": "bid", "price": 0.42}, {"op": "set", "side": "bid", "price": 0.4, "size": 305.0}, {"op": "set", "side": "bid", "price": 0.38, "size": 160.0}, {"op": "delete", "side": "bid", "price": 0.39}, {"op": "set", "side": "bid", "price": 0.32, "size": 540.0}, {"op": "set", "side": "bid", "price": 0.34, "size": 50.0}, {"op": "set", "side": "bid", "price": 0.43, "size": 25.0}, {"op": "set", "side": "bid", "price": 0.41, "size": 399.0}, {"op": "set", "side": "bid", "price": 0.33, "size": 345.12}, {"op": "set", "side": "ask", "price": 0.51, "size": 20.64}, {"op": "set", "side": "ask", "price": 0.53, "size": 150.0}, {"op": "set", "side": "ask", "price": 0.56, "size": 6921.92}, {"op": "delete", "side": "ask", "price": 0.57}]}
{"t": 1776975868.5054138, "events": [{"op": "set", "side": "bid", "price": 0.4, "size": 281.0}]}
{"t": 1776975869.519797, "events": [{"op": "delete", "side": "bid", "price": 0.43}, {"op": "delete", "side": "bid", "price": 0.34}, {"op": "set", "side": "bid", "price": 0.38, "size": 117.0}, {"op": "delete", "side": "bid", "price": 0.41}, {"op": "delete", "side": "bid", "price": 0.33}, {"op": "set", "side": "bid", "price": 0.32, "size": 421.0}, {"op": "set", "side": "bid", "price": 0.42, "size": 25.0}, {"op": "set", "side": "bid", "price": 0.39, "size": 26.0}, {"op": "delete", "side": "ask", "price": 0.51}, {"op": "set", "side": "ask", "price": 0.53, "size": 145.0}, {"op": "set", "side": "ask", "price": 0.54, "size": 35.0}]}
{"t": 1776975870.536895, "events": [{"op": "delete", "side": "bid", "price": 0.42}, {"op": "set", "side": "bid", "price": 0.4, "size": 998.0}, {"op": "set", "side": "bid", "price": 0.38, "size": 334.0}, {"op": "set", "side": "bid", "price": 0.39, "size": 527.0}, {"op": "set", "side": "bid", "price": 0.34, "size": 167.0}, {"op": "set", "side": "bid", "price": 0.43, "size": 25.0}, {"op": "set", "side": "ask", "price": 0.53, "size": 150.0}, {"op": "set", "side": "ask", "price": 0.54, "size": 31.0}]}
{"t": 1776975871.54954, "events": [{"op": "set", "side": "ask", "price": 0.48, "size": 532.9}]}
{"t": 1776975873.562508, "events": [{"op": "set", "side": "bid", "price": 0.4, "size": 1022.0}, {"op": "set", "side": "bid", "price": 0.39, "size": 501.0}]}
{"t": 1776975878.59487, "events": [{"op": "delete", "side": "bid", "price": 0.43}, {"op": "set", "side": "bid", "price": 0.4, "size": 25.0}, {"op": "set", "side": "bid", "price": 0.38, "size": 1.0}, {"op": "delete", "side": "bid", "price": 0.39}, {"op": "set", "side": "bid", "price": 0.34, "size": 50.0}, {"op": "set", "side": "bid", "price": 0.35, "size": 27.0}, {"op": "set", "side": "ask", "price": 0.53, "size": 145.0}, {"op": "set", "side": "ask", "price": 0.56, "size": 5925.92}]}
{"t": 1776975879.608191, "events": [{"op": "delete", "side": "bid", "price": 0.4}, {"op": "delete", "side": "bid", "price": 0.38}, {"op": "set", "side": "bid", "price": 0.37, "size": 25.0}, {"op": "set", "side": "ask", "price": 0.56, "size": 5921.92}, {"op": "set", "side": "ask", "price": 0.57, "size": 4.0}]}
{"t": 1776975880.618389, "events": [{"op": "set", "side": "ask", "price": 0.12, "size": 16.0}]}
{"t": 1776975881.629726, "events": [{"op": "set", "side": "bid", "price": 0.37, "size": 675.0}, {"op": "set", "side": "bid", "price": 0.35, "size": 228.0}, {"op": "set", "side": "bid", "price": 0.34, "size": 100.0}, {"op": "set", "side": "bid", "price": 0.38, "size": 399.0}, {"op": "set", "side": "bid", "price": 0.41, "size": 25.0}, {"op": "set", "side": "ask", "price": 0.53, "size": 147.0}, {"op": "set", "side": "ask", "price": 0.54, "size": 33.0}, {"op": "set", "side": "ask", "price": 0.51, "size": 8.0}, {"op": "set", "side": "ask", "price": 0.56, "size": 6457.92}, {"op": "set", "side": "ask", "price": 0.57, "size": 1.0}]}
{"t": 1776975882.637974, "events": [{"op": "set", "side": "bid", "price": 0.33, "size": 1.0}, {"op": "set", "side": "ask", "price": 0.48, "size": 500.0}]}
{"t": 1776975883.6573179, "events": [{"op": "delete", "side": "bid", "price": 0.41}, {"op": "set", "side": "bid", "price": 0.35, "size": 201.0}, {"op": "set", "side": "bid", "price": 0.42, "size": 25.0}, {"op": "set", "side": "bid", "price": 0.39, "size": 24.0}]}
{"t": 1776975885.684871, "events": [{"op": "delete", "side": "bid", "price": 0.33}]}
{"t": 1776975888.692513, "events": [{"op": "set", "side": "bid", "price": 0.39, "size": 175.43}, {"op": "set", "side": "bid", "price": 0.37, "size": 676.0}, {"op": "set", "side": "bid", "price": 0.4, "size": 73.0}]}
{"t": 1776975889.700941, "events": [{"op": "set", "side": "bid", "price": 0.4, "size": 357.0}, {"op": "delete", "side": "bid", "price": 0.38}, {"op": "set", "side": "bid", "price": 0.39, "size": 1.0}, {"op": "set", "side": "bid", "price": 0.37, "size": 1.0}, {"op": "delete", "side": "bid", "price": 0.35}, {"op": "delete", "side": "bid", "price": 0.34}, {"op": "set", "side": "bid", "price": 0.41, "size": 790.0}, {"op": "set", "side": "ask", "price": 0.54, "size": 31.0}, {"op": "set", "side": "ask", "price": 0.56, "size": 7919.92}, {"op": "set", "side": "ask", "price": 0.57, "size": 2.0}, {"op": "set", "side": "ask", "price": 0.53, "size": 145.0}]}
{"t": 1776975893.74344, "events": [{"op": "set", "side": "bid", "price": 0.4, "size": 334.0}, {"op": "set", "side": "bid", "price": 0.41, "size": 812.0}]}
{"t": 1776975913.861079, "events": [{"op": "delete", "side": "bid", "price": 0.4}, {"op": "delete", "side": "bid", "price": 0.39}, {"op": "set", "side": "bid", "price": 0.41, "size": 333.0}, {"op": "set", "side": "bid", "price": 0.38, "size": 26.0}, {"op": "set", "side": "bid", "price": 0.33, "size": 325.83}]}
{"t": 1776975914.8911412, "events": [{"op": "set", "side": "bid", "price": 0.42, "size": 610.0}, {"op": "set", "side": "bid", "price": 0.37, "size": 168.0}, {"op": "delete", "side": "bid", "price": 0.33}]}
{"t": 1776975916.9452019, "events": [{"op": "delete", "side": "bid", "price": 0.42}, {"op": "delete", "side": "bid", "price": 0.41}, {"op": "set", "side": "bid", "price": 0.4, "size": 25.0}, {"op": "delete", "side": "ask", "price": 0.51}, {"op": "set", "side": "ask", "price": 0.56, "size": 6925.92}, {"op": "delete", "side": "ask", "price": 0.57}]}
{"t": 1776975917.960892, "events": [{"op": "delete", "side": "bid", "price": 0.4}, {"op": "set", "side": "bid", "price": 0.38, "size": 360.0}, {"op": "set", "side": "bid", "price": 0.42, "size": 25.0}, {"op": "set", "side": "bid", "price": 0.39, "size": 756.0}, {"op": "set", "side": "ask", "price": 0.55, "size": 5.0}, {"op": "set", "side": "ask", "price": 0.56, "size": 6921.92}]}
{"t": 1776975918.9692569, "events": [{"op": "set", "side": "bid", "price": 0.38, "size": 334.0}, {"op": "set", "side": "bid", "price": 0.4, "size": 23.0}, {"op": "set", "side": "ask", "price": 0.54, "size": 35.0}, {"op": "delete", "side": "ask", "price": 0.55}]}
{"t": 1776975923.995276, "events": [{"op": "set", "side": "bid", "price": 0.4, "size": 73.0}]}
{"t": 1776975929.012961, "events": [{"op": "set", "side": "ask", "price": 0.48, "size": 532.9}]}
{"t": 1776975940.061205, "events": [{"op": "set", "side": "bid", "price": 0.4, "size": 23.0}, {"op": "delete", "side": "bid", "price": 0.38}, {"op": "delete", "side": "bid", "price": 0.39}, {"op": "set", "side": "bid", "price": 0.37, "size": 1.0}, {"op": "set", "side": "bid", "price": 0.33, "size": 329.43}, {"op": "set", "side": "ask", "price": 0.56, "size": 5921.92}]}
{"t": 1776975942.095907, "events": [{"op": "set", "side": "bid", "price": 0.42, "size": 501.0}, {"op": "set", "side": "bid", "price": 0.4, "size": 356.0}, {"op": "set", "side": "bid", "price": 0.37, "size": 168.0}, {"op": "set", "side": "bid", "price": 0.43, "size": 1024.0}, {"op": "set", "side": "ask", "price": 0.54, "size": 31.0}, {"op": "set", "side": "ask", "price": 0.51, "size": 5.0}, {"op": "set", "side": "ask", "price": 0.56, "size": 6888.92}]}
{"t": 1776975943.110956, "events": [{"op": "set", "side": "bid", "price": 0.4, "size": 333.0}, {"op": "delete", "side": "bid", "price": 0.33}, {"op": "set", "side": "ask", "price": 0.48, "size": 500.0}]}
{"t": 1776975944.1347961, "events": [{"op": "set", "side": "bid", "price": 0.34, "size": 50.0}, {"op": "set", "side": "bid", "price": 0.41, "size": 25.0}, {"op": "set", "side": "ask", "price": 0.55, "size": 34.0}]}
{"t": 1776975945.176098, "events": [{"op": "set", "side": "bid", "price": 0.43, "size": 25.0}, {"op": "delete", "side": "bid", "price": 0.4}, {"op": "delete", "side": "ask", "price": 0.51}, {"op": "set", "side": "ask", "price": 0.52, "size": 5.0}]}
{"t": 1776975946.19179, "events": [{"op": "set", "side": "ask", "price": 0.56, "size": 5889.92}]}
{"t": 1776975948.2322109, "events": [{"op": "set", "side": "bid", "price": 0.41, "size": 501.0}, {"op": "set", "side": "bid", "price": 0.34, "size": 167.0}, {"op": "set", "side": "bid", "price": 0.37, "size": 334.0}, {"op": "set", "side": "bid", "price": 0.42, "size": 999.0}, {"op": "set", "side": "ask", "price": 0.54, "size": 431.0}, {"op": "set", "side": "ask", "price": 0.55, "size": 999.0}, {"op": "set", "side": "ask", "price": 0.53, "size": 645.0}]}
{"t": 1776975949.255933, "events": [{"op": "set", "side": "bid", "price": 0.42, "size": 1021.0}, {"op": "set", "side": "ask", "price": 0.56, "size": 5920.92}]}
{"t": 1776975951.2976189, "events": [{"op": "delete", "side": "bid", "price": 0.41}, {"op": "delete", "side": "bid", "price": 0.34}, {"op": "set", "side": "bid", "price": 0.37, "size": 1.0}, {"op": "set", "side": "bid", "price": 0.42, "size": 22.0}, {"op": "set", "side": "bid", "price": 0.33, "size": 175.43}, {"op": "set", "side": "ask", "price": 0.52, "size": 4.0}, {"op": "set", "side": "ask", "price": 0.54, "size": 31.0}, {"op": "delete", "side": "ask", "price": 0.55}, {"op": "set", "side": "ask", "price": 0.56, "size": 5919.92}, {"op": "set", "side": "ask", "price": 0.53, "size": 145.0}]}
{"t": 1776975952.314472, "events": [{"op": "delete", "side": "bid", "price": 0.33}]}
{"t": 1776975953.32274, "events": [{"op": "set", "side": "bid", "price": 0.43, "size": 692.0}, {"op": "set", "side": "bid", "price": 0.37, "size": 334.0}, {"op": "delete", "side": "bid", "price": 0.42}, {"op": "set", "side": "bid", "price": 0.34, "size": 28.0}, {"op": "set", "side": "bid", "price": 0.33, "size": 309.2}, {"op": "delete", "side": "ask", "price": 0.52}, {"op": "set", "side": "ask", "price": 0.56, "size": 6923.92}]}
{"t": 1776975954.332581, "events": [{"op": "set", "side": "bid", "price": 0.43, "size": 1691.0}, {"op": "set", "side": "ask", "price": 0.51, "size": 6.0}, {"op": "set", "side": "ask", "price": 0.56, "size": 6888.92}]}
{"t": 1776975955.341995, "events": [{"op": "set", "side": "ask", "price": 0.55, "size": 33.0}]}
{"t": 1776975959.372451, "events": [{"op": "set", "side": "bid", "price": 0.43, "size": 526.0}, {"op": "set", "side": "bid", "price": 0.34, "size": 167.0}, {"op": "set", "side": "bid", "price": 0.38, "size": 28.0}, {"op": "set", "side": "ask", "price": 0.51, "size": 5.0}, {"op": "set", "side": "ask", "price": 0.55, "size": 34.0}, {"op": "set", "side": "ask", "price": 0.56, "size": 7887.92}]}
{"t": 1776975960.382571, "events": [{"op": "set", "side": "bid", "price": 0.43, "size": 1525.0}, {"op": "set", "side": "ask", "price": 0.56, "size": 7888.92}]}
{"t": 1776975963.398977, "events": [{"op": "delete", "side": "bid", "price": 0.38}]}
{"t": 1776975964.407889, "events": [{"op": "set", "side": "bid", "price": 0.38, "size": 28.0}, {"op": "set", "side": "ask", "price": 0.55, "size": 33.0}]}
{"t": 1776975966.4270139, "events": [{"op": "set", "side": "bid", "price": 0.37, "size": 333.0}]}
{"t": 1776975971.450849, "events": [{"op": "delete", "side": "bid", "price": 0.43}, {"op": "delete", "side": "bid", "price": 0.37}, {"op": "delete", "side": "bid", "price": 0.34}, {"op": "delete", "side": "bid", "price": 0.33}, {"op": "set", "side": "bid", "price": 0.4, "size": 25.0}, {"op": "delete", "side": "ask", "price": 0.51}, {"op": "set", "side": "ask", "price": 0.56, "size": 6892.92}]}
{"t": 1776975973.468818, "events": [{"op": "delete", "side": "bid", "price": 0.4}, {"op": "set", "side": "bid", "price": 0.38, "size": 334.0}, {"op": "set", "side": "bid", "price": 0.42, "size": 25.0}, {"op": "set", "side": "bid", "price": 0.39, "size": 827.0}, {"op": "set", "side": "ask", "price": 0.55, "size": 5.0}, {"op": "set", "side": "ask", "price": 0.56, "size": 6888.92}]}
{"t": 1776975974.486274, "events": [{"op": "set", "side": "bid", "price": 0.4, "size": 24.0}, {"op": "set", "side": "ask", "price": 0.53, "size": 153.0}, {"op": "delete", "side": "ask", "price": 0.55}, {"op": "set", "side": "ask", "price": 0.57, "size": 33.0}]}
{"t": 1776975977.5051599, "events": [{"op": "delete", "side": "bid", "price": 0.38}, {"op": "delete", "side": "bid", "price": 0.39}, {"op": "set", "side": "ask", "price": 0.56, "size": 6373.92}]}
{"t": 1776975978.524107, "events": [{"op": "set", "side": "bid", "price": 0.42, "size": 1691.0}, {"op": "set", "side": "bid", "price": 0.4, "size": 333.0}, {"op": "set", "side": "bid", "price": 0.33, "size": 50.0}, {"op": "set", "side": "ask", "price": 0.54, "size": 39.0}, {"op": "set", "side": "ask", "price": 0.51, "size": 8.0}, {"op": "set", "side": "ask", "price": 0.57, "size": 1.0}]}
{"t": 1776975979.530004, "events": [{"op": "set", "side": "bid", "price": 0.41, "size": 25.0}, {"op": "set", "side": "ask", "price": 0.55, "size": 35.0}]}
{"t": 1776975980.536962, "events": [{"op": "set", "side": "bid", "price": 0.33, "size": 362.77}]}
{"t": 1776975989.593303, "events": [{"op": "set", "side": "bid", "price": 0.42, "size": 1025.0}, {"op": "delete", "side": "bid", "price": 0.4}, {"op": "set", "side": "bid", "price": 0.33, "size": 363.77}, {"op": "set", "side": "ask", "price": 0.54, "size": 31.0}, {"op": "set", "side": "ask", "price": 0.56, "size": 7887.92}, {"op": "set", "side": "ask", "price": 0.53, "size": 145.0}]}
{"t": 1776975990.615396, "events": [{"op": "set", "side": "bid", "price": 0.42, "size": 2024.0}]}
{"t": 1776975993.639185, "events": [{"op": "delete", "side": "bid", "price": 0.41}, {"op": "delete", "side": "ask", "price": 0.55}]}
{"t": 1776975994.652439, "events": [{"op": "set", "side": "bid", "price": 0.34, "size": 29.0}, {"op": "set", "side": "ask", "price": 0.55, "size": 35.0}]}
{"t": 1776976002.718677, "events": [{"op": "delete", "side": "bid", "price": 0.42}, {"op": "set", "side": "bid", "price": 0.34, "size": 363.0}, {"op": "set", "side": "bid", "price": 0.33, "size": 312.77}, {"op": "set", "side": "bid", "price": 0.38, "size": 25.0}, {"op": "set", "side": "bid", "price": 0.35, "size": 792.0}, {"op": "delete", "side": "ask", "price": 0.1}]}
{"t": 1776976003.738184, "events": [{"op": "delete", "side": "bid", "price": 0.38}, {"op": "set", "side": "bid", "price": 0.34, "size": 334.0}, {"op": "delete", "side": "bid", "price": 0.33}, {"op": "set", "side": "bid", "price": 0.39, "size": 25.0}, {"op": "set", "side": "bid", "price": 0.36, "size": 26.0}, {"op": "delete", "side": "ask", "price": 0.51}, {"op": "set", "side": "ask", "price": 0.55, "size": 7.0}, {"op": "set", "side": "ask", "price": 0.57, "size": 40.0}]}
{"t": 1776976004.7654002, "events": [{"op": "set", "side": "bid", "price": 0.36, "size": 349.11}, {"op": "set", "side": "bid", "price": 0.35, "size": 742.0}, {"op": "delete", "side": "ask", "price": 0.55}, {"op": "set", "side": "ask", "price": 0.52, "size": 8.0}]}
{"t": 1776976005.821455, "events": [{"op": "set", "side": "bid", "price": 0.39, "size": 334.0}, {"op": "delete", "side": "bid", "price": 0.35}, {"op": "delete", "side": "bid", "price": 0.34}, {"op": "set", "side": "bid", "price": 0.4, "size": 744.0}, {"op": "set", "side": "bid", "price": 0.41, "size": 25.0}, {"op": "set", "side": "ask", "price": 0.56, "size": 6024.92}, {"op": "set", "side": "ask", "price": 0.57, "size": 538.0}, {"op": "set", "side": "ask", "price": 0.58, "size": 1.0}]}
{"t": 1776976008.8495371, "events": [{"op": "set", "side": "bid", "price": 0.4, "size": 768.0}, {"op": "set", "side": "bid", "price": 0.36, "size": 323.11}]}
{"t": 1776976011.8745532, "events": [{"op": "delete", "side": "bid", "price": 0.41}, {"op": "delete", "side": "bid", "price": 0.39}, {"op": "set", "side": "bid", "price": 0.42, "size": 25.0}, {"op": "delete", "side": "ask", "price": 0.52}, {"op": "set", "side": "ask", "price": 0.51, "size": 8.0}, {"op": "set", "side": "ask", "price": 0.57, "size": 39.0}, {"op": "delete", "side": "ask", "price": 0.58}]}
{"t": 1776976012.8924701, "events": [{"op": "delete", "side": "bid", "price": 0.42}, {"op": "set", "side": "bid", "price": 0.4, "size": 357.0}, {"op": "set", "side": "bid", "price": 0.43, "size": 25.0}, {"op": "set", "side": "bid", "price": 0.41, "size": 666.0}, {"op": "set", "side": "bid", "price": 0.33, "size": 50.0}, {"op": "delete", "side": "ask", "price": 0.51}, {"op": "set", "side": "ask", "price": 0.53, "size": 318.0}, {"op": "set", "side": "ask", "price": 0.54, "size": 201.0}, {"op": "set", "side": "ask", "price": 0.56, "size": 6114.92}, {"op": "delete", "side": "ask", "price": 0.57}]}
{"t": 1776976013.8963861, "events": [{"op": "set", "side": "bid", "price": 0.4, "size": 333.0}, {"op": "set", "side": "bid", "price": 0.41, "size": 689.0}, {"op": "set", "side": "ask", "price": 0.55, "size": 37.0}]}
{"t": 1776976018.944151, "events": [{"op": "delete", "side": "bid", "price": 0.36}, {"op": "set", "side": "ask", "price": 0.48, "size": 532.9}]}
{"t": 1776976019.955518, "events": [{"op": "set", "side": "bid", "price": 0.33, "size": 384.51}, {"op": "set", "side": "ask", "price": 0.48, "size": 500.0}]}
{"t": 1776976021.967751, "events": [{"op": "delete", "side": "bid", "price": 0.4}, {"op": "set", "side": "bid", "price": 0.41, "size": 356.0}, {"op": "set", "side": "bid", "price": 0.42, "size": 666.0}, {"op": "set", "side": "ask", "price": 0.53, "size": 145.0}, {"op": "set", "side": "ask", "price": 0.54, "size": 31.0}, {"op": "set", "side": "ask", "price": 0.56, "size": 5889.92}, {"op": "set", "side": "ask", "price": 0.55, "size": 1217.0}, {"op": "set", "side": "ask", "price": 0.52, "size": 5.0}]}
{"t": 1776976023.989538, "events": [{"op": "set", "side": "bid", "price": 0.41, "size": 333.0}, {"op": "set", "side": "bid", "price": 0.34, "size": 29.0}, {"op": "set", "side": "ask", "price": 0.55, "size": 1180.0}, {"op": "set", "side": "ask", "price": 0.56, "size": 5921.92}]}
{"t": 1776976025.006827, "events": [{"op": "set", "side": "bid", "price": 0.34, "size": 346.38}, {"op": "set", "side": "bid", "price": 0.33, "size": 50.0}]}
{"t": 1776976028.033005, "events": [{"op": "set", "side": "bid", "price": 0.34, "size": 317.38}]}
{"t": 1776976029.046649, "events": [{"op": "delete", "side": "bid", "price": 0.34}, {"op": "set", "side": "bid", "price": 0.35, "size": 29.0}]}
{"t": 1776976030.0649989, "events": [{"op": "delete", "side": "bid", "price": 0.43}, {"op": "delete", "side": "bid", "price": 0.41}, {"op": "delete", "side": "bid", "price": 0.42}, {"op": "set", "side": "bid", "price": 0.37, "size": 25.0}, {"op": "delete", "side": "ask", "price": 0.52}, {"op": "delete", "side": "ask", "price": 0.55}, {"op": "set", "side": "ask", "price": 0.57, "size": 4.0}]}
{"t": 1776976031.0763671, "events": [{"op": "set", "side": "bid", "price": 0.37, "size": 666.0}, {"op": "set", "side": "bid", "price": 0.35, "size": 362.0}, {"op": "set", "side": "bid", "price": 0.33, "size": 167.0}, {"op": "set", "side": "bid", "price": 0.4, "size": 25.0}, {"op": "set", "side": "bid", "price": 0.36, "size": 424.0}, {"op": "set", "side": "ask", "price": 0.53, "size": 445.0}, {"op": "set", "side": "ask", "price": 0.54, "size": 758.0}, {"op": "set", "side": "ask", "price": 0.56, "size": 5926.92}, {"op": "set", "side": "ask", "price": 0.52, "size": 300.0}, {"op": "delete", "side": "ask", "price": 0.57}]}
{"t": 1776976033.0979562, "events": [{"op": "delete", "side": "bid", "price": 0.4}, {"op": "set", "side": "bid", "price": 0.35, "size": 333.0}, {"op": "set", "side": "bid", "price": 0.38, "size": 175.43}, {"op": "set", "side": "bid", "price": 0.41, "size": 25.0}, {"op": "set", "side": "ask", "price": 0.56, "size": 5925.92}]}
{"t": 1776976034.1065989, "events": [{"op": "set", "side": "bid", "price": 0.39, "size": 24.0}, {"op": "set", "side": "ask", "price": 0.55, "size": 4.0}, {"op": "set", "side": "ask", "price": 0.56, "size": 5921.92}]}
{"t": 1776976038.1259038, "events": [{"op": "delete", "side": "bid", "price": 0.39}, {"op": "delete", "side": "ask", "price": 0.55}, {"op": "set", "side": "ask", "price": 0.56, "size": 5925.92}]}
{"t": 1776976039.130999, "events": [{"op": "delete", "side": "bid", "price": 0.35}, {"op": "delete", "side": "bid", "price": 0.37}, {"op": "delete", "side": "bid", "price": 0.36}, {"op": "delete", "side": "bid", "price": 0.33}, {"op": "set", "side": "bid", "price": 0.39, "size": 24.0}, {"op": "delete", "side": "ask", "price": 0.52}, {"op": "set", "side": "ask", "price": 0.53, "size": 145.0}, {"op": "set", "side": "ask", "price": 0.54, "size": 31.0}, {"op": "set", "side": "ask", "price": 0.55, "size": 4.0}, {"op": "set", "side": "ask", "price": 0.56, "size": 5921.92}]}
{"t": 1776976040.136569, "events": [{"op": "set", "side": "bid", "price": 0.41, "size": 1000.0}, {"op": "set", "side": "bid", "price": 0.39, "size": 358.0}, {"op": "delete", "side": "bid", "price": 0.38}, {"op": "set", "side": "bid", "price": 0.42, "size": 691.0}, {"op": "set", "side": "bid", "price": 0.33, "size": 384.79}, {"op": "set", "side": "ask", "price": 0.56, "size": 7919.92}, {"op": "delete", "side": "ask", "price": 0.55}, {"op": "set", "side": "ask", "price": 0.51, "size": 8.0}, {"op": "set", "side": "ask", "price": 0.57, "size": 1.0}]}
{"t": 1776976041.146323, "events": [{"op": "set", "side": "bid", "price": 0.42, "size": 25.0}, {"op": "delete", "side": "bid", "price": 0.41}, {"op": "set", "side": "bid", "price": 0.33, "size": 334.79}, {"op": "set", "side": "bid", "price": 0.4, "size": 50.0}]}
{"t": 1776976042.1519518, "events": [{"op": "set", "side": "bid", "price": 0.4, "size": 716.0}, {"op": "set", "side": "bid", "price": 0.39, "size": 357.0}]}
{"t": 1776976043.1629992, "events": [{"op": "set", "side": "bid", "price": 0.39, "size": 333.0}]}
{"t": 1776976044.185159, "events": [{"op": "set", "side": "bid", "price": 0.4, "size": 24.0}, {"op": "delete", "side": "bid", "price": 0.39}, {"op": "delete", "side": "ask", "price": 0.51}, {"op": "set", "side": "ask", "price": 0.54, "size": 35.0}, {"op": "set", "side": "ask", "price": 0.56, "size": 5920.92}, {"op": "delete", "side": "ask", "price": 0.57}]}
{"t": 1776976047.209746, "events": [{"op": "set", "side": "bid", "price": 0.42, "size": 667.0}, {"op": "set", "side": "bid", "price": 0.4, "size": 357.0}, {"op": "set", "side": "bid", "price": 0.43, "size": 1024.0}, {"op": "set", "side": "ask", "price": 0.48, "size": 532.9}, {"op": "set", "side": "ask", "price": 0.54, "size": 31.0}, {"op": "set", "side": "ask", "price": 0.56, "size": 6920.92}, {"op": "set", "side": "ask", "price": 0.51, "size": 5.0}]}
{"t": 1776976048.218187, "events": [{"op": "set", "side": "bid", "price": 0.4, "size": 333.0}, {"op": "set", "side": "ask", "price": 0.48, "size": 500.0}, {"op": "set", "side": "ask", "price": 0.51, "size": 25.64}, {"op": "set", "side": "ask", "price": 0.56, "size": 6888.92}]}
{"t": 1776976049.2295182, "events": [{"op": "set", "side": "bid", "price": 0.43, "size": 25.0}, {"op": "delete", "side": "bid", "price": 0.4}, {"op": "delete", "side": "bid", "price": 0.33}, {"op": "set", "side": "bid", "price": 0.41, "size": 25.0}, {"op": "delete", "side": "ask", "price": 0.51}, {"op": "set", "side": "ask", "price": 0.55, "size": 34.0}, {"op": "set", "side": "ask", "price": 0.52, "size": 5.0}]}
{"t": 1776976050.238752, "events": [{"op": "set", "side": "bid", "price": 0.41, "size": 359.0}, {"op": "set", "side": "bid", "price": 0.42, "size": 769.0}]}
{"t": 1776976053.276522, "events": [{"op": "set", "side": "bid", "price": 0.41, "size": 334.0}, {"op": "delete", "side": "ask", "price": 0.55}]}
{"t": 1776976054.2832232, "events": [{"op": "set", "side": "bid", "price": 0.33, "size": 30.0}, {"op": "set", "side": "ask", "price": 0.55, "size": 36.0}]}
{"t": 1776976058.306615, "events": [{"op": "delete", "side": "bid", "price": 0.43}, {"op": "delete", "side": "bid", "price": 0.41}, {"op": "set", "side": "bid", "price": 0.32, "size": 446.0}, {"op": "delete", "side": "bid", "price": 0.42}, {"op": "set", "side": "bid", "price": 0.33, "size": 29.0}, {"op": "delete", "side": "ask", "price": 0.52}, {"op": "delete", "side": "ask", "price": 0.55}, {"op": "set", "side": "ask", "price": 0.56, "size": 5888.92}, {"op": "set", "side": "ask", "price": 0.57, "size": 50.0}]}
{"t": 1776976059.3257349, "events": [{"op": "set", "side": "bid", "price": 0.33, "size": 79.0}, {"op": "set", "side": "ask", "price": 0.57, "size": 37.0}, {"op": "set", "side": "ask", "price": 0.58, "size": 13.0}]}
{"t": 1776976061.337662, "events": [{"op": "set", "side": "bid", "price": 0.33, "size": 362.0}, {"op": "set", "side": "bid", "price": 0.32, "size": 422.0}, {"op": "set", "side": "bid", "price": 0.34, "size": 504.0}, {"op": "set", "side": "bid", "price": 0.35, "size": 665.0}, {"op": "set", "side": "bid", "price": 0.36, "size": 3.75}, {"op": "set", "side": "ask", "price": 0.54, "size": 34.0}, {"op": "set", "side": "ask", "price": 0.56, "size": 6377.92}, {"op": "set", "side": "ask", "price": 0.55, "size": 25.0}, {"op": "set", "side": "ask", "price": 0.57, "size": 43.0}, {"op": "delete", "side": "ask", "price": 0.58}]}
{"t": 1776976063.365494, "events": [{"op": "set", "side": "bid", "price": 0.36, "size": 321.39}, {"op": "set", "side": "bid", "price": 0.33, "size": 333.0}, {"op": "set", "side": "bid", "price": 0.37, "size": 3.75}]}
{"t": 1776976064.375992, "events": [{"op": "set", "side": "bid", "price": 0.37, "size": 25.0}, {"op": "set", "side": "bid", "price": 0.34, "size": 507.75}, {"op": "delete", "side": "ask", "price": 0.55}, {"op": "set", "side": "ask", "price": 0.57, "size": 44.0}, {"op": "set", "side": "ask", "price": 0.58, "size": 22.0}]}
{"t": 1776976065.3873029, "events": [{"op": "delete", "side": "bid", "price": 0.36}, {"op": "delete", "side": "bid", "price": 0.35}, {"op": "set", "side": "bid", "price": 0.34, "size": 3.75}, {"op": "delete", "side": "bid", "price": 0.33}, {"op": "set", "side": "bid", "price": 0.32, "size": 421.0}, {"op": "set", "side": "ask", "price": 0.56, "size": 5893.92}]}
{"t": 1776976066.397533, "events": [{"op": "set", "side": "bid", "price": 0.37, "size": 362.75}, {"op": "delete", "side": "bid", "price": 0.34}, {"op": "set", "side": "bid", "price": 0.38, "size": 779.0}, {"op": "set", "side": "bid", "price": 0.36, "size": 1.0}, {"op": "set", "side": "ask", "price": 0.54, "size": 37.0}, {"op": "set", "side": "ask", "price": 0.56, "size": 5918.92}, {"op": "set", "side": "ask", "price": 0.57, "size": 383.0}, {"op": "set", "side": "ask", "price": 0.58, "size": 1.0}]}
{"t": 1776976068.419334, "events": [{"op": "set", "side": "bid", "price": 0.37, "size": 337.75}]}
{"t": 1776976069.436353, "events": [{"op": "set", "side": "bid", "price": 0.39, "size": 24.0}]}
{"t": 1776976074.460224, "events": [{"op": "delete", "side": "bid", "price": 0.39}, {"op": "set", "side": "bid", "price": 0.38, "size": 50.0}, {"op": "set", "side": "bid", "price": 0.37, "size": 334.0}, {"op": "delete", "side": "bid", "price": 0.36}, {"op": "set", "side": "bid", "price": 0.35, "size": 3.75}, {"op": "set", "side": "bid", "price": 0.33, "size": 314.36}, {"op": "set", "side": "ask", "price": 0.54, "size": 31.0}, {"op": "set", "side": "ask", "price": 0.56, "size": 5893.92}, {"op": "set", "side": "ask", "price": 0.57, "size": 153.0}, {"op": "set", "side": "ask", "price": 0.58, "size": 19.0}]}
{"t": 1776976075.471221, "events": [{"op": "set", "side": "bid", "price": 0.38, "size": 3.75}, {"op": "delete", "side": "bid", "price": 0.35}, {"op": "set", "side": "bid", "price": 0.32, "size": 422.0}, {"op": "set", "side": "bid", "price": 0.33, "size": 364.36}, {"op": "set", "side": "bid", "price": 0.39, "size": 690.0}, {"op": "set", "side": "bid", "price": 0.4, "size": 997.0}, {"op": "set", "side": "ask", "price": 0.56, "size": 6179.92}, {"op": "set", "side": "ask", "price": 0.58, "size": 35.0}]}
{"t": 1776976076.476594, "events": [{"op": "set", "side": "bid", "price": 0.33, "size": 50.0}, {"op": "delete", "side": "ask", "price": 0.12}]}
{"t": 1776976077.482344, "events": [{"op": "set", "side": "bid", "price": 0.4, "size": 665.0}, {"op": "set", "side": "bid", "price": 0.39, "size": 443.0}, {"op": "set", "side": "bid", "price": 0.33, "size": 396.23}, {"op": "delete", "side": "bid", "price": 0.37}, {"op": "set", "side": "bid", "price": 0.32, "size": 421.0}, {"op": "set", "side": "ask", "price": 0.56, "size": 5925.92}, {"op": "delete", "side": "ask", "price": 0.57}]}
{"t": 1776976078.494921, "events": [{"op": "set", "side": "bid", "price": 0.4, "size": 689.0}, {"op": "set", "side": "bid", "price": 0.39, "size": 424.75}, {"op": "set", "side": "bid", "price": 0.38, "size": 333.0}, {"op": "set", "side": "bid", "price": 0.33, "size": 563.23}, {"op": "set", "side": "ask", "price": 0.53, "size": 311.0}, {"op": "set", "side": "ask", "price": 0.54, "size": 356.0}, {"op": "set", "side": "ask", "price": 0.56, "size": 5900.92}, {"op": "delete", "side": "ask", "price": 0.58}, {"op": "set", "side": "ask", "price": 0.55, "size": 25.0}, {"op": "set", "side": "ask", "price": 0.57, "size": 32.0}]}
{"t": 1776976085.548361, "events": [{"op": "delete", "side": "bid", "price": 0.4}, {"op": "delete", "side": "bid", "price": 0.39}, {"op": "delete", "side": "bid", "price": 0.38}, {"op": "set", "side": "bid", "price": 0.33, "size": 346.23}, {"op": "set", "side": "bid", "price": 0.3, "size": 103.75}, {"op": "set", "side": "bid", "price": 0.34, "size": 27.0}, {"op": "set", "side": "ask", "price": 0.53, "size": 145.0}, {"op": "set", "side": "ask", "price": 0.54, "size": 31.0}, {"op": "delete", "side": "ask", "price": 0.55}, {"op": "set", "side": "ask", "price": 0.56, "size": 5888.92}, {"op": "set", "side": "ask", "price": 0.58, "size": 13.0}]}
{"t": 1776976086.5729961, "events": [{"op": "set", "side": "bid", "price": 0.3, "size": 100.0}, {"op": "set", "side": "bid", "price": 0.35, "size": 50.0}, {"op": "set", "side": "bid", "price": 0.36, "size": 3.75}, {"op": "set", "side": "ask", "price": 0.48, "size": 532.9}, {"op": "set", "side": "ask", "price": 0.57, "size": 40.0}, {"op": "set", "side": "ask", "price": 0.58, "size": 25.0}]}
{"t": 1776976088.582797, "events": [{"op": "set", "side": "bid", "price": 0.36, "size": 25.0}, {"op": "set", "side": "bid", "price": 0.35, "size": 53.75}, {"op": "delete", "side": "bid", "price": 0.34}, {"op": "set", "side": "ask", "price": 0.58, "size": 22.0}]}
{"t": 1776976089.58958, "events": [{"op": "set", "side": "bid", "price": 0.36, "size": 526.0}, {"op": "set", "side": "bid", "price": 0.35, "size": 333.0}, {"op": "delete", "side": "bid", "price": 0.33}, {"op": "set", "side": "bid", "price": 0.38, "size": 4.13}, {"op": "set", "side": "bid", "price": 0.34, "size": 167.0}, {"op": "set", "side": "bid", "price": 0.37, "size": 998.0}, {"op": "set", "side": "ask", "price": 0.48, "size": 500.0}, {"op": "set", "side": "ask", "price": 0.54, "size": 37.0}, {"op": "set", "side": "ask", "price": 0.56, "size": 6365.92}, {"op": "set", "side": "ask", "price": 0.57, "size": 49.0}, {"op": "set", "side": "ask", "price": 0.55, "size": 25.0}, {"op": "delete", "side": "ask", "price": 0.58}]}
{"t": 1776976090.5952551, "events": [{"op": "set", "side": "bid", "price": 0.38, "size": 180.08}, {"op": "delete", "side": "ask", "price": 0.55}, {"op": "set", "side": "ask", "price": 0.56, "size": 6390.92}]}
{"t": 1776976091.599458, "events": [{"op": "set", "side": "bid", "price": 0.38, "size": 2.4868995751603507e-14}, {"op": "delete", "side": "bid", "price": 0.37}, {"op": "delete", "side": "bid", "price": 0.35}, {"op": "set", "side": "bid", "price": 0.34, "size": 5.08}, {"op": "set", "side": "bid", "price": 0.36, "size": 25.0}, {"op": "set", "side": "bid", "price": 0.33, "size": 50.0}, {"op": "set", "side": "ask", "price": 0.56, "size": 5943.92}, {"op": "set", "side": "ask", "price": 0.58, "size": 13.0}]}
{"t": 1776976092.6074328, "events": [{"op": "set", "side": "bid", "price": 0.34, "size": 5.49}]}
{"t": 1776976093.6152132, "events": [{"op": "set", "side": "bid", "price": 0.38, "size": 2.000000000000025}, {"op": "delete", "side": "bid", "price": 0.36}, {"op": "delete", "side": "bid", "price": 0.34}, {"op": "delete", "side": "bid", "price": 0.33}, {"op": "set", "side": "bid", "price": 0.39, "size": 998.0000000000001}, {"op": "set", "side": "bid", "price": 0.4, "size": 23.0}, {"op": "set", "side": "bid", "price": 0.37, "size": 5.9}, {"op": "set", "side": "ask", "price": 0.54, "size": 98.0}, {"op": "set", "side": "ask", "price": 0.57, "size": 214.0}, {"op": "set", "side": "ask", "price": 0.55, "size": 25.0}, {"op": "delete", "side": "ask", "price": 0.58}]}
{"t": 1776976094.628316, "events": [{"op": "set", "side": "bid", "price": 0.37, "size": 6.300000000000001}, {"op": "delete", "side": "ask", "price": 0.55}, {"op": "set", "side": "ask", "price": 0.57, "size": 229.0}]}
{"t": 1776976095.6349592, "events": [{"op": "set", "side": "bid", "price": 0.4, "size": 73.0}, {"op": "set", "side": "bid", "price": 0.39, "size": 665.0000000000001}, {"op": "set", "side": "bid", "price": 0.38, "size": 8.700000000000026}, {"op": "set", "side": "bid", "price": 0.37, "size": 8.881784197001252e-16}, {"op": "set", "side": "ask", "price": 0.54, "size": 37.0}, {"op": "set", "side": "ask", "price": 0.56, "size": 5968.92}, {"op": "set", "side": "ask", "price": 0.57, "size": 41.0}]}
{"t": 1776976096.652119, "events": [{"op": "set", "side": "bid", "price": 0.38, "size": 9.090000000000027}]}
{"t": 1776976097.657048, "events": [{"op": "set", "side": "bid", "price": 0.38, "size": 517.4700000000003}, {"op": "set", "side": "bid", "price": 0.32, "size": 422.0}, {"op": "set", "side": "bid", "price": 0.37, "size": 333.0}, {"op": "set", "side": "ask", "price": 0.53, "size": 315.0}, {"op": "set", "side": "ask", "price": 0.54, "size": 200.0}, {"op": "set", "side": "ask", "price": 0.56, "size": 6139.92}]}
{"t": 1776976098.6700659, "events": [{"op": "set", "side": "bid", "price": 0.38, "size": 517.8400000000005}]}
{"t": 1776976099.67869, "events": [{"op": "set", "side": "bid", "price": 0.4, "size": 23.0}, {"op": "set", "side": "bid", "price": 0.39, "size": 50.000000000000114}, {"op": "set", "side": "bid", "price": 0.38, "size": 334.0000000000007}, {"op": "set", "side": "bid", "price": 0.37, "size": 8.21}, {"op": "set", "side": "ask", "price": 0.53, "size": 205.0}, {"op": "set", "side": "ask", "price": 0.54, "size": 92.0}, {"op": "set", "side": "ask", "price": 0.56, "size": 5991.92}, {"op": "set", "side": "ask", "price": 0.57, "size": 40.0}]}
{"t": 1776976100.698726, "events": [{"op": "set", "side": "bid", "price": 0.4, "size": 668.0}, {"op": "set", "side": "bid", "price": 0.39, "size": 23.000000000000114}, {"op": "set", "side": "bid", "price": 0.38, "size": 342.58000000000067}, {"op": "delete", "side": "bid", "price": 0.37}, {"op": "set", "side": "bid", "price": 0.41, "size": 998.0}, {"op": "set", "side": "bid", "price": 0.33, "size": 50.0}, {"op": "set", "side": "ask", "price": 0.56, "size": 5985.92}, {"op": "delete", "side": "ask", "price": 0.57}, {"op": "set", "side": "ask", "price": 0.55, "size": 37.0}]}
{"t": 1776976101.709044, "events": [{"op": "set", "side": "bid", "price": 0.38, "size": 342.93000000000063}]}
{"t": 1776976102.7116642, "events": [{"op": "set", "side": "bid", "price": 0.38, "size": 343.2800000000006}]}
{"t": 1776976103.7164748, "events": [{"op": "set", "side": "bid", "price": 0.41, "size": 1021.0}, {"op": "set", "side": "bid", "price": 0.38, "size": 343.63000000000056}, {"op": "set", "side": "bid", "price": 0.39, "size": 1.1368683772161603e-13}, {"op": "set", "side": "bid", "price": 0.33, "size": 423.13}, {"op": "set", "side": "ask", "price": 0.48, "size": 532.9}]}
{"t": 1776976104.730009, "events": [{"op": "set", "side": "bid", "price": 0.38, "size": 343.96000000000055}, {"op": "set", "side": "ask", "price": 0.48, "size": 500.0}]}
{"t": 1776976105.735141, "events": [{"op": "set", "side": "bid", "price": 0.38, "size": 344.3000000000005}]}
{"t": 1776976106.741625, "events": [{"op": "set", "side": "bid", "price": 0.38, "size": 344.6200000000005}]}
{"t": 1776976107.7440588, "events": [{"op": "set", "side": "bid", "price": 0.38, "size": 344.9400000000005}]}
{"t": 1776976108.7470589, "events": [{"op": "set", "side": "bid", "price": 0.38, "size": 345.2600000000005}]}
{"t": 1776976109.7538, "events": [{"op": "set", "side": "bid", "price": 0.38, "size": 345.5700000000005}]}
{"t": 1776976110.7619252, "events": [{"op": "set", "side": "bid", "price": 0.38, "size": 345.8700000000005}]}
{"t": 1776976111.765918, "events": [{"op": "set", "side": "bid", "price": 0.38, "size": 346.1700000000005}]}
{"t": 1776976112.770134, "events": [{"op": "set", "side": "bid", "price": 0.38, "size": 346.35000000000053}]}
{"t": 1776976113.775799, "events": [{"op": "delete", "side": "bid", "price": 0.41}, {"op": "set", "side": "bid", "price": 0.4, "size": 12.75}, {"op": "set", "side": "bid", "price": 0.38, "size": 334.00000000000057}, {"op": "set", "side": "bid", "price": 0.39, "size": 739.0000000000001}, {"op": "set", "side": "bid", "price": 0.33, "size": 374.13}, {"op": "set", "side": "bid", "price": 0.32, "size": 421.0}, {"op": "set", "side": "ask", "price": 0.53, "size": 145.0}, {"op": "set", "side": "ask", "price": 0.54, "size": 31.0}, {"op": "set", "side": "ask", "price": 0.55, "size": 25.0}, {"op": "set", "side": "ask", "price": 0.56, "size": 7886.92}, {"op": "set", "side": "ask", "price": 0.57, "size": 38.0}]}
{"t": 1776976114.786037, "events": [{"op": "set", "side": "bid", "price": 0.4, "size": 1.7763568394002505e-15}, {"op": "set", "side": "bid", "price": 0.33, "size": 1.0}, {"op": "set", "side": "bid", "price": 0.37, "size": 13.040000000000001}, {"op": "delete", "side": "ask", "price": 0.55}, {"op": "set", "side": "ask", "price": 0.57, "size": 51.0}]}
{"t": 1776976115.790102, "events": [{"op": "set", "side": "bid", "price": 0.33, "size": 361.18}, {"op": "set", "side": "bid", "price": 0.37, "size": 13.320000000000004}]}
{"t": 1776976116.79982, "events": [{"op": "set", "side": "bid", "price": 0.4, "size": 678.59}, {"op": "set", "side": "bid", "price": 0.39, "size": 518.0000000000001}, {"op": "set", "side": "bid", "price": 0.38, "size": 5.684341886080801e-13}, {"op": "set", "side": "bid", "price": 0.37, "size": 333.0}, {"op": "set", "side": "bid", "price": 0.34, "size": 50.0}, {"op": "set", "side": "ask", "price": 0.56, "size": 6242.92}, {"op": "set", "side": "ask", "price": 0.57, "size": 37.0}, {"op": "set", "side": "ask", "price": 0.55, "size": 25.0}]}
{"t": 1776976117.808927, "events": [{"op": "set", "side": "bid", "price": 0.4, "size": 678.8599999999998}, {"op": "set", "side": "bid", "price": 0.34, "size": 325.54}, {"op": "set", "side": "bid", "price": 0.33, "size": 1.0}, {"op": "set", "side": "ask", "price": 0.53, "size": 157.0}, {"op": "set", "side": "ask", "price": 0.54, "size": 209.0}]}
{"t": 1776976118.820491, "events": [{"op": "set", "side": "bid", "price": 0.4, "size": 679.1299999999995}, {"op": "set", "side": "bid", "price": 0.39, "size": 494.0000000000001}]}
{"t": 1776976119.83535, "events": [{"op": "set", "side": "bid", "price": 0.4, "size": 703.3899999999993}]}
{"t": 1776976120.851501, "events": [{"op": "set", "side": "bid", "price": 0.4, "size": 703.6399999999991}, {"op": "set", "side": "bid", "price": 0.33, "size": 51.0}]}
{"t": 1776976121.8541791, "events": [{"op": "set", "side": "bid", "price": 0.4, "size": 703.8999999999988}, {"op": "set", "side": "bid", "price": 0.33, "size": 67.0}]}
{"t": 1776976122.857159, "events": [{"op": "set", "side": "bid", "price": 0.4, "size": 704.1399999999986}]}
{"t": 1776976123.861661, "events": [{"op": "set", "side": "bid", "price": 0.4, "size": 704.3899999999984}]}
{"t": 1776976124.868124, "events": [{"op": "set", "side": "bid", "price": 0.4, "size": 704.6199999999982}]}
{"t": 1776976125.875092, "events": [{"op": "set", "side": "bid", "price": 0.4, "size": 704.859999999998}]}
{"t": 1776976126.880416, "events": [{"op": "set", "side": "bid", "price": 0.4, "size": 705.0899999999978}]}
{"t": 1776976127.8869839, "events": [{"op": "set", "side": "bid", "price": 0.4, "size": 705.3199999999975}, {"op": "delete", "side": "bid", "price": 0.34}, {"op": "set", "side": "bid", "price": 0.33, "size": 411.72}]}
{"t": 1776976128.8931751, "events": [{"op": "set", "side": "bid", "price": 0.4, "size": 711.9999999999974}, {"op": "set", "side": "bid", "price": 0.39, "size": 16.580000000000112}, {"op": "set", "side": "bid", "price": 0.33, "size": 543.72}, {"op": "delete", "side": "bid", "price": 0.37}, {"op": "set", "side": "bid", "price": 0.42, "size": 328.0}, {"op": "set", "side": "bid", "price": 0.41, "size": 263.0}, {"op": "set", "side": "ask", "price": 0.53, "size": 145.0}, {"op": "set", "side": "ask", "price": 0.54, "size": 31.0}, {"op": "set", "side": "ask", "price": 0.55, "size": 77.0}, {"op": "set", "side": "ask", "price": 0.56, "size": 5956.92}, {"op": "set", "side": "ask", "price": 0.57, "size": 226.0}]}
{"t": 1776976129.9012349, "events": [{"op": "set", "side": "bid", "price": 0.39, "size": 16.80000000000011}, {"op": "set", "side": "bid", "price": 0.41, "size": 287.0}, {"op": "set", "side": "bid", "price": 0.33, "size": 199.0}, {"op": "set", "side": "ask", "price": 0.56, "size": 5989.92}]}
{"t": 1776976130.9047801, "events": [{"op": "delete", "side": "bid", "price": 0.42}, {"op": "set", "side": "bid", "price": 0.4, "size": 17.02}, {"op": "set", "side": "bid", "price": 0.39, "size": 1.1013412404281553e-13}, {"op": "set", "side": "bid", "price": 0.41, "size": 24.0}, {"op": "set", "side": "bid", "price": 0.33, "size": 262.0}, {"op": "set", "side": "bid", "price": 0.32, "size": 445.0}, {"op": "set", "side": "bid", "price": 0.34, "size": 833.54}, {"op": "set", "side": "bid", "price": 0.35, "size": 50.0}, {"op": "set", "side": "ask", "price": 0.55, "size": 25.0}, {"op": "set", "side": "ask", "price": 0.56, "size": 7919.92}, {"op": "set", "side": "ask", "price": 0.57, "size": 2.0}]}
{"t": 1776976131.9146821, "events": [{"op": "set", "side": "bid", "price": 0.4, "size": 17.229999999999997}]}
{"t": 1776976132.9187572, "events": [{"op": "set", "side": "bid", "price": 0.4, "size": 17.429999999999993}]}
{"t": 1776976133.922157, "events": [{"op": "delete", "side": "bid", "price": 0.41}, {"op": "delete", "side": "bid", "price": 0.4}, {"op": "set", "side": "bid", "price": 0.34, "size": 516.0}, {"op": "set", "side": "bid", "price": 0.36, "size": 219.06999999999996}, {"op": "delete", "side": "ask", "price": 0.55}, {"op": "set", "side": "ask", "price": 0.58, "size": 13.0}]}
{"t": 1776976134.928319, "events": [{"op": "set", "side": "bid", "price": 0.36, "size": 219.26999999999992}]}
{"t": 1776976135.934583, "events": [{"op": "set", "side": "bid", "price": 0.35, "size": 383.82}, {"op": "delete", "side": "bid", "price": 0.34}, {"op": "set", "side": "bid", "price": 0.36, "size": 43.989999999999895}, {"op": "delete", "side": "bid", "price": 0.33}, {"op": "set", "side": "bid", "price": 0.32, "size": 421.0}, {"op": "set", "side": "ask", "price": 0.56, "size": 5921.92}, {"op": "delete", "side": "ask", "price": 0.57}]}
{"t": 1776976136.9557, "events": [{"op": "delete", "side": "bid", "price": 0.35}, {"op": "set", "side": "bid", "price": 0.36, "size": 44.22999999999989}, {"op": "delete", "side": "ask", "price": 0.58}, {"op": "set", "side": "ask", "price": 0.57, "size": 13.0}]}
{"t": 1776976137.96097, "events": [{"op": "set", "side": "bid", "price": 0.36, "size": 44.41999999999989}, {"op": "set", "side": "bid", "price": 0.33, "size": 50.0}]}
{"t": 1776976138.9725718, "events": [{"op": "set", "side": "bid", "price": 0.33, "size": 217.0}, {"op": "set", "side": "bid", "price": 0.36, "size": 378.5699999999999}, {"op": "set", "side": "bid", "price": 0.37, "size": 750.0}, {"op": "set", "side": "ask", "price": 0.53, "size": 149.0}, {"op": "set", "side": "ask", "price": 0.54, "size": 35.0}, {"op": "set", "side": "ask", "price": 0.56, "size": 6427.92}, {"op": "set", "side": "ask", "price": 0.57, "size": 14.0}]}
{"t": 1776976139.976351, "events": [{"op": "set", "side": "bid", "price": 0.38, "size": 25.00000000000057}, {"op": "set", "side": "bid", "price": 0.33, "size": 167.0}, {"op": "set", "side": "bid", "price": 0.36, "size": 352.7899999999999}, {"op": "set", "side": "ask", "price": 0.57, "size": 1.0}, {"op": "set", "side": "ask", "price": 0.58, "size": 13.0}]}
{"t": 1776976140.985537, "events": [{"op": "set", "side": "bid", "price": 0.38, "size": 75.00000000000057}, {"op": "set", "side": "bid", "price": 0.36, "size": 352.9699999999999}]}
{"t": 1776976141.9892428, "events": [{"op": "set", "side": "bid", "price": 0.36, "size": 353.1399999999999}]}
{"t": 1776976142.991977, "events": [{"op": "set", "side": "bid", "price": 0.36, "size": 353.3199999999999}]}
{"t": 1776976143.994279, "events": [{"op": "set", "side": "bid", "price": 0.36, "size": 353.48999999999984}]}
{"t": 1776976145.000753, "events": [{"op": "set", "side": "bid", "price": 0.36, "size": 353.6599999999998}]}
{"t": 1776976146.003834, "events": [{"op": "set", "side": "bid", "price": 0.36, "size": 353.8199999999997}]}
{"t": 1776976147.008779, "events": [{"op": "set", "side": "bid", "price": 0.36, "size": 353.9799999999996}]}
{"t": 1776976148.011776, "events": [{"op": "set", "side": "bid", "price": 0.36, "size": 354.13999999999953}]}
{"t": 1776976149.017121, "events": [{"op": "set", "side": "bid", "price": 0.36, "size": 354.29999999999944}]}
{"t": 1776976150.020832, "events": [{"op": "set", "side": "bid", "price": 0.36, "size": 354.45999999999935}]}
{"t": 1776976151.0279732, "events": [{"op": "set", "side": "bid", "price": 0.36, "size": 354.6099999999992}]}
{"t": 1776976152.035327, "events": [{"op": "set", "side": "bid", "price": 0.38, "size": 5.684341886080801e-13}, {"op": "delete", "side": "bid", "price": 0.37}, {"op": "delete", "side": "bid", "price": 0.33}, {"op": "set", "side": "bid", "price": 0.36, "size": 20.759999999999167}, {"op": "set", "side": "ask", "price": 0.53, "size": 145.0}, {"op": "set", "side": "ask", "price": 0.54, "size": 31.0}, {"op": "set", "side": "ask", "price": 0.56, "size": 5921.92}, {"op": "set", "side": "ask", "price": 0.57, "size": 13.0}, {"op": "delete", "side": "ask", "price": 0.58}]}
{"t": 1776976153.054967, "events": [{"op": "set", "side": "bid", "price": 0.32, "size": 422.0}, {"op": "set", "side": "bid", "price": 0.36, "size": 354.89999999999907}, {"op": "set", "side": "bid", "price": 0.37, "size": 831.0}, {"op": "set", "side": "bid", "price": 0.33, "size": 94.0}, {"op": "set", "side": "ask", "price": 0.53, "size": 149.0}, {"op": "set", "side": "ask", "price": 0.54, "size": 35.0}, {"op": "set", "side": "ask", "price": 0.56, "size": 6420.92}, {"op": "set", "side": "ask", "price": 0.57, "size": 1.0}, {"op": "set", "side": "ask", "price": 0.58, "size": 13.0}]}
{"t": 1776976154.063997, "events": [{"op": "set", "side": "bid", "price": 0.38, "size": 91.00000000000057}, {"op": "delete", "side": "bid", "price": 0.33}, {"op": "set", "side": "bid", "price": 0.36, "size": 355.04999999999893}]}
{"t": 1776976155.081144, "events": [{"op": "set", "side": "bid", "price": 0.38, "size": 266.4300000000006}, {"op": "set", "side": "bid", "price": 0.36, "size": 355.1899999999988}]}
{"t": 1776976156.091637, "events": [{"op": "set", "side": "bid", "price": 0.36, "size": 355.3299999999987}]}
{"t": 1776976157.097534, "events": [{"op": "set", "side": "bid", "price": 0.36, "size": 355.45999999999856}]}
{"t": 1776976158.122729, "events": [{"op": "set", "side": "bid", "price": 0.36, "size": 355.59999999999843}]}
{"t": 1776976159.129062, "events": [{"op": "set", "side": "bid", "price": 0.36, "size": 355.7299999999983}]}
{"t": 1776976160.14115, "events": [{"op": "set", "side": "bid", "price": 0.36, "size": 355.8599999999982}]}
{"t": 1776976161.148304, "events": [{"op": "set", "side": "bid", "price": 0.36, "size": 355.9899999999981}]}
{"t": 1776976162.154181, "events": [{"op": "set", "side": "bid", "price": 0.36, "size": 356.10999999999797}]}
{"t": 1776976163.1601741, "events": [{"op": "set", "side": "bid", "price": 0.36, "size": 356.22999999999786}]}
{"t": 1776976164.1660988, "events": [{"op": "set", "side": "bid", "price": 0.36, "size": 356.34999999999775}]}
{"t": 1776976165.1733131, "events": [{"op": "set", "side": "bid", "price": 0.36, "size": 356.46999999999764}]}
{"t": 1776976166.17973, "events": [{"op": "set", "side": "bid", "price": 0.36, "size": 356.58999999999753}]}
{"t": 1776976167.182198, "events": [{"op": "set", "side": "bid", "price": 0.36, "size": 356.69999999999743}]}
{"t": 1776976168.185441, "events": [{"op": "set", "side": "bid", "price": 0.36, "size": 356.8199999999973}]}
{"t": 1776976169.201382, "events": [{"op": "set", "side": "bid", "price": 0.36, "size": 356.9499999999972}]}
{"t": 1776976170.2072918, "events": [{"op": "set", "side": "bid", "price": 0.36, "size": 357.0599999999971}]}
{"t": 1776976171.2106519, "events": [{"op": "set", "side": "bid", "price": 0.36, "size": 357.169999999997}]}
{"t": 1776976172.213068, "events": [{"op": "set", "side": "bid", "price": 0.38, "size": 5.684341886080801e-13}, {"op": "delete", "side": "bid", "price": 0.37}, {"op": "set", "side": "bid", "price": 0.32, "size": 421.0}, {"op": "set", "side": "bid", "price": 0.36, "size": 23.269999999997}, {"op": "set", "side": "ask", "price": 0.56, "size": 6264.92}, {"op": "set", "side": "ask", "price": 0.57, "size": 13.0}, {"op": "delete", "side": "ask", "price": 0.58}]}
{"t": 1776976173.230133, "events": [{"op": "set", "side": "bid", "price": 0.39, "size": 1021.3700000000001}, {"op": "set", "side": "bid", "price": 0.38, "size": 2.0000000000005684}, {"op": "delete", "side": "bid", "price": 0.36}, {"op": "set", "side": "bid", "price": 0.33, "size": 50.0}, {"op": "set", "side": "ask", "price": 0.56, "size": 6289.92}, {"op": "delete", "side": "ask", "price": 0.57}, {"op": "set", "side": "ask", "price": 0.58, "size": 1.0}]}
{"t": 1776976174.237823, "events": [{"op": "set", "side": "bid", "price": 0.39, "size": 1021.47}, {"op": "delete", "side": "bid", "price": 0.33}, {"op": "set", "side": "bid", "price": 0.4, "size": 74.0}]}
{"t": 1776976175.24962, "events": [{"op": "set", "side": "bid", "price": 0.39, "size": 998.0}, {"op": "set", "side": "bid", "price": 0.38, "size": 5.684341886080801e-13}, {"op": "set", "side": "bid", "price": 0.37, "size": 23.57}, {"op": "set", "side": "ask", "price": 0.53, "size": 145.0}, {"op": "set", "side": "ask", "price": 0.54, "size": 31.0}, {"op": "set", "side": "ask", "price": 0.56, "size": 6264.92}, {"op": "delete", "side": "ask", "price": 0.58}, {"op": "set", "side": "ask", "price": 0.57, "size": 13.0}]}
{"t": 1776976176.259373, "events": [{"op": "set", "side": "bid", "price": 0.4, "size": 90.0}, {"op": "set", "side": "bid", "price": 0.39, "size": 841.0}, {"op": "set", "side": "bid", "price": 0.37, "size": 23.669999999999998}]}
{"t": 1776976177.2679732, "events": [{"op": "set", "side": "bid", "price": 0.4, "size": 755.0}, {"op": "set", "side": "bid", "price": 0.32, "size": 423.0}, {"op": "set", "side": "bid", "price": 0.37, "size": 23.749999999999996}, {"op": "set", "side": "ask", "price": 0.56, "size": 7919.92}, {"op": "set", "side": "ask", "price": 0.57, "size": 15.0}]}
{"t": 1776976178.273995, "events": [{"op": "set", "side": "bid", "price": 0.4, "size": 778.8399999999999}, {"op": "delete", "side": "bid", "price": 0.37}, {"op": "set", "side": "ask", "price": 0.57, "size": 2.0}, {"op": "set", "side": "ask", "price": 0.55, "size": 25.0}]}
{"t": 1776976179.287406, "events": [{"op": "set", "side": "bid", "price": 0.4, "size": 779.9999999999998}]}
{"t": 1776976180.3032708, "events": [{"op": "set", "side": "bid", "price": 0.33, "size": 398.13}]}
{"t": 1776976197.420757, "events": [{"op": "set", "side": "bid", "price": 0.4, "size": 754.9999999999998}, {"op": "delete", "side": "bid", "price": 0.39}, {"op": "set", "side": "bid", "price": 0.32, "size": 421.0}, {"op": "set", "side": "bid", "price": 0.38, "size": 25.00000000000057}, {"op": "delete", "side": "ask", "price": 0.55}, {"op": "set", "side": "ask", "price": 0.56, "size": 6921.92}, {"op": "set", "side": "ask", "price": 0.57, "size": 15.0}]}
{"t": 1776976198.435571, "events": [{"op": "set", "side": "bid", "price": 0.4, "size": 683.9999999999998}, {"op": "set", "side": "bid", "price": 0.38, "size": 5.684341886080801e-13}, {"op": "set", "side": "bid", "price": 0.33, "size": 400.13}, {"op": "set", "side": "bid", "price": 0.39, "size": 25.0}, {"op": "set", "side": "bid", "price": 0.41, "size": 688.0}, {"op": "set", "side": "ask", "price": 0.56, "size": 6936.92}, {"op": "delete", "side": "ask", "price": 0.57}]}
{"t": 1776976199.445118, "events": [{"op": "set", "side": "ask", "price": 0.48, "size": 532.9}]}
{"t": 1776976204.476952, "events": [{"op": "delete", "side": "bid", "price": 0.41}, {"op": "delete", "side": "bid", "price": 0.4}, {"op": "delete", "side": "bid", "price": 0.39}, {"op": "delete", "side": "bid", "price": 0.33}, {"op": "set", "side": "bid", "price": 0.35, "size": 25.0}, {"op": "set", "side": "ask", "price": 0.48, "size": 500.0}, {"op": "set", "side": "ask", "price": 0.56, "size": 5921.92}, {"op": "set", "side": "ask", "price": 0.57, "size": 13.0}]}
{"t": 1776976205.4979851, "events": [{"op": "set", "side": "bid", "price": 0.33, "size": 28.0}]}
{"t": 1776976206.5069308, "events": [{"op": "set", "side": "bid", "price": 0.33, "size": 203.43}]}
{"t": 1776976207.508864, "events": [{"op": "set", "side": "bid", "price": 0.35, "size": 359.0}, {"op": "set", "side": "bid", "price": 0.33, "size": 204.43}, {"op": "set", "side": "bid", "price": 0.36, "size": 821.0}, {"op": "set", "side": "ask", "price": 0.53, "size": 149.0}, {"op": "set", "side": "ask", "price": 0.54, "size": 35.0}, {"op": "set", "side": "ask", "price": 0.56, "size": 6391.92}, {"op": "set", "side": "ask", "price": 0.57, "size": 1.0}, {"op": "set", "side": "ask", "price": 0.58, "size": 13.0}]}
{"t": 1776976208.525941, "events": [{"op": "set", "side": "bid", "price": 0.33, "size": 1.0}, {"op": "set", "side": "bid", "price": 0.37, "size": 175.43}]}
{"t": 1776976209.539958, "events": [{"op": "set", "side": "bid", "price": 0.38, "size": 25.00000000000057}, {"op": "set", "side": "bid", "price": 0.35, "size": 334.0}, {"op": "set", "side": "bid", "price": 0.39, "size": 25.0}, {"op": "set", "side": "ask", "price": 0.55, "size": 25.0}, {"op": "delete", "side": "ask", "price": 0.58}]}
{"t": 1776976214.569775, "events": [{"op": "delete", "side": "bid", "price": 0.35}, {"op": "delete", "side": "bid", "price": 0.36}, {"op": "delete", "side": "bid", "price": 0.33}, {"op": "set", "side": "ask", "price": 0.53, "size": 145.0}, {"op": "set", "side": "ask", "price": 0.54, "size": 31.0}]}
{"t": 1776976215.5757089, "events": [{"op": "set", "side": "bid", "price": 0.39, "size": 668.0}, {"op": "set", "side": "bid", "price": 0.38, "size": 359.00000000000057}, {"op": "set", "side": "bid", "price": 0.37, "size": 176.43}, {"op": "set", "side": "bid", "price": 0.4, "size": 1023.0}, {"op": "set", "side": "bid", "price": 0.33, "size": 66.0}, {"op": "set", "side": "ask", "price": 0.56, "size": 7919.92}, {"op": "set", "side": "ask", "price": 0.57, "size": 2.0}]}
{"t": 1776976217.597552, "events": [{"op": "set", "side": "bid", "price": 0.4, "size": 998.0}, {"op": "delete", "side": "bid", "price": 0.39}, {"op": "set", "side": "bid", "price": 0.38, "size": 384.00000000000057}, {"op": "set", "side": "ask", "price": 0.48, "size": 532.9}, {"op": "delete", "side": "ask", "price": 0.55}, {"op": "set", "side": "ask", "price": 0.57, "size": 15.0}]}
{"t": 1776976218.6080482, "events": [{"op": "set", "side": "bid", "price": 0.4, "size": 334.0}, {"op": "set", "side": "bid", "price": 0.38, "size": 998.0000000000006}, {"op": "set", "side": "bid", "price": 0.37, "size": 2.0}, {"op": "set", "side": "bid", "price": 0.39, "size": 25.0}, {"op": "set", "side": "bid", "price": 0.41, "size": 689.0}, {"op": "set", "side": "ask", "price": 0.56, "size": 6936.92}, {"op": "delete", "side": "ask", "price": 0.57}]}
{"t": 1776976222.6332319, "events": [{"op": "set", "side": "bid", "price": 0.41, "size": 24.0}, {"op": "set", "side": "bid", "price": 0.4, "size": 25.0}, {"op": "set", "side": "bid", "price": 0.38, "size": 5.684341886080801e-13}, {"op": "delete", "side": "bid", "price": 0.39}, {"op": "delete", "side": "bid", "price": 0.37}, {"op": "set", "side": "bid", "price": 0.33, "size": 334.0}, {"op": "set", "side": "bid", "price": 0.32, "size": 1087.0}, {"op": "set", "side": "bid", "price": 0.21, "size": 445.0}, {"op": "set", "side": "bid", "price": 0.34, "size": 665.0}, {"op": "set", "side": "bid", "price": 0.18, "size": 37.0}, {"op": "set", "side": "bid", "price": 0.35, "size": 50.0}, {"op": "set", "side": "ask", "price": 0.48, "size": 500.0}, {"op": "set", "side": "ask", "price": 0.56, "size": 7919.92}, {"op": "set", "side": "ask", "price": 0.55, "size": 25.0}, {"op": "set", "side": "ask", "price": 0.57, "size": 2.0}]}
{"t": 1776976223.6436858, "events": [{"op": "delete", "side": "bid", "price": 0.41}, {"op": "delete", "side": "bid", "price": 0.4}, {"op": "set", "side": "bid", "price": 0.35, "size": 358.0}, {"op": "set", "side": "bid", "price": 0.38, "size": 41.00000000000057}, {"op": "delete", "side": "bid", "price": 0.34}, {"op": "delete", "side": "bid", "price": 0.33}, {"op": "set", "side": "bid", "price": 0.32, "size": 422.0}, {"op": "set", "side": "bid", "price": 0.21, "size": 111.0}, {"op": "set", "side": "bid", "price": 0.18, "size": 36.0}, {"op": "set", "side": "bid", "price": 0.36, "size": 513.0}, {"op": "set", "side": "bid", "price": 0.37, "size": 665.0}, {"op": "delete", "side": "ask", "price": 0.55}, {"op": "set", "side": "ask", "price": 0.56, "size": 6921.92}, {"op": "set", "side": "ask", "price": 0.57, "size": 13.0}]}
{"t": 1776976225.663619, "events": [{"op": "set", "side": "bid", "price": 0.38, "size": 216.43000000000058}, {"op": "set", "side": "bid", "price": 0.35, "size": 333.0}, {"op": "set", "side": "bid", "price": 0.36, "size": 538.0}]}
{"t": 1776976242.739106, "events": [{"op": "set", "side": "bid", "price": 0.38, "size": 91.00000000000057}, {"op": "set", "side": "bid", "price": 0.35, "size": 358.0}, {"op": "set", "side": "bid", "price": 0.36, "size": 513.0}]}
{"t": 1776976251.7918139, "events": [{"op": "set", "side": "bid", "price": 0.38, "size": 266.4300000000006}, {"op": "set", "side": "bid", "price": 0.35, "size": 333.0}, {"op": "set", "side": "bid", "price": 0.36, "size": 538.0}]}
{"t": 1776976254.822479, "events": [{"op": "delete", "side": "bid", "price": 0.37}, {"op": "delete", "side": "bid", "price": 0.35}, {"op": "set", "side": "bid", "price": 0.32, "size": 421.0}, {"op": "set", "side": "bid", "price": 0.36, "size": 25.0}, {"op": "set", "side": "ask", "price": 0.56, "size": 6391.92}, {"op": "set", "side": "ask", "price": 0.57, "size": 14.0}]}
{"t": 1776976255.835129, "events": [{"op": "set", "side": "bid", "price": 0.38, "size": 2.0000000000005684}, {"op": "delete", "side": "bid", "price": 0.36}, {"op": "set", "side": "bid", "price": 0.39, "size": 998.0}, {"op": "set", "side": "bid", "price": 0.4, "size": 25.0}, {"op": "set", "side": "bid", "price": 0.33, "size": 363.86}, {"op": "set", "side": "ask", "price": 0.53, "size": 149.0}, {"op": "set", "side": "ask", "price": 0.54, "size": 35.0}, {"op": "set", "side": "ask", "price": 0.56, "size": 6367.92}, {"op": "set", "side": "ask", "price": 0.57, "size": 1.0}, {"op": "set", "side": "ask", "price": 0.55, "size": 25.0}]}
{"t": 1776976256.854514, "events": [{"op": "set", "side": "bid", "price": 0.4, "size": 49.0}]}
{"t": 1776976258.864931, "events": [{"op": "set", "side": "bid", "price": 0.4, "size": 24.0}, {"op": "set", "side": "bid", "price": 0.39, "size": 1023.0}, {"op": "delete", "side": "ask", "price": 0.55}, {"op": "set", "side": "ask", "price": 0.56, "size": 6392.92}, {"op": "set", "side": "ask", "price": 0.58, "size": 6.0}]}
{"t": 1776976259.875783, "events": [{"op": "set", "side": "bid", "price": 0.4, "size": 74.0}, {"op": "set", "side": "bid", "price": 0.39, "size": 819.0}, {"op": "set", "side": "bid", "price": 0.38, "size": 5.684341886080801e-13}, {"op": "set", "side": "ask", "price": 0.53, "size": 148.0}, {"op": "set", "side": "ask", "price": 0.54, "size": 33.0}, {"op": "set", "side": "ask", "price": 0.56, "size": 6256.92}, {"op": "delete", "side": "ask", "price": 0.57}]}
{"t": 1776976260.885631, "events": [{"op": "set", "side": "bid", "price": 0.4, "size": 740.0}, {"op": "set", "side": "bid", "price": 0.33, "size": 365.86}, {"op": "set", "side": "ask", "price": 0.58, "size": 7.0}]}
{"t": 1776976276.0147579, "events": [{"op": "set", "side": "bid", "price": 0.4, "size": 373.0}, {"op": "set", "side": "ask", "price": 0.53, "size": 145.0}, {"op": "set", "side": "ask", "price": 0.54, "size": 31.0}, {"op": "set", "side": "ask", "price": 0.56, "size": 5984.92}]}
{"t": 1776976277.039475, "events": [{"op": "set", "side": "bid", "price": 0.4, "size": 349.0}, {"op": "set", "side": "bid", "price": 0.39, "size": 854.0}, {"op": "set", "side": "bid", "price": 0.41, "size": 398.0}, {"op": "set", "side": "ask", "price": 0.56, "size": 5951.92}, {"op": "set", "side": "ask", "price": 0.58, "size": 133.0}]}
{"t": 1776976278.050096, "events": [{"op": "set", "side": "bid", "price": 0.41, "size": 421.0}, {"op": "set", "side": "ask", "price": 0.55, "size": 37.0}]}
{"t": 1776976280.070851, "events": [{"op": "set", "side": "bid", "price": 0.39, "size": 819.0}]}
{"t": 1776976281.087897, "events": [{"op": "set", "side": "bid", "price": 0.41, "size": 689.0}, {"op": "set", "side": "bid", "price": 0.4, "size": 384.0}, {"op": "set", "side": "bid", "price": 0.39, "size": 1024.0}, {"op": "set", "side": "ask", "price": 0.56, "size": 6016.92}, {"op": "set", "side": "ask", "price": 0.58, "size": 75.0}]}
{"t": 1776976285.139929, "events": [{"op": "set", "side": "bid", "price": 0.41, "size": 23.0}, {"op": "delete", "side": "bid", "price": 0.4}, {"op": "set", "side": "bid", "price": 0.39, "size": 25.0}, {"op": "set", "side": "bid", "price": 0.33, "size": 363.86}, {"op": "set", "side": "ask", "price": 0.56, "size": 5913.92}, {"op": "set", "side": "ask", "price": 0.58, "size": 6.0}]}
{"t": 1776976286.152321, "events": [{"op": "delete", "side": "bid", "price": 0.41}, {"op": "delete", "side": "bid", "price": 0.39}, {"op": "set", "side": "bid", "price": 0.33, "size": 175.43}, {"op": "set", "side": "bid", "price": 0.34, "size": 28.0}, {"op": "set", "side": "bid", "price": 0.35, "size": 75.0}, {"op": "set", "side": "ask", "price": 0.56, "size": 5888.92}, {"op": "set", "side": "ask", "price": 0.59, "size": 13.0}]}
{"t": 1776976287.161626, "events": [{"op": "set", "side": "bid", "price": 0.35, "size": 408.0}, {"op": "set", "side": "bid", "price": 0.34, "size": 404.0}, {"op": "set", "side": "bid", "price": 0.33, "size": 176.43}, {"op": "set", "side": "bid", "price": 0.36, "size": 499.0}, {"op": "set", "side": "ask", "price": 0.55, "size": 41.0}, {"op": "set", "side": "ask", "price": 0.56, "size": 5892.92}, {"op": "set", "side": "ask", "price": 0.59, "size": 1.0}, {"op": "set", "side": "ask", "price": 0.6, "size": 13.0}, {"op": "set", "side": "ask", "price": 0.58, "size": 260.0}]}
{"t": 1776976289.1844962, "events": [{"op": "set", "side": "bid", "price": 0.34, "size": 376.0}, {"op": "set", "side": "bid", "price": 0.33, "size": 1.0}, {"op": "set", "side": "ask", "price": 0.55, "size": 4.0}]}
{"t": 1776976290.196137, "events": [{"op": "set", "side": "bid", "price": 0.35, "size": 358.0}, {"op": "set", "side": "bid", "price": 0.37, "size": 26.0}, {"op": "set", "side": "ask", "price": 0.59, "size": 33.0}]}
{"t": 1776976291.210453, "events": [{"op": "set", "side": "bid", "price": 0.37, "size": 201.43}]}
{"t": 1776976301.276474, "events": [{"op": "set", "side": "bid", "price": 0.35, "size": 25.0}, {"op": "delete", "side": "bid", "price": 0.34}, {"op": "delete", "side": "bid", "price": 0.36}, {"op": "delete", "side": "bid", "price": 0.33}, {"op": "delete", "side": "ask", "price": 0.55}, {"op": "set", "side": "ask", "price": 0.56, "size": 5888.92}, {"op": "set", "side": "ask", "price": 0.59, "size": 32.0}, {"op": "set", "side": "ask", "price": 0.58, "size": 6.0}]}
{"t": 1776976302.3040588, "events": [{"op": "delete", "side": "bid", "price": 0.37}, {"op": "set", "side": "bid", "price": 0.34, "size": 27.0}, {"op": "set", "side": "bid", "price": 0.33, "size": 175.43}]}
{"t": 1776976303.3065321, "events": [{"op": "delete", "side": "bid", "price": 0.34}]}
{"t": 1776976304.313708, "events": [{"op": "set", "side": "bid", "price": 0.34, "size": 27.0}]}
{"t": 1776976305.355718, "events": [{"op": "set", "side": "bid", "price": 0.35, "size": 529.0}, {"op": "set", "side": "bid", "price": 0.33, "size": 1.0}, {"op": "set", "side": "bid", "price": 0.36, "size": 666.0}, {"op": "set", "side": "bid", "price": 0.37, "size": 175.43}, {"op": "set", "side": "ask", "price": 0.56, "size": 5892.92}, {"op": "set", "side": "ask", "price": 0.59, "size": 292.0}, {"op": "set", "side": "ask", "price": 0.6, "size": 14.0}, {"op": "set", "side": "ask", "price": 0.58, "size": 10.0}]}
{"t": 1776976307.3653572, "events": [{"op": "set", "side": "bid", "price": 0.38, "size": 998.0000000000006}, {"op": "set", "side": "bid", "price": 0.37, "size": 526.0}, {"op": "set", "side": "bid", "price": 0.35, "size": 333.0}, {"op": "set", "side": "bid", "price": 0.34, "size": 28.0}, {"op": "delete", "side": "bid", "price": 0.36}, {"op": "delete", "side": "bid", "price": 0.33}, {"op": "set", "side": "ask", "price": 0.56, "size": 5888.92}, {"op": "set", "side": "ask", "price": 0.59, "size": 72.0}, {"op": "set", "side": "ask", "price": 0.6, "size": 109.0}, {"op": "set", "side": "ask", "price": 0.58, "size": 31.0}]}
{"t": 1776976308.374354, "events": [{"op": "set", "side": "bid", "price": 0.34, "size": 1.0}, {"op": "set", "side": "ask", "price": 0.59, "size": 40.0}, {"op": "set", "side": "ask", "price": 0.57, "size": 36.0}]}
{"t": 1776976309.386129, "events": [{"op": "set", "side": "bid", "price": 0.39, "size": 24.0}, {"op": "set", "side": "ask", "price": 0.58, "size": 23.0}]}
{"t": 1776976313.409361, "events": [{"op": "delete", "side": "ask", "price": 0.57}]}
{"t": 1776976314.4200819, "events": [{"op": "set", "side": "ask", "price": 0.57, "size": 36.0}]}
{"t": 1776976318.442741, "events": [{"op": "delete", "side": "ask", "price": 0.57}]}
{"t": 1776976319.457519, "events": [{"op": "set", "side": "ask", "price": 0.57, "size": 36.0}]}
{"t": 1776976323.4797351, "events": [{"op": "set", "side": "bid", "price": 0.39, "size": 49.0}, {"op": "set", "side": "bid", "price": 0.38, "size": 5.684341886080801e-13}, {"op": "delete", "side": "bid", "price": 0.35}, {"op": "set", "side": "bid", "price": 0.37, "size": 334.0}, {"op": "delete", "side": "bid", "price": 0.34}, {"op": "set", "side": "ask", "price": 0.56, "size": 5913.92}, {"op": "delete", "side": "ask", "price": 0.59}, {"op": "delete", "side": "ask", "price": 0.6}, {"op": "set", "side": "ask", "price": 0.58, "size": 6.0}]}
{"t": 1776976324.50117, "events": [{"op": "set", "side": "bid", "price": 0.39, "size": 717.0}, {"op": "set", "side": "bid", "price": 0.32, "size": 422.0}, {"op": "set", "side": "bid", "price": 0.4, "size": 998.0}, {"op": "set", "side": "ask", "price": 0.56, "size": 5923.92}, {"op": "set", "side": "ask", "price": 0.57, "size": 234.0}]}
{"t": 1776976325.519989, "events": [{"op": "set", "side": "bid", "price": 0.39, "size": 693.0}, {"op": "set", "side": "bid", "price": 0.41, "size": 23.0}]}
{"t": 1776976332.56369, "events": [{"op": "delete", "side": "bid", "price": 0.37}]}
{"t": 1776976333.587355, "events": [{"op": "set", "side": "bid", "price": 0.41, "size": 347.0}, {"op": "set", "side": "bid", "price": 0.4, "size": 261.0}, {"op": "set", "side": "bid", "price": 0.39, "size": 886.0}, {"op": "set", "side": "bid", "price": 0.32, "size": 423.0}, {"op": "set", "side": "ask", "price": 0.56, "size": 5916.92}, {"op": "set", "side": "ask", "price": 0.57, "size": 207.0}]}
{"t": 1776976334.603316, "events": [{"op": "set", "side": "bid", "price": 0.41, "size": 370.0}, {"op": "set", "side": "bid", "price": 0.39, "size": 693.0}]}
{"t": 1776976335.619046, "events": [{"op": "set", "side": "ask", "price": 0.57, "size": 171.0}]}
{"t": 1776976336.625223, "events": [{"op": "set", "side": "bid", "price": 0.41, "size": 689.0}, {"op": "set", "side": "bid", "price": 0.4, "size": 334.0}, {"op": "set", "side": "bid", "price": 0.39, "size": 1024.0}, {"op": "set", "side": "bid", "price": 0.33, "size": 16.0}, {"op": "set", "side": "ask", "price": 0.57, "size": 191.0}, {"op": "set", "side": "ask", "price": 0.55, "size": 37.0}]}
{"t": 1776976339.6474261, "events": [{"op": "set", "side": "bid", "price": 0.41, "size": 23.0}, {"op": "set", "side": "bid", "price": 0.4, "size": 261.0}, {"op": "set", "side": "bid", "price": 0.39, "size": 914.0}, {"op": "set", "side": "bid", "price": 0.33, "size": 334.56}, {"op": "set", "side": "bid", "price": 0.32, "size": 421.0}, {"op": "delete", "side": "ask", "price": 0.55}, {"op": "delete", "side": "ask", "price": 0.57}]}
{"t": 1776976340.6580539, "events": [{"op": "set", "side": "bid", "price": 0.4, "size": 405.0}, {"op": "set", "side": "bid", "price": 0.39, "size": 25.0}, {"op": "set", "side": "bid", "price": 0.33, "size": 336.56}, {"op": "set", "side": "ask", "price": 0.56, "size": 6079.92}, {"op": "set", "side": "ask", "price": 0.55, "size": 3.0}, {"op": "set", "side": "ask", "price": 0.57, "size": 30.0}]}
{"t": 1776976341.674314, "events": [{"op": "delete", "side": "bid", "price": 0.41}, {"op": "set", "side": "bid", "price": 0.4, "size": 430.0}, {"op": "delete", "side": "bid", "price": 0.39}, {"op": "set", "side": "bid", "price": 0.34, "size": 50.0}]}
{"t": 1776976342.686982, "events": [{"op": "delete", "side": "bid", "price": 0.4}, {"op": "set", "side": "bid", "price": 0.35, "size": 28.0}, {"op": "set", "side": "bid", "price": 0.36, "size": 25.0}, {"op": "delete", "side": "ask", "price": 0.55}, {"op": "set", "side": "ask", "price": 0.56, "size": 5891.92}, {"op": "set", "side": "ask", "price": 0.59, "size": 13.0}]}
{"t": 1776976344.703347, "events": [{"op": "delete", "side": "bid", "price": 0.35}, {"op": "delete", "side": "bid", "price": 0.34}, {"op": "set", "side": "bid", "price": 0.33, "size": 334.56}, {"op": "set", "side": "bid", "price": 0.37, "size": 25.0}, {"op": "set", "side": "ask", "price": 0.56, "size": 5888.92}, {"op": "delete", "side": "ask", "price": 0.57}, {"op": "set", "side": "ask", "price": 0.58, "size": 43.0}]}
{"t": 1776976350.768629, "events": [{"op": "set", "side": "bid", "price": 0.38, "size": 998.0000000000006}, {"op": "set", "side": "bid", "price": 0.37, "size": 693.0}, {"op": "set", "side": "bid", "price": 0.33, "size": 1.0}, {"op": "set", "side": "bid", "price": 0.36, "size": 334.0}, {"op": "set", "side": "bid", "price": 0.39, "size": 25.0}, {"op": "set", "side": "ask", "price": 0.56, "size": 5919.92}, {"op": "delete", "side": "ask", "price": 0.59}, {"op": "set", "side": "ask", "price": 0.58, "size": 263.0}]}
{"t": 1776976351.775647, "events": [{"op": "delete", "side": "bid", "price": 0.39}, {"op": "set", "side": "bid", "price": 0.38, "size": 5.684341886080801e-13}, {"op": "delete", "side": "bid", "price": 0.37}, {"op": "set", "side": "bid", "price": 0.33, "size": 28.0}, {"op": "set", "side": "bid", "price": 0.36, "size": 25.0}, {"op": "set", "side": "ask", "price": 0.56, "size": 5888.92}, {"op": "set", "side": "ask", "price": 0.58, "size": 43.0}, {"op": "set", "side": "ask", "price": 0.59, "size": 13.0}]}
{"t": 1776976355.830212, "events": [{"op": "delete", "side": "bid", "price": 0.33}]}
{"t": 1776976356.839608, "events": [{"op": "set", "side": "bid", "price": 0.36, "size": 359.0}, {"op": "set", "side": "bid", "price": 0.34, "size": 27.0}, {"op": "set", "side": "bid", "price": 0.37, "size": 696.0}, {"op": "set", "side": "bid", "price": 0.33, "size": 506.57}, {"op": "set", "side": "ask", "price": 0.54, "size": 35.0}, {"op": "set", "side": "ask", "price": 0.56, "size": 5892.92}, {"op": "set", "side": "ask", "price": 0.59, "size": 1.0}, {"op": "set", "side": "ask", "price": 0.6, "size": 13.0}, {"op": "set", "side": "ask", "price": 0.58, "size": 442.0}]}
{"t": 1776976357.858582, "events": [{"op": "set", "side": "bid", "price": 0.38, "size": 175.43000000000058}, {"op": "set", "side": "bid", "price": 0.33, "size": 167.0}, {"op": "set", "side": "bid", "price": 0.36, "size": 334.0}, {"op": "set", "side": "bid", "price": 0.39, "size": 25.0}, {"op": "delete", "side": "ask", "price": 0.6}, {"op": "set", "side": "ask", "price": 0.57, "size": 25.0}]}
{"t": 1776976359.87871, "events": [{"op": "delete", "side": "bid", "price": 0.37}, {"op": "delete", "side": "bid", "price": 0.34}, {"op": "delete", "side": "bid", "price": 0.36}, {"op": "set", "side": "bid", "price": 0.33, "size": 50.0}, {"op": "set", "side": "ask", "price": 0.56, "size": 5917.92}, {"op": "delete", "side": "ask", "price": 0.57}, {"op": "delete", "side": "ask", "price": 0.59}, {"op": "set", "side": "ask", "price": 0.58, "size": 7.0}]}
{"t": 1776976360.895073, "events": [{"op": "set", "side": "bid", "price": 0.39, "size": 1000.0}, {"op": "set", "side": "bid", "price": 0.38, "size": 2.0000000000005684}, {"op": "set", "side": "bid", "price": 0.4, "size": 1023.0}, {"op": "set", "side": "ask", "price": 0.54, "size": 151.0}, {"op": "set", "side": "ask", "price": 0.56, "size": 6093.92}, {"op": "set", "side": "ask", "price": 0.57, "size": 301.0}]}
{"t": 1776976361.903726, "events": [{"op": "set", "side": "bid", "price": 0.4, "size": 998.0}, {"op": "set", "side": "bid", "price": 0.39, "size": 1025.0}, {"op": "delete", "side": "bid", "price": 0.33}, {"op": "set", "side": "bid", "price": 0.41, "size": 22.0}, {"op": "set", "side": "ask", "price": 0.57, "size": 332.0}]}
{"t": 1776976362.91397, "events": [{"op": "set", "side": "bid", "price": 0.41, "size": 38.0}, {"op": "set", "side": "bid", "price": 0.4, "size": 737.0}, {"op": "set", "side": "bid", "price": 0.38, "size": 5.684341886080801e-13}, {"op": "set", "side": "bid", "price": 0.39, "size": 27.0}, {"op": "set", "side": "ask", "price": 0.54, "size": 35.0}, {"op": "set", "side": "ask", "price": 0.56, "size": 6009.92}, {"op": "set", "side": "ask", "price": 0.57, "size": 34.0}, {"op": "set", "side": "ask", "price": 0.58, "size": 6.0}]}
{"t": 1776976363.930155, "events": [{"op": "set", "side": "bid", "price": 0.41, "size": 704.0}, {"op": "set", "side": "bid", "price": 0.4, "size": 762.0}, {"op": "set", "side": "bid", "price": 0.39, "size": 2.0}, {"op": "set", "side": "ask", "price": 0.54, "size": 152.0}]}
{"t": 1776976364.937811, "events": [{"op": "set", "side": "ask", "price": 0.57, "size": 3.0}]}
{"t": 1776976365.9445639, "events": [{"op": "set", "side": "ask", "price": 0.55, "size": 37.0}]}
{"t": 1776976370.9749482, "events": [{"op": "delete", "side": "ask", "price": 0.55}]}
{"t": 1776976371.985274, "events": [{"op": "set", "side": "ask", "price": 0.55, "size": 37.0}]}
{"t": 1776976375.010626, "events": [{"op": "set", "side": "bid", "price": 0.33, "size": 337.32}, {"op": "delete", "side": "ask", "price": 0.55}]}
{"t": 1776976376.01981, "events": [{"op": "set", "side": "ask", "price": 0.55, "size": 37.0}]}
{"t": 1776976385.0620549, "events": [{"op": "delete", "side": "ask", "price": 0.55}]}
{"t": 1776976386.068693, "events": [{"op": "set", "side": "ask", "price": 0.55, "size": 37.0}]}
{"t": 1776976390.085834, "events": [{"op": "set", "side": "bid", "price": 0.4, "size": 847.0}, {"op": "delete", "side": "bid", "price": 0.39}, {"op": "set", "side": "bid", "price": 0.33, "size": 2.0}, {"op": "set", "side": "bid", "price": 0.32, "size": 796.78}, {"op": "set", "side": "ask", "price": 0.54, "size": 34.0}, {"op": "set", "side": "ask", "price": 0.55, "size": 2.0}, {"op": "set", "side": "ask", "price": 0.56, "size": 6182.92}, {"op": "delete", "side": "ask", "price": 0.57}, {"op": "set", "side": "ask", "price": 0.58, "size": 7.0}]}
{"t": 1776976391.098208, "events": [{"op": "set", "side": "bid", "price": 0.32, "size": 421.0}, {"op": "set", "side": "bid", "price": 0.33, "size": 52.0}, {"op": "set", "side": "bid", "price": 0.34, "size": 357.47}, {"op": "set", "side": "ask", "price": 0.56, "size": 6216.92}]}
{"t": 1776976393.108543, "events": [{"op": "delete", "side": "bid", "price": 0.41}, {"op": "delete", "side": "bid", "price": 0.4}, {"op": "set", "side": "bid", "price": 0.33, "size": 1.0}, {"op": "set", "side": "bid", "price": 0.36, "size": 25.0}, {"op": "set", "side": "ask", "price": 0.54, "size": 31.0}, {"op": "delete", "side": "ask", "price": 0.55}, {"op": "set", "side": "ask", "price": 0.56, "size": 5953.92}, {"op": "set", "side": "ask", "price": 0.59, "size": 13.0}]}
{"t": 1776976394.119156, "events": [{"op": "set", "side": "bid", "price": 0.35, "size": 26.0}]}
{"t": 1776976395.125777, "events": [{"op": "set", "side": "bid", "price": 0.35, "size": 998.0}, {"op": "set", "side": "bid", "price": 0.34, "size": 361.47}, {"op": "set", "side": "ask", "price": 0.56, "size": 5919.92}, {"op": "set", "side": "ask", "price": 0.58, "size": 116.0}]}
{"t": 1776976396.130979, "events": [{"op": "set", "side": "bid", "price": 0.36, "size": 51.0}, {"op": "set", "side": "ask", "price": 0.59, "size": 34.0}, {"op": "set", "side": "ask", "price": 0.6, "size": 13.0}]}
{"t": 1776976397.139294, "events": [{"op": "set", "side": "bid", "price": 0.34, "size": 4.0}]}
{"t": 1776976406.18958, "events": [{"op": "set", "side": "bid", "price": 0.36, "size": 226.43}]}
{"t": 1776976408.20677, "events": [{"op": "set", "side": "bid", "price": 0.36, "size": 51.0}]}
{"t": 1776976415.243485, "events": [{"op": "delete", "side": "bid", "price": 0.35}, {"op": "delete", "side": "bid", "price": 0.34}, {"op": "delete", "side": "bid", "price": 0.33}, {"op": "set", "side": "ask", "price": 0.56, "size": 5892.92}, {"op": "set", "side": "ask", "price": 0.58, "size": 7.0}]}
{"t": 1776976416.25911, "events": [{"op": "set", "side": "bid", "price": 0.38, "size": 24.00000000000057}, {"op": "set", "side": "bid", "price": 0.36, "size": 334.0}, {"op": "set", "side": "bid", "price": 0.32, "size": 422.0}, {"op": "set", "side": "bid", "price": 0.37, "size": 814.0}, {"op": "set", "side": "ask", "price": 0.59, "size": 40.0}, {"op": "delete", "side": "ask", "price": 0.6}, {"op": "set", "side": "ask", "price": 0.58, "size": 401.0}]}
{"t": 1776976420.296268, "events": [{"op": "set", "side": "bid", "price": 0.33, "size": 356.03}]}
{"t": 1776976423.3098712, "events": [{"op": "set", "side": "bid", "price": 0.38, "size": 717.0000000000006}, {"op": "set", "side": "bid", "price": 0.37, "size": 334.0}, {"op": "set", "side": "bid", "price": 0.32, "size": 421.0}, {"op": "set", "side": "bid", "price": 0.33, "size": 357.03}, {"op": "delete", "side": "bid", "price": 0.36}, {"op": "set", "side": "bid", "price": 0.39, "size": 998.0}, {"op": "set", "side": "ask", "price": 0.56, "size": 5985.92}, {"op": "set", "side": "ask", "price": 0.59, "size": 366.0}, {"op": "set", "side": "ask", "price": 0.6, "size": 1.0}, {"op": "set", "side": "ask", "price": 0.58, "size": 108.0}]}
{"t": 1776976424.32556, "events": [{"op": "set", "side": "bid", "price": 0.39, "size": 1023.0}, {"op": "set", "side": "bid", "price": 0.38, "size": 693.0000000000006}, {"op": "set", "side": "bid", "price": 0.33, "size": 407.03}, {"op": "set", "side": "ask", "price": 0.59, "size": 332.0}, {"op": "set", "side": "ask", "price": 0.57, "size": 35.0}]}
{"t": 1776976425.340163, "events": [{"op": "delete", "side": "bid", "price": 0.39}, {"op": "set", "side": "bid", "price": 0.38, "size": 5.684341886080801e-13}, {"op": "delete", "side": "bid", "price": 0.37}, {"op": "set", "side": "bid", "price": 0.33, "size": 356.03}, {"op": "set", "side": "bid", "price": 0.34, "size": 43.0}, {"op": "set", "side": "bid", "price": 0.36, "size": 25.0}, {"op": "set", "side": "ask", "price": 0.56, "size": 5888.92}, {"op": "set", "side": "ask", "price": 0.57, "size": 40.0}, {"op": "set", "side": "ask", "price": 0.59, "size": 13.0}, {"op": "delete", "side": "ask", "price": 0.6}, {"op": "set", "side": "ask", "price": 0.58, "size": 6.0}]}
{"t": 1776976428.364198, "events": [{"op": "set", "side": "bid", "price": 0.38, "size": 175.43000000000058}, {"op": "set", "side": "bid", "price": 0.36, "size": 668.0}, {"op": "set", "side": "bid", "price": 0.34, "size": 361.0}, {"op": "set", "side": "bid", "price": 0.33, "size": 1.0}, {"op": "set", "side": "bid", "price": 0.37, "size": 1023.0}, {"op": "set", "side": "ask", "price": 0.57, "size": 46.0}, {"op": "delete", "side": "ask", "price": 0.59}, {"op": "set", "side": "ask", "price": 0.58, "size": 240.0}]}
{"t": 1776976430.376935, "events": [{"op": "set", "side": "bid", "price": 0.37, "size": 998.0}, {"op": "delete", "side": "bid", "price": 0.33}, {"op": "set", "side": "bid", "price": 0.34, "size": 334.0}, {"op": "delete", "side": "bid", "price": 0.36}, {"op": "set", "side": "bid", "price": 0.39, "size": 25.0}, {"op": "set", "side": "ask", "price": 0.57, "size": 6.0}, {"op": "set", "side": "ask", "price": 0.58, "size": 30.0}]}
{"t": 1776976431.391558, "events": [{"op": "set", "side": "bid", "price": 0.39, "size": 1072.0}, {"op": "set", "side": "bid", "price": 0.38, "size": 843.4300000000005}, {"op": "set", "side": "bid", "price": 0.37, "size": 334.0}, {"op": "set", "side": "bid", "price": 0.34, "size": 1.0}, {"op": "set", "side": "bid", "price": 0.4, "size": 41.0}, {"op": "set", "side": "ask", "price": 0.56, "size": 6088.92}, {"op": "set", "side": "ask", "price": 0.57, "size": 212.0}, {"op": "set", "side": "ask", "price": 0.58, "size": 6.0}]}
{"t": 1776976432.401032, "events": [{"op": "set", "side": "bid", "price": 0.4, "size": 16.0}, {"op": "set", "side": "bid", "price": 0.39, "size": 1097.0}, {"op": "set", "side": "bid", "price": 0.38, "size": 668.0000000000005}]}
{"t": 1776976436.4190028, "events": [{"op": "set", "side": "bid", "price": 0.39, "size": 433.0}, {"op": "set", "side": "bid", "price": 0.38, "size": 4.547473508864641e-13}, {"op": "delete", "side": "bid", "price": 0.34}, {"op": "delete", "side": "bid", "price": 0.37}, {"op": "set", "side": "bid", "price": 0.33, "size": 359.08}, {"op": "set", "side": "ask", "price": 0.57, "size": 39.0}]}
{"t": 1776976437.425882, "events": [{"op": "set", "side": "bid", "price": 0.4, "size": 693.0}, {"op": "set", "side": "bid", "price": 0.39, "size": 334.0}, {"op": "set", "side": "bid", "price": 0.32, "size": 422.0}, {"op": "set", "side": "bid", "price": 0.33, "size": 409.08}, {"op": "set", "side": "bid", "price": 0.41, "size": 1022.0}, {"op": "set", "side": "ask", "price": 0.54, "size": 214.0}, {"op": "set", "side": "ask", "price": 0.56, "size": 6096.92}, {"op": "set", "side": "ask", "price": 0.57, "size": 3.0}, {"op": "set", "side": "ask", "price": 0.55, "size": 36.0}]}
{"t": 1776976438.4467258, "events": [{"op": "set", "side": "bid", "price": 0.41, "size": 690.0}, {"op": "delete", "side": "bid", "price": 0.39}, {"op": "set", "side": "bid", "price": 0.33, "size": 359.08}, {"op": "set", "side": "bid", "price": 0.32, "size": 421.0}, {"op": "set", "side": "ask", "price": 0.54, "size": 34.0}, {"op": "set", "side": "ask", "price": 0.56, "size": 6088.92}, {"op": "delete", "side": "ask", "price": 0.57}]}
{"t": 1776976439.456811, "events": [{"op": "set", "side": "bid", "price": 0.4, "size": 856.0}, {"op": "set", "side": "bid", "price": 0.33, "size": 52.0}, {"op": "set", "side": "bid", "price": 0.35, "size": 338.86}, {"op": "set", "side": "ask", "price": 0.55, "size": 38.0}, {"op": "set", "side": "ask", "price": 0.56, "size": 6168.92}, {"op": "set", "side": "ask", "price": 0.58, "size": 7.0}]}
{"t": 1776976440.468045, "events": [{"op": "set", "side": "ask", "price": 0.55, "size": 2.0}, {"op": "set", "side": "ask", "price": 0.56, "size": 6201.92}]}
{"t": 1776976441.477786, "events": [{"op": "set", "side": "bid", "price": 0.41, "size": 24.0}, {"op": "set", "side": "bid", "price": 0.4, "size": 25.0}, {"op": "set", "side": "ask", "price": 0.54, "size": 31.0}, {"op": "delete", "side": "ask", "price": 0.55}, {"op": "set", "side": "ask", "price": 0.56, "size": 6121.92}]}
{"t": 1776976442.480271, "events": [{"op": "delete", "side": "bid", "price": 0.41}, {"op": "delete", "side": "bid", "price": 0.4}, {"op": "set", "side": "bid", "price": 0.35, "size": 4.0}, {"op": "set", "side": "bid", "price": 0.33, "size": 176.43}, {"op": "set", "side": "bid", "price": 0.36, "size": 1050.0}, {"op": "set", "side": "ask", "price": 0.56, "size": 5949.92}, {"op": "set", "side": "ask", "price": 0.58, "size": 111.0}, {"op": "set", "side": "ask", "price": 0.59, "size": 13.0}]}
{"t": 1776976443.4918458, "events": [{"op": "set", "side": "bid", "price": 0.36, "size": 386.0}, {"op": "delete", "side": "bid", "price": 0.35}, {"op": "set", "side": "ask", "price": 0.56, "size": 5927.92}, {"op": "set", "side": "ask", "price": 0.58, "size": 7.0}]}
{"t": 1776976444.5010781, "events": [{"op": "set", "side": "bid", "price": 0.38, "size": 666.0000000000005}, {"op": "set", "side": "bid", "price": 0.36, "size": 361.0}, {"op": "set", "side": "bid", "price": 0.39, "size": 25.0}, {"op": "set", "side": "bid", "price": 0.37, "size": 600.0}, {"op": "delete", "side": "ask", "price": 0.59}, {"op": "set", "side": "ask", "price": 0.57, "size": 25.0}, {"op": "set", "side": "ask", "price": 0.58, "size": 213.0}]}
{"t": 1776976445.5077739, "events": [{"op": "set", "side": "bid", "price": 0.39, "size": 175.43}, {"op": "set", "side": "bid", "price": 0.38, "size": 691.0000000000005}, {"op": "set", "side": "bid", "price": 0.33, "size": 1.0}, {"op": "set", "side": "bid", "price": 0.36, "size": 334.0}, {"op": "set", "side": "bid", "price": 0.4, "size": 73.0}, {"op": "set", "side": "ask", "price": 0.56, "size": 5894.92}, {"op": "set", "side": "ask", "price": 0.57, "size": 18.0}, {"op": "set", "side": "ask", "price": 0.58, "size": 243.0}]}
{"t": 1776976446.520246, "events": [{"op": "set", "side": "bid", "price": 0.4, "size": 89.0}, {"op": "set", "side": "ask", "price": 0.57, "size": 19.0}]}
{"t": 1776976451.535392, "events": [{"op": "set", "side": "bid", "price": 0.4, "size": 114.0}, {"op": "set", "side": "bid", "price": 0.38, "size": 334.00000000000045}, {"op": "delete", "side": "bid", "price": 0.36}, {"op": "delete", "side": "bid", "price": 0.37}, {"op": "delete", "side": "bid", "price": 0.33}, {"op": "set", "side": "ask", "price": 0.56, "size": 5919.92}, {"op": "delete", "side": "ask", "price": 0.57}, {"op": "set", "side": "ask", "price": 0.58, "size": 6.0}]}
{"t": 1776976452.543754, "events": [{"op": "set", "side": "bid", "price": 0.4, "size": 1112.0}, {"op": "set", "side": "bid", "price": 0.39, "size": 843.4300000000001}, {"op": "set", "side": "bid", "price": 0.32, "size": 422.0}, {"op": "set", "side": "ask", "price": 0.56, "size": 6059.92}, {"op": "set", "side": "ask", "price": 0.57, "size": 226.0}]}
{"t": 1776976454.565593, "events": [{"op": "set", "side": "bid", "price": 0.39, "size": 175.43000000000006}, {"op": "set", "side": "bid", "price": 0.38, "size": 4.547473508864641e-13}, {"op": "set", "side": "ask", "price": 0.56, "size": 5919.92}]}
{"t": 1776976455.5719721, "events": [{"op": "set", "side": "bid", "price": 0.4, "size": 1025.0}, {"op": "set", "side": "bid", "price": 0.39, "size": 5.684341886080802e-14}, {"op": "set", "side": "bid", "price": 0.32, "size": 423.0}, {"op": "set", "side": "bid", "price": 0.41, "size": 998.0}, {"op": "set", "side": "ask", "price": 0.56, "size": 5916.92}, {"op": "set", "side": "ask", "price": 0.57, "size": 158.0}]}
{"t": 1776976456.585608, "events": [{"op": "set", "side": "bid", "price": 0.41, "size": 1022.0}, {"op": "set", "side": "bid", "price": 0.33, "size": 373.37}, {"op": "set", "side": "ask", "price": 0.55, "size": 36.0}]}
{"t": 1776976457.590011, "events": [{"op": "set", "side": "bid", "price": 0.41, "size": 24.0}, {"op": "delete", "side": "bid", "price": 0.4}, {"op": "set", "side": "bid", "price": 0.39, "size": 25.000000000000057}, {"op": "set", "side": "bid", "price": 0.32, "size": 421.0}, {"op": "delete", "side": "ask", "price": 0.57}]}
{"t": 1776976460.625124, "events": [{"op": "delete", "side": "bid", "price": 0.41}, {"op": "set", "side": "bid", "price": 0.39, "size": 5.684341886080802e-14}, {"op": "set", "side": "bid", "price": 0.33, "size": 2.0}, {"op": "set", "side": "bid", "price": 0.34, "size": 998.0}, {"op": "set", "side": "bid", "price": 0.35, "size": 317.27}, {"op": "set", "side": "bid", "price": 0.37, "size": 25.0}, {"op": "set", "side": "ask", "price": 0.55, "size": 3.0}, {"op": "set", "side": "ask", "price": 0.56, "size": 6037.92}, {"op": "set", "side": "ask", "price": 0.59, "size": 13.0}, {"op": "set", "side": "ask", "price": 0.57, "size": 38.0}]}
{"t": 1776976461.631319, "events": [{"op": "delete", "side": "bid", "price": 0.34}, {"op": "delete", "side": "bid", "price": 0.33}, {"op": "delete", "side": "ask", "price": 0.55}, {"op": "set", "side": "ask", "price": 0.56, "size": 5888.92}]}
{"t": 1776976462.638276, "events": [{"op": "set", "side": "bid", "price": 0.38, "size": 728.0000000000005}, {"op": "set", "side": "bid", "price": 0.35, "size": 28.0}, {"op": "set", "side": "bid", "price": 0.37, "size": 359.0}, {"op": "set", "side": "bid", "price": 0.33, "size": 329.61}, {"op": "set", "side": "ask", "price": 0.57, "size": 44.0}, {"op": "set", "side": "ask", "price": 0.58, "size": 200.0}]}
{"t": 1776976465.66493, "events": [{"op": "set", "side": "bid", "price": 0.38, "size": 4.547473508864641e-13}, {"op": "delete", "side": "bid", "price": 0.35}, {"op": "set", "side": "bid", "price": 0.37, "size": 25.0}, {"op": "set", "side": "bid", "price": 0.34, "size": 27.0}, {"op": "set", "side": "ask", "price": 0.57, "size": 39.0}, {"op": "set", "side": "ask", "price": 0.58, "size": 6.0}]}
{"t": 1776976467.6886039, "events": [{"op": "set", "side": "bid", "price": 0.38, "size": 998.0000000000005}, {"op": "set", "side": "bid", "price": 0.37, "size": 693.0}, {"op": "set", "side": "bid", "price": 0.34, "size": 361.0}, {"op": "set", "side": "bid", "price": 0.33, "size": 51.0}, {"op": "set", "side": "ask", "price": 0.57, "size": 45.0}, {"op": "set", "side": "ask", "price": 0.58, "size": 199.0}]}
{"t": 1776976469.706263, "events": [{"op": "set", "side": "bid", "price": 0.39, "size": 225.43000000000006}, {"op": "set", "side": "bid", "price": 0.38, "size": 1023.0000000000005}, {"op": "set", "side": "bid", "price": 0.37, "size": 668.0}, {"op": "set", "side": "bid", "price": 0.33, "size": 1.0}, {"op": "set", "side": "ask", "price": 0.57, "size": 70.0}, {"op": "delete", "side": "ask", "price": 0.59}]}
{"t": 1776976470.713255, "events": [{"op": "set", "side": "bid", "price": 0.39, "size": 175.43000000000006}, {"op": "set", "side": "bid", "price": 0.34, "size": 334.0}, {"op": "set", "side": "bid", "price": 0.4, "size": 24.0}, {"op": "set", "side": "ask", "price": 0.57, "size": 55.0}]}
{"t": 1776976472.725442, "events": [{"op": "set", "side": "bid", "price": 0.4, "size": 1047.0}, {"op": "set", "side": "bid", "price": 0.39, "size": 668.0}, {"op": "set", "side": "bid", "price": 0.38, "size": 334.00000000000045}, {"op": "delete", "side": "bid", "price": 0.34}, {"op": "delete", "side": "bid", "price": 0.37}, {"op": "set", "side": "bid", "price": 0.33, "size": 348.04}, {"op": "set", "side": "bid", "price": 0.32, "size": 422.0}, {"op": "set", "side": "ask", "price": 0.56, "size": 5913.92}, {"op": "set", "side": "ask", "price": 0.57, "size": 187.0}, {"op": "set", "side": "ask", "price": 0.58, "size": 87.0}]}
{"t": 1776976474.742902, "events": [{"op": "set", "side": "ask", "price": 0.57, "size": 153.0}]}
{"t": 1776976475.752197, "events": [{"op": "set", "side": "bid", "price": 0.33, "size": 364.04}, {"op": "set", "side": "ask", "price": 0.55, "size": 37.0}]}
{"t": 1776976477.761339, "events": [{"op": "delete", "side": "bid", "price": 0.4}, {"op": "set", "side": "bid", "price": 0.39, "size": 25.0}, {"op": "set", "side": "bid", "price": 0.32, "size": 421.0}, {"op": "set", "side": "bid", "price": 0.38, "size": 4.547473508864641e-13}, {"op": "set", "side": "bid", "price": 0.33, "size": 348.04}, {"op": "delete", "side": "ask", "price": 0.47}, {"op": "set", "side": "ask", "price": 0.57, "size": 1501.0}, {"op": "set", "side": "ask", "price": 0.58, "size": 6.0}]}
{"t": 1776976478.778097, "events": [{"op": "delete", "side": "bid", "price": 0.39}, {"op": "set", "side": "bid", "price": 0.34, "size": 27.0}, {"op": "set", "side": "bid", "price": 0.36, "size": 25.0}, {"op": "set", "side": "ask", "price": 0.56, "size": 5888.92}, {"op": "set", "side": "ask", "price": 0.59, "size": 13.0}]}
{"t": 1776976479.7830348, "events": [{"op": "delete", "side": "bid", "price": 0.34}, {"op": "delete", "side": "ask", "price": 0.55}]}
{"t": 1776976480.793513, "events": [{"op": "set", "side": "bid", "price": 0.36, "size": 359.0}, {"op": "set", "side": "bid", "price": 0.33, "size": 1.0}, {"op": "set", "side": "bid", "price": 0.34, "size": 27.0}, {"op": "set", "side": "bid", "price": 0.37, "size": 780.0}, {"op": "set", "side": "ask", "price": 0.56, "size": 5892.92}, {"op": "set", "side": "ask", "price": 0.57, "size": 1505.0}, {"op": "set", "side": "ask", "price": 0.59, "size": 1.0}, {"op": "set", "side": "ask", "price": 0.6, "size": 13.0}, {"op": "set", "side": "ask", "price": 0.58, "size": 393.0}]}
{"t": 1776976484.820907, "events": [{"op": "set", "side": "bid", "price": 0.37, "size": 556.0}, {"op": "delete", "side": "bid", "price": 0.33}, {"op": "set", "side": "bid", "price": 0.36, "size": 358.0}, {"op": "set", "side": "ask", "price": 0.59, "size": 13.0}, {"op": "delete", "side": "ask", "price": 0.6}, {"op": "set", "side": "ask", "price": 0.58, "size": 391.0}]}
{"t": 1776976485.858399, "events": [{"op": "set", "side": "bid", "price": 0.38, "size": 50.000000000000455}, {"op": "set", "side": "bid", "price": 0.34, "size": 167.0}, {"op": "set", "side": "bid", "price": 0.36, "size": 333.0}, {"op": "delete", "side": "ask", "price": 0.59}, {"op": "set", "side": "ask", "price": 0.6, "size": 1.0}, {"op": "set", "side": "ask", "price": 0.58, "size": 416.0}]}
{"t": 1776976490.901129, "events": [{"op": "set", "side": "bid", "price": 0.38, "size": 4.547473508864641e-13}, {"op": "delete", "side": "bid", "price": 0.37}, {"op": "delete", "side": "bid", "price": 0.34}, {"op": "set", "side": "bid", "price": 0.36, "size": 25.0}, {"op": "delete", "side": "ask", "price": 0.6}, {"op": "set", "side": "ask", "price": 0.59, "size": 13.0}, {"op": "set", "side": "ask", "price": 0.58, "size": 45.0}]}
{"t": 1776976491.914994, "events": [{"op": "delete", "side": "bid", "price": 0.36}, {"op": "set", "side": "bid", "price": 0.4, "size": 691.0}, {"op": "set", "side": "bid", "price": 0.33, "size": 28.0}]}
{"t": 1776976492.923475, "events": [{"op": "set", "side": "bid", "price": 0.38, "size": 333.00000000000045}, {"op": "set", "side": "bid", "price": 0.32, "size": 422.0}, {"op": "set", "side": "bid", "price": 0.33, "size": 397.25}, {"op": "set", "side": "bid", "price": 0.39, "size": 553.0}, {"op": "set", "side": "ask", "price": 0.54, "size": 202.0}, {"op": "set", "side": "ask", "price": 0.56, "size": 6085.92}, {"op": "set", "side": "ask", "price": 0.57, "size": 1761.0}, {"op": "delete", "side": "ask", "price": 0.59}, {"op": "set", "side": "ask", "price": 0.58, "size": 6.0}]}
{"t": 1776976494.9357922, "events": [{"op": "set", "side": "bid", "price": 0.33, "size": 369.25}]}
{"t": 1776976495.9455118, "events": [{"op": "set", "side": "bid", "price": 0.4, "size": 715.0}]}
{"t": 1776976504.995602, "events": [{"op": "set", "side": "bid", "price": 0.4, "size": 24.0}, {"op": "set", "side": "bid", "price": 0.39, "size": 25.0}, {"op": "set", "side": "bid", "price": 0.32, "size": 421.0}, {"op": "set", "side": "bid", "price": 0.38, "size": 4.547473508864641e-13}, {"op": "set", "side": "ask", "price": 0.56, "size": 5917.92}, {"op": "set", "side": "ask", "price": 0.57, "size": 1537.0}]}
{"t": 1776976506.004798, "events": [{"op": "delete", "side": "bid", "price": 0.4}, {"op": "delete", "side": "bid", "price": 0.39}, {"op": "set", "side": "bid", "price": 0.33, "size": 2.0}, {"op": "set", "side": "bid", "price": 0.34, "size": 1000.0}, {"op": "set", "side": "bid", "price": 0.35, "size": 998.0}, {"op": "set", "side": "bid", "price": 0.36, "size": 250.43}, {"op": "set", "side": "bid", "price": 0.37, "size": 25.0}, {"op": "set", "side": "ask", "price": 0.54, "size": 34.0}, {"op": "set", "side": "ask", "price": 0.56, "size": 5890.92}, {"op": "set", "side": "ask", "price": 0.57, "size": 1838.0}, {"op": "set", "side": "ask", "price": 0.58, "size": 44.0}, {"op": "set", "side": "ask", "price": 0.59, "size": 13.0}]}
{"t": 1776976507.017001, "events": [{"op": "set", "side": "bid", "price": 0.36, "size": 75.0}]}
{"t": 1776976517.098359, "events": [{"op": "set", "side": "bid", "price": 0.36, "size": 250.43}]}
{"t": 1776976518.10238, "events": [{"op": "delete", "side": "bid", "price": 0.22}, {"op": "set", "side": "bid", "price": 0.21, "size": 100.0}, {"op": "delete", "side": "bid", "price": 0.17}, {"op": "set", "side": "bid", "price": 0.13, "size": 57.0}, {"op": "delete", "side": "bid", "price": 0.18}, {"op": "set", "side": "bid", "price": 0.14, "size": 539.0}, {"op": "set", "side": "bid", "price": 0.01, "size": 10000.0}, {"op": "delete", "side": "bid", "price": 0.16}, {"op": "delete", "side": "ask", "price": 0.11}, {"op": "set", "side": "ask", "price": 0.04, "size": 10000.0}]}
{"t": 1776976521.1357608, "events": [{"op": "set", "side": "bid", "price": 0.38, "size": 742.0000000000005}, {"op": "set", "side": "bid", "price": 0.37, "size": 359.0}, {"op": "delete", "side": "bid", "price": 0.35}, {"op": "delete", "side": "bid", "price": 0.34}, {"op": "delete", "side": "bid", "price": 0.33}, {"op": "set", "side": "bid", "price": 0.15, "size": 16.0}, {"op": "set", "side": "ask", "price": 0.54, "size": 31.0}, {"op": "set", "side": "ask", "price": 0.56, "size": 5888.92}, {"op": "set", "side": "ask", "price": 0.57, "size": 1507.0}]}
