{"t": 1776975854.366905, "events": [{"op": "set", "side": "bid", "price": 0.62, "size": 26.0}, {"op": "set", "side": "ask", "price": 0.34, "size": 464.16999999999996}]}
{"t": 1776975855.3857431, "events": [{"op": "delete", "side": "bid", "price": 0.65}, {"op": "delete", "side": "bid", "price": 0.64}, {"op": "set", "side": "ask", "price": 0.3, "size": 159.0}, {"op": "set", "side": "ask", "price": 0.31, "size": 136.0}]}
{"t": 1776975856.396708, "events": [{"op": "set", "side": "bid", "price": 0.62, "size": 359.0}, {"op": "set", "side": "bid", "price": 0.63, "size": 756.0}, {"op": "set", "side": "ask", "price": 0.32, "size": 244.0}, {"op": "set", "side": "ask", "price": 0.34, "size": 483.16999999999996}, {"op": "set", "side": "ask", "price": 0.31, "size": 301.0}]}
{"t": 1776975858.419916, "events": [{"op": "set", "side": "bid", "price": 0.63, "size": 780.0}, {"op": "set", "side": "bid", "price": 0.62, "size": 333.0}, {"op": "set", "side": "ask", "price": 0.32, "size": 208.0}, {"op": "set", "side": "ask", "price": 0.33, "size": 36.0}]}
{"t": 1776975859.432927, "events": [{"op": "set", "side": "bid", "price": 0.63, "size": 357.0}, {"op": "delete", "side": "bid", "price": 0.62}, {"op": "set", "side": "bid", "price": 0.64, "size": 667.0}, {"op": "delete", "side": "ask", "price": 0.32}, {"op": "set", "side": "ask", "price": 0.34, "size": 482.16999999999996}, {"op": "set", "side": "ask", "price": 0.31, "size": 298.0}, {"op": "set", "side": "ask", "price": 0.33, "size": 245.0}]}
{"t": 1776975861.4545841, "events": [{"op": "set", "side": "ask", "price": 0.34, "size": 463.16999999999996}]}
{"t": 1776975863.466253, "events": [{"op": "set", "side": "bid", "price": 0.64, "size": 690.0}, {"op": "set", "side": "bid", "price": 0.63, "size": 333.0}, {"op": "set", "side": "ask", "price": 0.34, "size": 493.16999999999996}, {"op": "set", "side": "ask", "price": 0.33, "size": 209.0}]}
{"t": 1776975866.4869819, "events": [{"op": "set", "side": "bid", "price": 0.64, "size": 356.0}, {"op": "delete", "side": "bid", "price": 0.63}, {"op": "delete", "side": "bid", "price": 0.02}, {"op": "set", "side": "bid", "price": 0.65, "size": 667.0}, {"op": "set", "side": "ask", "price": 0.3, "size": 424.0}, {"op": "set", "side": "ask", "price": 0.34, "size": 419.16999999999996}, {"op": "set", "side": "ask", "price": 0.31, "size": 189.0}, {"op": "delete", "side": "ask", "price": 0.33}]}
{"t": 1776975868.5054138, "events": [{"op": "set", "side": "bid", "price": 0.64, "size": 333.0}, {"op": "set", "side": "bid", "price": 0.32, "size": 37.0}, {"op": "set", "side": "ask", "price": 0.34, "size": 389.16999999999996}]}
{"t": 1776975869.519797, "events": [{"op": "delete", "side": "bid", "price": 0.65}, {"op": "delete", "side": "bid", "price": 0.64}, {"op": "set", "side": "bid", "price": 0.62, "size": 26.0}, {"op": "delete", "side": "ask", "price": 0.31}, {"op": "set", "side": "ask", "price": 0.32, "size": 36.0}]}
{"t": 1776975870.536895, "events": [{"op": "set", "side": "bid", "price": 0.62, "size": 359.0}, {"op": "set", "side": "bid", "price": 0.63, "size": 755.0}, {"op": "set", "side": "ask", "price": 0.3, "size": 396.0}, {"op": "set", "side": "ask", "price": 0.32, "size": 192.0}, {"op": "set", "side": "ask", "price": 0.34, "size": 330.16999999999996}]}
{"t": 1776975873.562508, "events": [{"op": "set", "side": "bid", "price": 0.63, "size": 779.0}, {"op": "set", "side": "bid", "price": 0.62, "size": 333.0}, {"op": "set", "side": "ask", "price": 0.32, "size": 156.0}, {"op": "set", "side": "ask", "price": 0.34, "size": 349.16999999999996}, {"op": "set", "side": "ask", "price": 0.33, "size": 36.0}]}
{"t": 1776975878.59487, "events": [{"op": "delete", "side": "bid", "price": 0.63}, {"op": "set", "side": "bid", "price": 0.62, "size": 26.0}, {"op": "set", "side": "ask", "price": 0.3, "size": 202.0}, {"op": "delete", "side": "ask", "price": 0.32}, {"op": "set", "side": "ask", "price": 0.34, "size": 83.16999999999996}, {"op": "set", "side": "ask", "price": 0.31, "size": 40.0}, {"op": "delete", "side": "ask", "price": 0.33}]}
{"t": 1776975881.629726, "events": [{"op": "set", "side": "bid", "price": 0.62, "size": 359.0}, {"op": "set", "side": "bid", "price": 0.63, "size": 754.0}, {"op": "set", "side": "ask", "price": 0.3, "size": 282.0}, {"op": "set", "side": "ask", "price": 0.34, "size": 750.17}, {"op": "set", "side": "ask", "price": 0.31, "size": 174.0}]}
{"t": 1776975883.6573179, "events": [{"op": "set", "side": "bid", "price": 0.63, "size": 778.0}, {"op": "set", "side": "bid", "price": 0.62, "size": 333.0}, {"op": "set", "side": "ask", "price": 0.31, "size": 134.0}, {"op": "set", "side": "ask", "price": 0.32, "size": 38.0}]}
{"t": 1776975889.700941, "events": [{"op": "set", "side": "bid", "price": 0.63, "size": 357.0}, {"op": "delete", "side": "bid", "price": 0.62}, {"op": "set", "side": "bid", "price": 0.64, "size": 667.0}, {"op": "set", "side": "ask", "price": 0.3, "size": 574.0}, {"op": "set", "side": "ask", "price": 0.32, "size": 323.0}, {"op": "set", "side": "ask", "price": 0.34, "size": 442.16999999999996}, {"op": "delete", "side": "ask", "price": 0.31}]}
{"t": 1776975890.720798, "events": [{"op": "set", "side": "bid", "price": 0.64, "size": 690.0}, {"op": "set", "side": "bid", "price": 0.63, "size": 333.0}]}
{"t": 1776975893.74344, "events": [{"op": "set", "side": "ask", "price": 0.32, "size": 285.0}, {"op": "set", "side": "ask", "price": 0.34, "size": 423.16999999999996}, {"op": "set", "side": "ask", "price": 0.33, "size": 35.0}]}
{"t": 1776975898.775449, "events": [{"op": "set", "side": "ask", "price": 0.33, "size": 34.0}]}
{"t": 1776975913.861079, "events": [{"op": "set", "side": "bid", "price": 0.64, "size": 356.0}, {"op": "delete", "side": "bid", "price": 0.63}, {"op": "set", "side": "ask", "price": 0.3, "size": 435.0}, {"op": "delete", "side": "ask", "price": 0.32}, {"op": "set", "side": "ask", "price": 0.34, "size": 403.16999999999996}, {"op": "set", "side": "ask", "price": 0.31, "size": 39.0}, {"op": "delete", "side": "ask", "price": 0.33}]}
{"t": 1776975914.8911412, "events": [{"op": "set", "side": "bid", "price": 0.64, "size": 333.0}, {"op": "set", "side": "bid", "price": 0.62, "size": 26.0}, {"op": "set", "side": "bid", "price": 0.65, "size": 667.0}, {"op": "set", "side": "ask", "price": 0.33, "size": 190.0}]}
{"t": 1776975916.9452019, "events": [{"op": "delete", "side": "bid", "price": 0.65}, {"op": "delete", "side": "bid", "price": 0.64}, {"op": "set", "side": "ask", "price": 0.3, "size": 399.0}, {"op": "set", "side": "ask", "price": 0.34, "size": 339.16999999999996}, {"op": "delete", "side": "ask", "price": 0.33}]}
{"t": 1776975917.960892, "events": [{"op": "set", "side": "bid", "price": 0.62, "size": 359.0}, {"op": "set", "side": "bid", "price": 0.63, "size": 750.0}, {"op": "set", "side": "ask", "price": 0.34, "size": 358.16999999999996}, {"op": "set", "side": "ask", "price": 0.31, "size": 199.0}]}
{"t": 1776975918.9692569, "events": [{"op": "set", "side": "bid", "price": 0.62, "size": 333.0}, {"op": "set", "side": "bid", "price": 0.64, "size": 23.0}, {"op": "set", "side": "ask", "price": 0.31, "size": 160.0}, {"op": "set", "side": "ask", "price": 0.32, "size": 38.0}]}
{"t": 1776975923.995276, "events": [{"op": "set", "side": "ask", "price": 0.34, "size": 339.16999999999996}]}
{"t": 1776975940.061205, "events": [{"op": "delete", "side": "bid", "price": 0.64}, {"op": "delete", "side": "bid", "price": 0.63}, {"op": "delete", "side": "bid", "price": 0.62}, {"op": "set", "side": "bid", "price": 0.02, "size": 35.0}, {"op": "delete", "side": "bid", "price": 0.32}, {"op": "set", "side": "ask", "price": 0.3, "size": 202.0}, {"op": "set", "side": "ask", "price": 0.34, "size": 64.16999999999996}, {"op": "delete", "side": "ask", "price": 0.31}]}
{"t": 1776975941.0863051, "events": [{"op": "set", "side": "bid", "price": 0.62, "size": 26.0}]}
{"t": 1776975943.110956, "events": [{"op": "set", "side": "bid", "price": 0.62, "size": 1026.0}, {"op": "set", "side": "ask", "price": 0.32, "size": 171.0}, {"op": "set", "side": "ask", "price": 0.34, "size": 731.17}]}
{"t": 1776975944.1347961, "events": [{"op": "set", "side": "ask", "price": 0.33, "size": 37.0}]}
{"t": 1776975945.176098, "events": [{"op": "delete", "side": "ask", "price": 0.32}]}
{"t": 1776975946.19179, "events": [{"op": "set", "side": "ask", "price": 0.34, "size": 538.17}]}
{"t": 1776975948.2322109, "events": [{"op": "set", "side": "ask", "price": 0.33, "size": 581.0}]}
{"t": 1776975949.255933, "events": [{"op": "set", "side": "ask", "price": 0.34, "size": 571.17}]}
{"t": 1776975951.2976189, "events": [{"op": "set", "side": "bid", "price": 0.62, "size": 26.0}, {"op": "set", "side": "ask", "price": 0.34, "size": 116.16999999999996}, {"op": "delete", "side": "ask", "price": 0.33}]}
{"t": 1776975953.32274, "events": [{"op": "set", "side": "bid", "price": 0.62, "size": 1026.0}, {"op": "set", "side": "ask", "price": 0.3, "size": 438.0}, {"op": "set", "side": "ask", "price": 0.34, "size": 783.17}]}
{"t": 1776975959.372451, "events": [{"op": "set", "side": "ask", "price": 0.3, "size": 762.0}, {"op": "set", "side": "ask", "price": 0.34, "size": 616.17}]}
{"t": 1776975972.4612129, "events": [{"op": "set", "side": "ask", "price": 0.3, "size": 652.0}]}
{"t": 1776976002.718677, "events": [{"op": "set", "side": "ask", "price": 0.3, "size": 651.0}]}
{"t": 1776976038.1259038, "events": [{"op": "set", "side": "ask", "price": 0.34, "size": 597.17}]}
{"t": 1776976044.185159, "events": [{"op": "set", "side": "bid", "price": 0.62, "size": 26.0}, {"op": "delete", "side": "bid", "price": 0.02}, {"op": "set", "side": "bid", "price": 0.32, "size": 45.0}, {"op": "set", "side": "ask", "price": 0.3, "size": 202.0}, {"op": "set", "side": "ask", "price": 0.34, "size": 97.16999999999996}]}
{"t": 1776976047.209746, "events": [{"op": "set", "side": "ask", "price": 0.34, "size": 116.16999999999996}]}
{"t": 1776976048.218187, "events": [{"op": "set", "side": "bid", "price": 0.62, "size": 1026.0}, {"op": "set", "side": "ask", "price": 0.3, "size": 407.0}, {"op": "set", "side": "ask", "price": 0.34, "size": 783.17}]}
{"t": 1776976049.2295182, "events": [{"op": "set", "side": "ask", "price": 0.34, "size": 616.17}]}
{"t": 1776976050.238752, "events": [{"op": "set", "side": "ask", "price": 0.3, "size": 765.0}]}
{"t": 1776976058.306615, "events": [{"op": "set", "side": "bid", "price": 0.62, "size": 26.0}, {"op": "set", "side": "ask", "price": 0.3, "size": 202.0}, {"op": "set", "side": "ask", "price": 0.34, "size": 116.16999999999996}]}
{"t": 1776976062.354484, "events": [{"op": "set", "side": "bid", "price": 0.62, "size": 1026.0}, {"op": "set", "side": "ask", "price": 0.3, "size": 432.0}, {"op": "set", "side": "ask", "price": 0.34, "size": 783.17}]}
{"t": 1776976066.397533, "events": [{"op": "set", "side": "ask", "price": 0.3, "size": 765.0}, {"op": "set", "side": "ask", "price": 0.34, "size": 616.17}]}
{"t": 1776976074.460224, "events": [{"op": "set", "side": "ask", "price": 0.3, "size": 651.0}]}
{"t": 1776976085.548361, "events": [{"op": "set", "side": "bid", "price": 0.62, "size": 26.0}, {"op": "set", "side": "ask", "price": 0.3, "size": 202.0}, {"op": "set", "side": "ask", "price": 0.34, "size": 116.16999999999996}]}
{"t": 1776976089.58958, "events": [{"op": "set", "side": "bid", "price": 0.62, "size": 1026.0}, {"op": "delete", "side": "bid", "price": 0.32}, {"op": "set", "side": "bid", "price": 0.02, "size": 45.0}, {"op": "set", "side": "ask", "price": 0.3, "size": 430.0}, {"op": "set", "side": "ask", "price": 0.34, "size": 783.17}]}
{"t": 1776976091.599458, "events": [{"op": "set", "side": "ask", "price": 0.34, "size": 616.17}]}
{"t": 1776976092.6074328, "events": [{"op": "set", "side": "ask", "price": 0.3, "size": 766.0}]}
{"t": 1776976095.6349592, "events": [{"op": "set", "side": "ask", "price": 0.3, "size": 651.0}]}
{"t": 1776976113.775799, "events": [{"op": "set", "side": "ask", "price": 0.3, "size": 650.0}]}
{"t": 1776976135.934583, "events": [{"op": "set", "side": "bid", "price": 0.62, "size": 26.0}, {"op": "delete", "side": "bid", "price": 0.02}, {"op": "set", "side": "bid", "price": 0.32, "size": 39.0}, {"op": "set", "side": "ask", "price": 0.3, "size": 202.0}, {"op": "set", "side": "ask", "price": 0.34, "size": 116.16999999999996}]}
{"t": 1776976137.96097, "events": [{"op": "set", "side": "ask", "price": 0.3, "size": 159.0}, {"op": "set", "side": "ask", "price": 0.34, "size": 83.16999999999996}, {"op": "set", "side": "ask", "price": 0.31, "size": 51.0}]}
{"t": 1776976138.9725718, "events": [{"op": "set", "side": "ask", "price": 0.32, "size": 37.0}]}
{"t": 1776976139.976351, "events": [{"op": "set", "side": "bid", "price": 0.62, "size": 1026.0}, {"op": "set", "side": "ask", "price": 0.32, "size": 223.0}, {"op": "set", "side": "ask", "price": 0.34, "size": 750.17}]}
{"t": 1776976143.994279, "events": [{"op": "set", "side": "ask", "price": 0.32, "size": 186.0}, {"op": "set", "side": "ask", "price": 0.33, "size": 35.0}]}
{"t": 1776976152.035327, "events": [{"op": "set", "side": "bid", "price": 0.62, "size": 26.0}, {"op": "delete", "side": "ask", "price": 0.32}, {"op": "set", "side": "ask", "price": 0.34, "size": 83.16999999999996}]}
{"t": 1776976154.063997, "events": [{"op": "set", "side": "ask", "price": 0.32, "size": 37.0}, {"op": "delete", "side": "ask", "price": 0.33}]}
{"t": 1776976155.081144, "events": [{"op": "set", "side": "bid", "price": 0.62, "size": 1026.0}, {"op": "set", "side": "ask", "price": 0.34, "size": 750.17}, {"op": "set", "side": "ask", "price": 0.33, "size": 196.0}]}
{"t": 1776976159.129062, "events": [{"op": "delete", "side": "ask", "price": 0.32}, {"op": "set", "side": "ask", "price": 0.34, "size": 780.17}]}
{"t": 1776976170.2072918, "events": [{"op": "delete", "side": "bid", "price": 0.58}]}
{"t": 1776976172.213068, "events": [{"op": "set", "side": "bid", "price": 0.62, "size": 26.0}, {"op": "set", "side": "ask", "price": 0.3, "size": 205.0}, {"op": "set", "side": "ask", "price": 0.34, "size": 567.17}, {"op": "delete", "side": "ask", "price": 0.31}, {"op": "delete", "side": "ask", "price": 0.33}]}
{"t": 1776976173.230133, "events": [{"op": "delete", "side": "bid", "price": 0.62}, {"op": "set", "side": "bid", "price": 0.63, "size": 1000.0}, {"op": "set", "side": "bid", "price": 0.64, "size": 24.0}, {"op": "set", "side": "ask", "price": 0.34, "size": 537.17}, {"op": "set", "side": "ask", "price": 0.31, "size": 562.0}, {"op": "set", "side": "ask", "price": 0.32, "size": 36.0}]}
{"t": 1776976175.24962, "events": [{"op": "delete", "side": "bid", "price": 0.63}, {"op": "delete", "side": "ask", "price": 0.31}]}
{"t": 1776976176.259373, "events": [{"op": "set", "side": "ask", "price": 0.34, "size": 405.16999999999996}]}
{"t": 1776976177.2679732, "events": [{"op": "set", "side": "bid", "price": 0.64, "size": 357.0}, {"op": "set", "side": "bid", "price": 0.65, "size": 730.0}, {"op": "set", "side": "ask", "price": 0.32, "size": 431.0}, {"op": "set", "side": "ask", "price": 0.34, "size": 386.16999999999996}]}
{"t": 1776976178.273995, "events": [{"op": "set", "side": "bid", "price": 0.64, "size": 333.0}, {"op": "set", "side": "ask", "price": 0.32, "size": 395.0}]}
{"t": 1776976179.287406, "events": [{"op": "set", "side": "bid", "price": 0.65, "size": 753.0}, {"op": "set", "side": "ask", "price": 0.31, "size": 37.0}]}
{"t": 1776976183.318472, "events": [{"op": "delete", "side": "ask", "price": 0.31}]}
{"t": 1776976184.330831, "events": [{"op": "set", "side": "ask", "price": 0.31, "size": 37.0}]}
{"t": 1776976188.349905, "events": [{"op": "delete", "side": "ask", "price": 0.31}]}
{"t": 1776976189.36215, "events": [{"op": "set", "side": "ask", "price": 0.31, "size": 37.0}]}
{"t": 1776976193.395335, "events": [{"op": "delete", "side": "ask", "price": 0.31}]}
{"t": 1776976194.405488, "events": [{"op": "set", "side": "ask", "price": 0.31, "size": 37.0}]}
{"t": 1776976197.420757, "events": [{"op": "set", "side": "bid", "price": 0.65, "size": 356.0}, {"op": "delete", "side": "bid", "price": 0.64}, {"op": "delete", "side": "ask", "price": 0.32}, {"op": "set", "side": "ask", "price": 0.34, "size": 292.16999999999996}]}
{"t": 1776976198.435571, "events": [{"op": "set", "side": "bid", "price": 0.65, "size": 1023.0}, {"op": "set", "side": "ask", "price": 0.31, "size": 274.0}, {"op": "set", "side": "ask", "price": 0.32, "size": 34.0}]}
{"t": 1776976203.4636748, "events": [{"op": "delete", "side": "ask", "price": 0.32}]}
{"t": 1776976204.476952, "events": [{"op": "delete", "side": "bid", "price": 0.65}, {"op": "set", "side": "ask", "price": 0.3, "size": 159.0}, {"op": "set", "side": "ask", "price": 0.34, "size": 64.16999999999996}, {"op": "set", "side": "ask", "price": 0.02, "size": 145.0}, {"op": "delete", "side": "ask", "price": 0.31}, {"op": "set", "side": "ask", "price": 0.32, "size": 34.0}]}
{"t": 1776976205.4979851, "events": [{"op": "set", "side": "bid", "price": 0.62, "size": 26.0}]}
{"t": 1776976207.508864, "events": [{"op": "set", "side": "bid", "price": 0.62, "size": 359.0}, {"op": "set", "side": "bid", "price": 0.63, "size": 727.0}, {"op": "set", "side": "ask", "price": 0.32, "size": 189.0}, {"op": "set", "side": "ask", "price": 0.34, "size": 731.17}]}
{"t": 1776976208.525941, "events": [{"op": "set", "side": "bid", "price": 0.62, "size": 333.0}, {"op": "set", "side": "ask", "price": 0.32, "size": 155.0}]}
{"t": 1776976209.539958, "events": [{"op": "set", "side": "bid", "price": 0.64, "size": 23.0}, {"op": "set", "side": "ask", "price": 0.33, "size": 34.0}]}
{"t": 1776976214.569775, "events": [{"op": "delete", "side": "bid", "price": 0.63}, {"op": "delete", "side": "bid", "price": 0.62}, {"op": "delete", "side": "ask", "price": 0.32}, {"op": "set", "side": "ask", "price": 0.34, "size": 519.17}]}
{"t": 1776976215.5757089, "events": [{"op": "set", "side": "bid", "price": 0.64, "size": 333.0}, {"op": "set", "side": "bid", "price": 0.65, "size": 727.0}, {"op": "set", "side": "bid", "price": 0.62, "size": 25.0}, {"op": "set", "side": "ask", "price": 0.33, "size": 624.0}]}
{"t": 1776976217.597552, "events": [{"op": "delete", "side": "bid", "price": 0.65}, {"op": "delete", "side": "bid", "price": 0.64}, {"op": "set", "side": "ask", "price": 0.33, "size": 494.0}]}
{"t": 1776976218.6080482, "events": [{"op": "set", "side": "bid", "price": 0.62, "size": 333.0}, {"op": "set", "side": "bid", "price": 0.63, "size": 727.0}, {"op": "set", "side": "ask", "price": 0.34, "size": 564.17}, {"op": "set", "side": "ask", "price": 0.33, "size": 460.0}]}
{"t": 1776976219.616928, "events": [{"op": "set", "side": "bid", "price": 0.64, "size": 23.0}, {"op": "set", "side": "ask", "price": 0.31, "size": 39.0}]}
{"t": 1776976222.6332319, "events": [{"op": "set", "side": "bid", "price": 0.64, "size": 356.0}, {"op": "delete", "side": "bid", "price": 0.63}, {"op": "delete", "side": "bid", "price": 0.62}, {"op": "set", "side": "bid", "price": 0.65, "size": 726.0}, {"op": "set", "side": "ask", "price": 0.34, "size": 386.16999999999996}, {"op": "set", "side": "ask", "price": 0.31, "size": 459.0}, {"op": "delete", "side": "ask", "price": 0.33}]}
{"t": 1776976223.6436858, "events": [{"op": "set", "side": "bid", "price": 0.65, "size": 690.0}, {"op": "set", "side": "bid", "price": 0.64, "size": 333.0}, {"op": "set", "side": "ask", "price": 0.34, "size": 493.16999999999996}, {"op": "set", "side": "ask", "price": 0.31, "size": 310.0}, {"op": "set", "side": "ask", "price": 0.32, "size": 34.0}]}
{"t": 1776976238.714187, "events": [{"op": "delete", "side": "ask", "price": 0.32}]}
{"t": 1776976239.7258828, "events": [{"op": "set", "side": "ask", "price": 0.32, "size": 34.0}]}
{"t": 1776976253.8076642, "events": [{"op": "delete", "side": "ask", "price": 0.32}]}
{"t": 1776976254.822479, "events": [{"op": "delete", "side": "bid", "price": 0.64}, {"op": "set", "side": "ask", "price": 0.3, "size": 205.0}, {"op": "set", "side": "ask", "price": 0.34, "size": 386.16999999999996}, {"op": "set", "side": "ask", "price": 0.02, "size": 100.0}, {"op": "delete", "side": "ask", "price": 0.31}, {"op": "set", "side": "ask", "price": 0.32, "size": 34.0}]}
{"t": 1776976255.835129, "events": [{"op": "set", "side": "bid", "price": 0.65, "size": 1023.0}, {"op": "set", "side": "ask", "price": 0.32, "size": 406.0}, {"op": "set", "side": "ask", "price": 0.34, "size": 355.16999999999996}]}
{"t": 1776976258.864931, "events": [{"op": "set", "side": "ask", "price": 0.32, "size": 372.0}, {"op": "set", "side": "ask", "price": 0.31, "size": 37.0}]}
{"t": 1776976259.875783, "events": [{"op": "delete", "side": "bid", "price": 0.65}, {"op": "set", "side": "bid", "price": 0.62, "size": 26.0}, {"op": "delete", "side": "ask", "price": 0.32}, {"op": "set", "side": "ask", "price": 0.34, "size": 275.16999999999996}]}
{"t": 1776976260.885631, "events": [{"op": "set", "side": "bid", "price": 0.65, "size": 1000.0}, {"op": "set", "side": "ask", "price": 0.31, "size": 287.0}]}
{"t": 1776976263.909769, "events": [{"op": "set", "side": "bid", "price": 0.62, "size": 27.0}, {"op": "set", "side": "ask", "price": 0.31, "size": 250.0}, {"op": "set", "side": "ask", "price": 0.32, "size": 34.0}]}
{"t": 1776976276.0147579, "events": [{"op": "delete", "side": "bid", "price": 0.65}, {"op": "set", "side": "ask", "price": 0.34, "size": 236.16999999999996}, {"op": "delete", "side": "ask", "price": 0.31}]}
{"t": 1776976277.039475, "events": [{"op": "set", "side": "bid", "price": 0.62, "size": 360.0}, {"op": "set", "side": "bid", "price": 0.63, "size": 723.0}, {"op": "set", "side": "ask", "price": 0.32, "size": 223.0}]}
{"t": 1776976279.0620182, "events": [{"op": "set", "side": "bid", "price": 0.62, "size": 333.0}, {"op": "delete", "side": "bid", "price": 0.32}, {"op": "set", "side": "bid", "price": 0.02, "size": 44.0}, {"op": "set", "side": "ask", "price": 0.32, "size": 189.0}, {"op": "set", "side": "ask", "price": 0.33, "size": 34.0}]}
{"t": 1776976280.070851, "events": [{"op": "delete", "side": "bid", "price": 0.63}, {"op": "delete", "side": "bid", "price": 0.62}, {"op": "set", "side": "bid", "price": 0.64, "size": 24.0}, {"op": "delete", "side": "ask", "price": 0.32}]}
{"t": 1776976281.087897, "events": [{"op": "set", "side": "bid", "price": 0.64, "size": 357.0}, {"op": "set", "side": "bid", "price": 0.65, "size": 723.0}, {"op": "set", "side": "ask", "price": 0.34, "size": 224.16999999999996}, {"op": "set", "side": "ask", "price": 0.33, "size": 204.0}]}
{"t": 1776976284.125754, "events": [{"op": "set", "side": "bid", "price": 0.65, "size": 746.0}, {"op": "set", "side": "bid", "price": 0.64, "size": 333.0}, {"op": "set", "side": "ask", "price": 0.31, "size": 37.0}, {"op": "set", "side": "ask", "price": 0.33, "size": 170.0}]}
{"t": 1776976285.139929, "events": [{"op": "set", "side": "bid", "price": 0.65, "size": 23.0}, {"op": "delete", "side": "bid", "price": 0.64}, {"op": "set", "side": "ask", "price": 0.34, "size": 64.16999999999996}, {"op": "delete", "side": "ask", "price": 0.33}]}
{"t": 1776976287.161626, "events": [{"op": "set", "side": "bid", "price": 0.65, "size": 356.0}, {"op": "set", "side": "ask", "price": 0.34, "size": 731.17}, {"op": "set", "side": "ask", "price": 0.31, "size": 184.0}]}
{"t": 1776976288.1785212, "events": [{"op": "set", "side": "bid", "price": 0.65, "size": 1078.0}]}
{"t": 1776976289.1844962, "events": [{"op": "set", "side": "ask", "price": 0.31, "size": 147.0}]}
{"t": 1776976290.196137, "events": [{"op": "set", "side": "ask", "price": 0.32, "size": 33.0}]}
{"t": 1776976301.276474, "events": [{"op": "delete", "side": "bid", "price": 0.65}, {"op": "delete", "side": "bid", "price": 0.02}, {"op": "set", "side": "bid", "price": 0.32, "size": 47.0}, {"op": "set", "side": "bid", "price": 0.62, "size": 26.0}, {"op": "set", "side": "ask", "price": 0.34, "size": 64.16999999999996}, {"op": "delete", "side": "ask", "price": 0.31}]}
{"t": 1776976303.3065321, "events": [{"op": "set", "side": "ask", "price": 0.3, "size": 159.0}, {"op": "delete", "side": "ask", "price": 0.32}, {"op": "set", "side": "ask", "price": 0.02, "size": 151.0}]}
{"t": 1776976304.313708, "events": [{"op": "set", "side": "ask", "price": 0.31, "size": 39.0}]}
{"t": 1776976305.355718, "events": [{"op": "set", "side": "bid", "price": 0.62, "size": 333.0}, {"op": "set", "side": "bid", "price": 0.63, "size": 721.0}, {"op": "set", "side": "bid", "price": 0.64, "size": 23.0}, {"op": "set", "side": "ask", "price": 0.34, "size": 731.17}, {"op": "set", "side": "ask", "price": 0.32, "size": 150.0}]}
{"t": 1776976307.3653572, "events": [{"op": "set", "side": "bid", "price": 0.64, "size": 356.0}, {"op": "delete", "side": "bid", "price": 0.63}, {"op": "delete", "side": "bid", "price": 0.62}, {"op": "set", "side": "bid", "price": 0.65, "size": 721.0}, {"op": "delete", "side": "ask", "price": 0.32}, {"op": "set", "side": "ask", "price": 0.34, "size": 474.16999999999996}, {"op": "set", "side": "ask", "price": 0.31, "size": 597.0}]}
{"t": 1776976308.374354, "events": [{"op": "set", "side": "bid", "price": 0.64, "size": 333.0}, {"op": "set", "side": "ask", "price": 0.31, "size": 558.0}]}
{"t": 1776976309.386129, "events": [{"op": "set", "side": "bid", "price": 0.65, "size": 744.0}, {"op": "set", "side": "ask", "price": 0.32, "size": 34.0}]}
{"t": 1776976313.409361, "events": [{"op": "delete", "side": "ask", "price": 0.32}]}
{"t": 1776976314.4200819, "events": [{"op": "set", "side": "ask", "price": 0.32, "size": 34.0}]}
{"t": 1776976318.442741, "events": [{"op": "delete", "side": "ask", "price": 0.32}]}
{"t": 1776976319.457519, "events": [{"op": "set", "side": "ask", "price": 0.32, "size": 34.0}]}
{"t": 1776976323.4797351, "events": [{"op": "set", "side": "bid", "price": 0.65, "size": 356.0}, {"op": "delete", "side": "bid", "price": 0.64}, {"op": "set", "side": "ask", "price": 0.34, "size": 344.16999999999996}, {"op": "delete", "side": "ask", "price": 0.31}]}
{"t": 1776976324.50117, "events": [{"op": "set", "side": "bid", "price": 0.65, "size": 1023.0}, {"op": "set", "side": "ask", "price": 0.32, "size": 391.0}]}
{"t": 1776976325.519989, "events": [{"op": "set", "side": "ask", "price": 0.32, "size": 357.0}, {"op": "set", "side": "ask", "price": 0.31, "size": 37.0}]}
{"t": 1776976332.56369, "events": [{"op": "set", "side": "bid", "price": 0.65, "size": 23.0}, {"op": "set", "side": "ask", "price": 0.3, "size": 206.0}, {"op": "delete", "side": "ask", "price": 0.32}, {"op": "set", "side": "ask", "price": 0.34, "size": 269.16999999999996}, {"op": "set", "side": "ask", "price": 0.02, "size": 100.0}]}
{"t": 1776976333.587355, "events": [{"op": "set", "side": "bid", "price": 0.65, "size": 1000.0}, {"op": "set", "side": "bid", "price": 0.62, "size": 25.0}, {"op": "set", "side": "ask", "price": 0.31, "size": 240.0}]}
{"t": 1776976334.603316, "events": [{"op": "set", "side": "ask", "price": 0.32, "size": 34.0}]}
{"t": 1776976335.619046, "events": [{"op": "delete", "side": "bid", "price": 0.65}, {"op": "set", "side": "ask", "price": 0.34, "size": 196.16999999999996}, {"op": "delete", "side": "ask", "price": 0.31}]}
{"t": 1776976336.625223, "events": [{"op": "set", "side": "bid", "price": 0.62, "size": 358.0}, {"op": "set", "side": "bid", "price": 0.63, "size": 719.0}, {"op": "set", "side": "ask", "price": 0.3, "size": 382.0}, {"op": "set", "side": "ask", "price": 0.34, "size": 215.16999999999996}]}
{"t": 1776976339.6474261, "events": [{"op": "set", "side": "bid", "price": 0.63, "size": 667.0}, {"op": "set", "side": "bid", "price": 0.62, "size": 333.0}, {"op": "set", "side": "ask", "price": 0.3, "size": 206.0}, {"op": "delete", "side": "ask", "price": 0.32}, {"op": "set", "side": "ask", "price": 0.34, "size": 199.16999999999996}]}
{"t": 1776976340.6580539, "events": [{"op": "delete", "side": "bid", "price": 0.63}, {"op": "delete", "side": "bid", "price": 0.62}, {"op": "set", "side": "bid", "price": 0.64, "size": 24.0}, {"op": "set", "side": "ask", "price": 0.34, "size": 83.16999999999996}, {"op": "set", "side": "ask", "price": 0.31, "size": 38.0}]}
{"t": 1776976341.674314, "events": [{"op": "set", "side": "ask", "price": 0.34, "size": 180.16999999999996}, {"op": "set", "side": "ask", "price": 0.32, "size": 135.0}]}
{"t": 1776976342.686982, "events": [{"op": "delete", "side": "ask", "price": 0.32}]}
{"t": 1776976343.692986, "events": [{"op": "set", "side": "bid", "price": 0.64, "size": 357.0}, {"op": "set", "side": "bid", "price": 0.65, "size": 719.0}, {"op": "set", "side": "ask", "price": 0.34, "size": 209.16999999999996}, {"op": "set", "side": "ask", "price": 0.31, "size": 169.0}]}
{"t": 1776976344.703347, "events": [{"op": "set", "side": "bid", "price": 0.65, "size": 24.0}, {"op": "delete", "side": "bid", "price": 0.64}, {"op": "set", "side": "ask", "price": 0.34, "size": 83.16999999999996}, {"op": "delete", "side": "ask", "price": 0.31}, {"op": "set", "side": "ask", "price": 0.32, "size": 32.0}]}
{"t": 1776976348.738213, "events": [{"op": "set", "side": "bid", "price": 0.65, "size": 357.0}, {"op": "set", "side": "ask", "price": 0.32, "size": 208.0}, {"op": "set", "side": "ask", "price": 0.34, "size": 731.17}]}
{"t": 1776976350.768629, "events": [{"op": "set", "side": "bid", "price": 0.65, "size": 1076.0}, {"op": "set", "side": "ask", "price": 0.32, "size": 176.0}]}
{"t": 1776976351.775647, "events": [{"op": "delete", "side": "bid", "price": 0.65}, {"op": "delete", "side": "ask", "price": 0.32}, {"op": "set", "side": "ask", "price": 0.34, "size": 64.16999999999996}]}
{"t": 1776976352.80179, "events": [{"op": "set", "side": "bid", "price": 0.62, "size": 26.0}, {"op": "set", "side": "ask", "price": 0.31, "size": 39.0}]}
{"t": 1776976355.830212, "events": [{"op": "set", "side": "bid", "price": 0.62, "size": 359.0}, {"op": "set", "side": "bid", "price": 0.63, "size": 718.0}, {"op": "set", "side": "ask", "price": 0.34, "size": 731.17}, {"op": "set", "side": "ask", "price": 0.31, "size": 144.0}]}
{"t": 1776976356.839608, "events": [{"op": "set", "side": "bid", "price": 0.62, "size": 333.0}, {"op": "set", "side": "bid", "price": 0.64, "size": 23.0}, {"op": "set", "side": "ask", "price": 0.32, "size": 38.0}]}
{"t": 1776976359.87871, "events": [{"op": "delete", "side": "bid", "price": 0.63}, {"op": "delete", "side": "bid", "price": 0.62}, {"op": "delete", "side": "ask", "price": 0.31}]}
{"t": 1776976360.895073, "events": [{"op": "set", "side": "bid", "price": 0.64, "size": 333.0}, {"op": "set", "side": "bid", "price": 0.65, "size": 718.0}, {"op": "set", "side": "ask", "price": 0.32, "size": 576.0}, {"op": "set", "side": "ask", "price": 0.34, "size": 485.16999999999996}]}
{"t": 1776976362.91397, "events": [{"op": "set", "side": "bid", "price": 0.65, "size": 355.0}, {"op": "delete", "side": "bid", "price": 0.64}, {"op": "delete", "side": "ask", "price": 0.32}, {"op": "set", "side": "ask", "price": 0.34, "size": 373.16999999999996}, {"op": "set", "side": "ask", "price": 0.33, "size": 30.0}]}
{"t": 1776976363.930155, "events": [{"op": "set", "side": "bid", "price": 0.65, "size": 1022.0}, {"op": "set", "side": "ask", "price": 0.33, "size": 417.0}]}
{"t": 1776976364.937811, "events": [{"op": "set", "side": "ask", "price": 0.33, "size": 387.0}]}
{"t": 1776976365.9445639, "events": [{"op": "set", "side": "ask", "price": 0.31, "size": 37.0}]}
{"t": 1776976370.9749482, "events": [{"op": "delete", "side": "ask", "price": 0.31}]}
{"t": 1776976371.985274, "events": [{"op": "set", "side": "ask", "price": 0.31, "size": 37.0}]}
{"t": 1776976375.010626, "events": [{"op": "delete", "side": "ask", "price": 0.31}]}
{"t": 1776976376.01981, "events": [{"op": "set", "side": "ask", "price": 0.31, "size": 37.0}]}
{"t": 1776976385.0620549, "events": [{"op": "delete", "side": "ask", "price": 0.31}]}
{"t": 1776976386.068693, "events": [{"op": "set", "side": "ask", "price": 0.31, "size": 37.0}]}
{"t": 1776976390.085834, "events": [{"op": "delete", "side": "bid", "price": 0.65}, {"op": "set", "side": "ask", "price": 0.34, "size": 285.16999999999996}, {"op": "set", "side": "ask", "price": 0.31, "size": 265.0}, {"op": "delete", "side": "ask", "price": 0.33}]}
{"t": 1776976391.098208, "events": [{"op": "set", "side": "bid", "price": 0.65, "size": 1000.0}, {"op": "set", "side": "bid", "price": 0.62, "size": 27.0}, {"op": "set", "side": "ask", "price": 0.34, "size": 304.16999999999996}, {"op": "set", "side": "ask", "price": 0.32, "size": 34.0}]}
{"t": 1776976393.108543, "events": [{"op": "delete", "side": "bid", "price": 0.65}, {"op": "set", "side": "ask", "price": 0.34, "size": 259.16999999999996}, {"op": "delete", "side": "ask", "price": 0.31}]}
{"t": 1776976394.119156, "events": [{"op": "set", "side": "bid", "price": 0.62, "size": 360.0}, {"op": "set", "side": "bid", "price": 0.63, "size": 716.0}, {"op": "set", "side": "ask", "price": 0.32, "size": 234.0}]}
{"t": 1776976395.125777, "events": [{"op": "set", "side": "bid", "price": 0.62, "size": 333.0}, {"op": "delete", "side": "bid", "price": 0.32}, {"op": "set", "side": "bid", "price": 0.02, "size": 46.0}, {"op": "set", "side": "ask", "price": 0.32, "size": 200.0}]}
{"t": 1776976396.130979, "events": [{"op": "set", "side": "bid", "price": 0.64, "size": 23.0}, {"op": "set", "side": "ask", "price": 0.33, "size": 35.0}]}
{"t": 1776976400.151349, "events": [{"op": "delete", "side": "ask", "price": 0.33}]}
{"t": 1776976401.163003, "events": [{"op": "set", "side": "ask", "price": 0.33, "size": 35.0}]}
{"t": 1776976405.183253, "events": [{"op": "delete", "side": "ask", "price": 0.33}]}
{"t": 1776976406.18958, "events": [{"op": "set", "side": "ask", "price": 0.33, "size": 35.0}]}
{"t": 1776976415.243485, "events": [{"op": "delete", "side": "bid", "price": 0.64}, {"op": "delete", "side": "bid", "price": 0.63}, {"op": "delete", "side": "bid", "price": 0.62}, {"op": "delete", "side": "ask", "price": 0.32}, {"op": "delete", "side": "ask", "price": 0.33}]}
{"t": 1776976416.25911, "events": [{"op": "set", "side": "bid", "price": 0.64, "size": 333.0}, {"op": "set", "side": "bid", "price": 0.65, "size": 715.0}, {"op": "set", "side": "bid", "price": 0.62, "size": 25.0}, {"op": "set", "side": "ask", "price": 0.34, "size": 238.16999999999996}, {"op": "set", "side": "ask", "price": 0.31, "size": 40.0}, {"op": "set", "side": "ask", "price": 0.33, "size": 191.0}]}
{"t": 1776976420.296268, "events": [{"op": "delete", "side": "bid", "price": 0.62}, {"op": "delete", "side": "bid", "price": 0.02}, {"op": "set", "side": "bid", "price": 0.32, "size": 45.0}, {"op": "delete", "side": "ask", "price": 0.31}]}
{"t": 1776976421.30323, "events": [{"op": "set", "side": "bid", "price": 0.65, "size": 738.0}, {"op": "set", "side": "ask", "price": 0.31, "size": 38.0}]}
{"t": 1776976423.3098712, "events": [{"op": "set", "side": "bid", "price": 0.65, "size": 1023.0}, {"op": "delete", "side": "bid", "price": 0.64}, {"op": "set", "side": "ask", "price": 0.34, "size": 213.16999999999996}, {"op": "set", "side": "ask", "price": 0.31, "size": 190.0}, {"op": "delete", "side": "ask", "price": 0.33}]}
{"t": 1776976425.340163, "events": [{"op": "delete", "side": "bid", "price": 0.65}, {"op": "set", "side": "bid", "price": 0.62, "size": 26.0}, {"op": "set", "side": "ask", "price": 0.3, "size": 159.0}, {"op": "set", "side": "ask", "price": 0.34, "size": 64.16999999999996}, {"op": "set", "side": "ask", "price": 0.02, "size": 150.0}, {"op": "set", "side": "ask", "price": 0.31, "size": 39.0}]}
{"t": 1776976428.364198, "events": [{"op": "set", "side": "bid", "price": 0.62, "size": 359.0}, {"op": "set", "side": "bid", "price": 0.63, "size": 714.0}, {"op": "set", "side": "ask", "price": 0.34, "size": 731.17}, {"op": "set", "side": "ask", "price": 0.31, "size": 180.0}]}
{"t": 1776976430.376935, "events": [{"op": "set", "side": "bid", "price": 0.62, "size": 333.0}, {"op": "set", "side": "ask", "price": 0.31, "size": 141.0}]}
{"t": 1776976431.391558, "events": [{"op": "set", "side": "bid", "price": 0.63, "size": 667.0}, {"op": "set", "side": "bid", "price": 0.64, "size": 23.0}, {"op": "set", "side": "ask", "price": 0.34, "size": 526.17}, {"op": "set", "side": "ask", "price": 0.31, "size": 570.0}, {"op": "set", "side": "ask", "price": 0.32, "size": 37.0}]}
{"t": 1776976435.41402, "events": [{"op": "delete", "side": "ask", "price": 0.32}]}
{"t": 1776976436.4190028, "events": [{"op": "delete", "side": "bid", "price": 0.64}, {"op": "delete", "side": "bid", "price": 0.63}, {"op": "delete", "side": "bid", "price": 0.62}, {"op": "set", "side": "ask", "price": 0.34, "size": 303.16999999999996}, {"op": "delete", "side": "ask", "price": 0.31}, {"op": "set", "side": "ask", "price": 0.32, "size": 37.0}]}
{"t": 1776976437.425882, "events": [{"op": "set", "side": "bid", "price": 0.64, "size": 333.0}, {"op": "set", "side": "bid", "price": 0.65, "size": 714.0}, {"op": "set", "side": "bid", "price": 0.62, "size": 25.0}, {"op": "set", "side": "ask", "price": 0.3, "size": 546.0}]}
{"t": 1776976438.4467258, "events": [{"op": "delete", "side": "bid", "price": 0.65}, {"op": "delete", "side": "bid", "price": 0.64}, {"op": "set", "side": "bid", "price": 0.62, "size": 358.0}, {"op": "set", "side": "bid", "price": 0.63, "size": 714.0}, {"op": "set", "side": "ask", "price": 0.3, "size": 159.0}, {"op": "set", "side": "ask", "price": 0.32, "size": 270.0}, {"op": "set", "side": "ask", "price": 0.34, "size": 435.16999999999996}]}
{"t": 1776976440.468045, "events": [{"op": "set", "side": "bid", "price": 0.62, "size": 333.0}, {"op": "set", "side": "bid", "price": 0.64, "size": 23.0}, {"op": "set", "side": "ask", "price": 0.32, "size": 233.0}, {"op": "set", "side": "ask", "price": 0.33, "size": 34.0}]}
{"t": 1776976442.480271, "events": [{"op": "set", "side": "bid", "price": 0.64, "size": 356.0}, {"op": "delete", "side": "bid", "price": 0.63}, {"op": "delete", "side": "bid", "price": 0.62}, {"op": "set", "side": "bid", "price": 0.65, "size": 713.0}, {"op": "delete", "side": "ask", "price": 0.32}, {"op": "set", "side": "ask", "price": 0.34, "size": 343.16999999999996}, {"op": "set", "side": "ask", "price": 0.33, "size": 385.0}]}
{"t": 1776976443.4918458, "events": [{"op": "set", "side": "bid", "price": 0.65, "size": 667.0}, {"op": "set", "side": "ask", "price": 0.34, "size": 437.16999999999996}, {"op": "set", "side": "ask", "price": 0.33, "size": 325.0}]}
{"t": 1776976445.5077739, "events": [{"op": "set", "side": "bid", "price": 0.65, "size": 690.0}, {"op": "set", "side": "bid", "price": 0.64, "size": 333.0}, {"op": "set", "side": "ask", "price": 0.31, "size": 37.0}, {"op": "set", "side": "ask", "price": 0.33, "size": 291.0}]}
{"t": 1776976450.5300539, "events": [{"op": "delete", "side": "ask", "price": 0.31}]}
{"t": 1776976451.535392, "events": [{"op": "set", "side": "bid", "price": 0.65, "size": 356.0}, {"op": "delete", "side": "bid", "price": 0.64}, {"op": "set", "side": "ask", "price": 0.3, "size": 209.0}, {"op": "set", "side": "ask", "price": 0.34, "size": 265.16999999999996}, {"op": "set", "side": "ask", "price": 0.02, "size": 100.0}, {"op": "set", "side": "ask", "price": 0.31, "size": 37.0}, {"op": "delete", "side": "ask", "price": 0.33}]}
{"t": 1776976452.543754, "events": [{"op": "set", "side": "ask", "price": 0.3, "size": 523.0}]}
{"t": 1776976453.5542011, "events": [{"op": "set", "side": "bid", "price": 0.65, "size": 1023.0}]}
{"t": 1776976455.5719721, "events": [{"op": "set", "side": "bid", "price": 0.65, "size": 1000.0}, {"op": "set", "side": "bid", "price": 0.62, "size": 25.0}, {"op": "set", "side": "ask", "price": 0.3, "size": 209.0}, {"op": "set", "side": "ask", "price": 0.34, "size": 380.16999999999996}, {"op": "set", "side": "ask", "price": 0.31, "size": 231.0}]}
{"t": 1776976457.590011, "events": [{"op": "delete", "side": "bid", "price": 0.65}]}
{"t": 1776976459.62, "events": [{"op": "set", "side": "ask", "price": 0.34, "size": 375.16999999999996}]}
{"t": 1776976460.625124, "events": [{"op": "set", "side": "bid", "price": 0.62, "size": 333.0}, {"op": "set", "side": "bid", "price": 0.63, "size": 713.0}, {"op": "set", "side": "ask", "price": 0.31, "size": 283.0}, {"op": "set", "side": "ask", "price": 0.32, "size": 36.0}]}
{"t": 1776976461.631319, "events": [{"op": "delete", "side": "bid", "price": 0.63}, {"op": "set", "side": "bid", "price": 0.64, "size": 24.0}, {"op": "set", "side": "ask", "price": 0.34, "size": 291.16999999999996}, {"op": "delete", "side": "ask", "price": 0.31}]}
{"t": 1776976462.638276, "events": [{"op": "set", "side": "bid", "price": 0.62, "size": 1000.0}, {"op": "set", "side": "ask", "price": 0.32, "size": 311.0}]}
{"t": 1776976465.66493, "events": [{"op": "delete", "side": "bid", "price": 0.64}, {"op": "set", "side": "bid", "price": 0.62, "size": 26.0}, {"op": "delete", "side": "bid", "price": 0.32}, {"op": "set", "side": "bid", "price": 0.02, "size": 43.0}, {"op": "delete", "side": "ask", "price": 0.32}, {"op": "set", "side": "ask", "price": 0.34, "size": 64.16999999999996}, {"op": "set", "side": "ask", "price": 0.31, "size": 39.0}]}
{"t": 1776976467.6886039, "events": [{"op": "set", "side": "bid", "price": 0.62, "size": 359.0}, {"op": "set", "side": "bid", "price": 0.63, "size": 712.0}, {"op": "set", "side": "ask", "price": 0.34, "size": 731.17}, {"op": "set", "side": "ask", "price": 0.31, "size": 178.0}]}
{"t": 1776976470.713255, "events": [{"op": "set", "side": "bid", "price": 0.62, "size": 333.0}, {"op": "set", "side": "bid", "price": 0.64, "size": 24.0}, {"op": "set", "side": "ask", "price": 0.31, "size": 139.0}, {"op": "set", "side": "ask", "price": 0.32, "size": 36.0}]}
{"t": 1776976472.725442, "events": [{"op": "set", "side": "bid", "price": 0.64, "size": 357.0}, {"op": "delete", "side": "bid", "price": 0.63}, {"op": "delete", "side": "bid", "price": 0.62}, {"op": "set", "side": "bid", "price": 0.65, "size": 712.0}, {"op": "set", "side": "ask", "price": 0.32, "size": 616.0}, {"op": "set", "side": "ask", "price": 0.34, "size": 485.16999999999996}, {"op": "delete", "side": "ask", "price": 0.31}]}
{"t": 1776976474.742902, "events": [{"op": "set", "side": "bid", "price": 0.64, "size": 333.0}, {"op": "set", "side": "ask", "price": 0.32, "size": 580.0}]}
{"t": 1776976475.752197, "events": [{"op": "set", "side": "bid", "price": 0.65, "size": 735.0}, {"op": "set", "side": "ask", "price": 0.31, "size": 37.0}]}
{"t": 1776976477.761339, "events": [{"op": "set", "side": "bid", "price": 0.65, "size": 23.0}, {"op": "delete", "side": "bid", "price": 0.64}, {"op": "delete", "side": "ask", "price": 0.32}, {"op": "set", "side": "ask", "price": 0.34, "size": 64.16999999999996}]}
{"t": 1776976479.7830348, "events": [{"op": "delete", "side": "bid", "price": 0.65}, {"op": "delete", "side": "ask", "price": 0.31}]}
{"t": 1776976480.793513, "events": [{"op": "set", "side": "bid", "price": 0.62, "size": 1026.0}, {"op": "set", "side": "ask", "price": 0.3, "size": 296.0}, {"op": "set", "side": "ask", "price": 0.34, "size": 731.17}, {"op": "set", "side": "ask", "price": 0.31, "size": 38.0}]}
{"t": 1776976481.809105, "events": [{"op": "set", "side": "ask", "price": 0.02, "size": 149.0}]}
{"t": 1776976484.820907, "events": [{"op": "set", "side": "bid", "price": 0.62, "size": 26.0}, {"op": "set", "side": "ask", "price": 0.3, "size": 159.0}, {"op": "set", "side": "ask", "price": 0.34, "size": 524.17}]}
{"t": 1776976485.858399, "events": [{"op": "delete", "side": "bid", "price": 0.62}, {"op": "set", "side": "bid", "price": 0.63, "size": 1000.0}, {"op": "set", "side": "ask", "price": 0.31, "size": 620.0}]}
{"t": 1776976486.877176, "events": [{"op": "set", "side": "bid", "price": 0.64, "size": 24.0}]}
{"t": 1776976489.887844, "events": [{"op": "set", "side": "ask", "price": 0.31, "size": 581.0}]}
{"t": 1776976490.901129, "events": [{"op": "delete", "side": "bid", "price": 0.64}, {"op": "delete", "side": "bid", "price": 0.63}, {"op": "delete", "side": "bid", "price": 0.02}, {"op": "set", "side": "bid", "price": 0.32, "size": 33.0}, {"op": "delete", "side": "ask", "price": 0.31}, {"op": "set", "side": "ask", "price": 0.32, "size": 37.0}]}
{"t": 1776976491.914994, "events": [{"op": "set", "side": "bid", "price": 0.62, "size": 26.0}, {"op": "set", "side": "ask", "price": 0.34, "size": 302.16999999999996}]}
{"t": 1776976492.923475, "events": [{"op": "set", "side": "bid", "price": 0.64, "size": 333.0}, {"op": "set", "side": "bid", "price": 0.65, "size": 711.0}, {"op": "set", "side": "ask", "price": 0.3, "size": 546.0}]}
{"t": 1776976495.9455118, "events": [{"op": "set", "side": "bid", "price": 0.65, "size": 734.0}, {"op": "delete", "side": "bid", "price": 0.62}, {"op": "delete", "side": "ask", "price": 0.32}, {"op": "set", "side": "ask", "price": 0.31, "size": 37.0}]}
{"t": 1776976499.969461, "events": [{"op": "delete", "side": "ask", "price": 0.31}]}
{"t": 1776976500.976686, "events": [{"op": "set", "side": "ask", "price": 0.31, "size": 37.0}]}
{"t": 1776976504.995602, "events": [{"op": "delete", "side": "bid", "price": 0.64}, {"op": "set", "side": "ask", "price": 0.3, "size": 159.0}, {"op": "set", "side": "ask", "price": 0.02, "size": 100.0}, {"op": "set", "side": "ask", "price": 0.31, "size": 47.0}]}
{"t": 1776976506.004798, "events": [{"op": "set", "side": "bid", "price": 0.65, "size": 356.0}, {"op": "set", "side": "ask", "price": 0.34, "size": 434.16999999999996}, {"op": "set", "side": "ask", "price": 0.31, "size": 273.0}, {"op": "set", "side": "ask", "price": 0.32, "size": 33.0}]}
{"t": 1776976507.017001, "events": [{"op": "set", "side": "bid", "price": 0.65, "size": 1023.0}]}
{"t": 1776976510.0364318, "events": [{"op": "delete", "side": "ask", "price": 0.32}]}
{"t": 1776976511.044847, "events": [{"op": "set", "side": "ask", "price": 0.32, "size": 34.0}]}
{"t": 1776976514.0667362, "events": [{"op": "delete", "side": "bid", "price": 0.27}, {"op": "set", "side": "bid", "price": 0.29, "size": 2585.0}, {"op": "set", "side": "ask", "price": 0.1, "size": 4030.0}]}
{"t": 1776976520.122738, "events": [{"op": "delete", "side": "ask", "price": 0.32}]}
{"t": 1776976521.1357608, "events": [{"op": "delete", "side": "bid", "price": 0.65}, {"op": "set", "side": "bid", "price": 0.34, "size": 32.0}, {"op": "delete", "side": "bid", "price": 0.28}, {"op": "set", "side": "bid", "price": 0.62, "size": 26.0}, {"op": "set", "side": "ask", "price": 0.34, "size": 64.16999999999996}, {"op": "set", "side": "ask", "price": 0.32, "size": 34.0}]}
{"t": 1776976522.1437619, "events": [{"op": "set", "side": "bid", "price": 0.65, "size": 1000.0}, {"op": "set", "side": "ask", "price": 0.3, "size": 424.0}, {"op": "set", "side": "ask", "price": 0.31, "size": 312.0}]}
{"t": 1776976525.156095, "events": [{"op": "delete", "side": "bid", "price": 0.62}, {"op": "delete", "side": "ask", "price": 0.32}]}
{"t": 1776976526.162179, "events": [{"op": "set", "side": "bid", "price": 0.62, "size": 27.0}, {"op": "set", "side": "ask", "price": 0.32, "size": 32.0}]}
{"t": 1776976530.176915, "events": [{"op": "delete", "side": "bid", "price": 0.62}]}
{"t": 1776976531.1844459, "events": [{"op": "set", "side": "bid", "price": 0.62, "size": 27.0}, {"op": "set", "side": "ask", "price": 0.3, "size": 473.0}, {"op": "set", "side": "ask", "price": 0.31, "size": 265.0}]}
{"t": 1776976535.199321, "events": [{"op": "delete", "side": "bid", "price": 0.62}, {"op": "delete", "side": "bid", "price": 0.32}, {"op": "set", "side": "bid", "price": 0.02, "size": 27.0}, {"op": "delete", "side": "ask", "price": 0.32}]}
{"t": 1776976536.203557, "events": [{"op": "delete", "side": "bid", "price": 0.65}, {"op": "set", "side": "bid", "price": 0.62, "size": 27.0}, {"op": "set", "side": "ask", "price": 0.3, "size": 208.0}, {"op": "delete", "side": "ask", "price": 0.31}, {"op": "set", "side": "ask", "price": 0.32, "size": 32.0}]}
{"t": 1776976537.216504, "events": [{"op": "set", "side": "ask", "price": 0.34, "size": 83.16999999999996}]}
{"t": 1776976538.221212, "events": [{"op": "set", "side": "bid", "price": 0.62, "size": 360.0}, {"op": "set", "side": "bid", "price": 0.63, "size": 752.0}, {"op": "set", "side": "ask", "price": 0.29, "size": 30039.0}, {"op": "set", "side": "ask", "price": 0.3, "size": 246.0}, {"op": "set", "side": "ask", "price": 0.32, "size": 324.0}]}
{"t": 1776976540.237312, "events": [{"op": "set", "side": "bid", "price": 0.62, "size": 333.0}, {"op": "set", "side": "ask", "price": 0.32, "size": 292.0}]}
{"t": 1776976541.245595, "events": [{"op": "set", "side": "bid", "price": 0.64, "size": 24.0}, {"op": "set", "side": "ask", "price": 0.33, "size": 31.0}]}
{"t": 1776976542.257569, "events": [{"op": "set", "side": "bid", "price": 0.63, "size": 667.0}]}
{"t": 1776976544.27052, "events": [{"op": "set", "side": "ask", "price": 0.29, "size": 30050.0}, {"op": "set", "side": "ask", "price": 0.3, "size": 258.0}, {"op": "set", "side": "ask", "price": 0.32, "size": 455.0}, {"op": "set", "side": "ask", "price": 0.34, "size": 64.16999999999996}]}
{"t": 1776976545.305117, "events": [{"op": "delete", "side": "bid", "price": 0.63}, {"op": "delete", "side": "bid", "price": 0.62}, {"op": "set", "side": "ask", "price": 0.3, "size": 246.0}, {"op": "delete", "side": "ask", "price": 0.32}]}
{"t": 1776976546.315924, "events": [{"op": "set", "side": "bid", "price": 0.64, "size": 333.0}, {"op": "set", "side": "bid", "price": 0.65, "size": 805.0}, {"op": "set", "side": "bid", "price": 0.62, "size": 26.0}, {"op": "set", "side": "ask", "price": 0.29, "size": 30042.0}, {"op": "set", "side": "ask", "price": 0.3, "size": 647.0}, {"op": "set", "side": "ask", "price": 0.33, "size": 87.0}]}
{"t": 1776976548.331649, "events": [{"op": "delete", "side": "bid", "price": 0.65}, {"op": "delete", "side": "bid", "price": 0.64}, {"op": "set", "side": "ask", "price": 0.29, "size": 30000.0}, {"op": "set", "side": "ask", "price": 0.3, "size": 588.0}]}
{"t": 1776976549.3694139, "events": [{"op": "set", "side": "bid", "price": 0.62, "size": 359.0}, {"op": "set", "side": "bid", "price": 0.63, "size": 805.0}, {"op": "set", "side": "ask", "price": 0.34, "size": 83.16999999999996}, {"op": "set", "side": "ask", "price": 0.31, "size": 42.0}]}
{"t": 1776976550.374534, "events": [{"op": "set", "side": "bid", "price": 0.62, "size": 333.0}, {"op": "set", "side": "bid", "price": 0.64, "size": 24.0}, {"op": "set", "side": "ask", "price": 0.32, "size": 35.0}, {"op": "set", "side": "ask", "price": 0.33, "size": 56.0}]}
{"t": 1776976552.38733, "events": [{"op": "delete", "side": "bid", "price": 0.63}, {"op": "delete", "side": "bid", "price": 0.62}, {"op": "set", "side": "ask", "price": 0.3, "size": 246.0}, {"op": "delete", "side": "ask", "price": 0.31}, {"op": "delete", "side": "ask", "price": 0.33}]}
{"t": 1776976553.394047, "events": [{"op": "set", "side": "bid", "price": 0.64, "size": 357.0}, {"op": "set", "side": "bid", "price": 0.65, "size": 804.0}, {"op": "set", "side": "ask", "price": 0.29, "size": 30050.0}, {"op": "set", "side": "ask", "price": 0.3, "size": 649.0}, {"op": "set", "side": "ask", "price": 0.32, "size": 100.0}]}
{"t": 1776976555.404792, "events": [{"op": "set", "side": "bid", "price": 0.64, "size": 333.0}, {"op": "set", "side": "ask", "price": 0.32, "size": 65.0}, {"op": "set", "side": "ask", "price": 0.34, "size": 64.16999999999996}]}
{"t": 1776976556.4166641, "events": [{"op": "set", "side": "bid", "price": 0.65, "size": 828.0}, {"op": "set", "side": "ask", "price": 0.31, "size": 36.0}]}
{"t": 1776976560.430049, "events": [{"op": "set", "side": "bid", "price": 0.65, "size": 357.0}, {"op": "delete", "side": "bid", "price": 0.64}, {"op": "delete", "side": "bid", "price": 0.02}, {"op": "set", "side": "bid", "price": 0.32, "size": 33.0}, {"op": "set", "side": "ask", "price": 0.29, "size": 30037.0}, {"op": "set", "side": "ask", "price": 0.3, "size": 589.0}, {"op": "delete", "side": "ask", "price": 0.32}, {"op": "set", "side": "ask", "price": 0.02, "size": 150.0}, {"op": "delete", "side": "ask", "price": 0.31}]}
{"t": 1776976561.438821, "events": [{"op": "set", "side": "bid", "price": 0.65, "size": 1024.0}, {"op": "set", "side": "ask", "price": 0.31, "size": 86.0}]}
{"t": 1776976565.468847, "events": [{"op": "delete", "side": "bid", "price": 0.34}, {"op": "set", "side": "bid", "price": 0.02, "size": 34.0}, {"op": "set", "side": "ask", "price": 0.29, "size": 30000.0}, {"op": "set", "side": "ask", "price": 0.3, "size": 299.0}, {"op": "set", "side": "ask", "price": 0.31, "size": 84.0}]}
{"t": 1776976566.4827142, "events": [{"op": "set", "side": "bid", "price": 0.65, "size": 2024.0}, {"op": "set", "side": "ask", "price": 0.31, "size": 217.0}, {"op": "set", "side": "ask", "price": 0.32, "size": 50.0}]}
{"t": 1776976569.49947, "events": [{"op": "delete", "side": "bid", "price": 0.65}, {"op": "set", "side": "ask", "price": 0.3, "size": 159.0}, {"op": "delete", "side": "ask", "price": 0.32}, {"op": "set", "side": "ask", "price": 0.31, "size": 34.0}]}
{"t": 1776976570.521151, "events": [{"op": "set", "side": "bid", "price": 0.62, "size": 26.0}, {"op": "set", "side": "ask", "price": 0.31, "size": 38.0}]}
{"t": 1776976572.538016, "events": [{"op": "set", "side": "bid", "price": 0.62, "size": 628.0}, {"op": "set", "side": "bid", "price": 0.63, "size": 667.0}, {"op": "set", "side": "ask", "price": 0.29, "size": 30037.0}, {"op": "set", "side": "ask", "price": 0.3, "size": 196.0}, {"op": "set", "side": "ask", "price": 0.31, "size": 471.0}]}
{"t": 1776976573.54511, "events": [{"op": "set", "side": "ask", "price": 0.29, "size": 30000.0}]}
{"t": 1776976574.550605, "events": [{"op": "set", "side": "bid", "price": 0.62, "size": 359.0}, {"op": "set", "side": "ask", "price": 0.3, "size": 297.0}, {"op": "set", "side": "ask", "price": 0.31, "size": 219.0}, {"op": "set", "side": "ask", "price": 0.32, "size": 50.0}]}
{"t": 1776976575.5694778, "events": [{"op": "set", "side": "bid", "price": 0.62, "size": 333.0}, {"op": "set", "side": "ask", "price": 0.31, "size": 181.0}]}
{"t": 1776976576.575867, "events": [{"op": "delete", "side": "bid", "price": 0.63}, {"op": "delete", "side": "bid", "price": 0.62}, {"op": "set", "side": "bid", "price": 0.64, "size": 25.0}, {"op": "set", "side": "ask", "price": 0.32, "size": 83.0}, {"op": "delete", "side": "ask", "price": 0.31}]}
{"t": 1776976577.582925, "events": [{"op": "set", "side": "ask", "price": 0.3, "size": 197.0}]}
{"t": 1776976578.5899022, "events": [{"op": "set", "side": "bid", "price": 0.64, "size": 625.0}, {"op": "set", "side": "bid", "price": 0.65, "size": 667.0}, {"op": "set", "side": "ask", "price": 0.29, "size": 30039.0}, {"op": "set", "side": "ask", "price": 0.32, "size": 464.0}]}
{"t": 1776976579.598368, "events": [{"op": "set", "side": "bid", "price": 0.64, "size": 358.0}, {"op": "set", "side": "ask", "price": 0.3, "size": 196.0}, {"op": "set", "side": "ask", "price": 0.32, "size": 84.0}]}
{"t": 1776976580.610691, "events": [{"op": "set", "side": "bid", "price": 0.65, "size": 692.0}, {"op": "set", "side": "bid", "price": 0.64, "size": 333.0}, {"op": "set", "side": "ask", "price": 0.29, "size": 30117.0}, {"op": "set", "side": "ask", "price": 0.3, "size": 257.0}, {"op": "set", "side": "ask", "price": 0.32, "size": 51.0}, {"op": "set", "side": "ask", "price": 0.31, "size": 35.0}]}
{"t": 1776976582.626801, "events": [{"op": "set", "side": "bid", "price": 0.65, "size": 358.0}, {"op": "delete", "side": "bid", "price": 0.64}, {"op": "set", "side": "ask", "price": 0.29, "size": 30037.0}, {"op": "set", "side": "ask", "price": 0.3, "size": 629.0}, {"op": "delete", "side": "ask", "price": 0.32}, {"op": "set", "side": "ask", "price": 0.02, "size": 100.0}, {"op": "set", "side": "ask", "price": 0.31, "size": 85.0}]}
{"t": 1776976583.6361852, "events": [{"op": "set", "side": "bid", "price": 0.65, "size": 1025.0}]}
{"t": 1776976587.65838, "events": [{"op": "set", "side": "ask", "price": 0.29, "size": 30000.0}, {"op": "set", "side": "ask", "price": 0.3, "size": 345.0}]}
{"t": 1776976588.667841, "events": [{"op": "set", "side": "bid", "price": 0.65, "size": 2025.0}, {"op": "set", "side": "ask", "price": 0.31, "size": 213.0}, {"op": "set", "side": "ask", "price": 0.32, "size": 50.0}]}
{"t": 1776976590.681835, "events": [{"op": "set", "side": "ask", "price": 0.31, "size": 212.0}]}
{"t": 1776976592.712306, "events": [{"op": "delete", "side": "bid", "price": 0.65}, {"op": "set", "side": "bid", "price": 0.33, "size": 147.0}, {"op": "delete", "side": "bid", "price": 0.02}, {"op": "set", "side": "ask", "price": 0.29, "size": 30037.0}, {"op": "set", "side": "ask", "price": 0.3, "size": 246.0}, {"op": "delete", "side": "ask", "price": 0.32}, {"op": "set", "side": "ask", "price": 0.31, "size": 458.0}]}
{"t": 1776976593.717815, "events": [{"op": "set", "side": "bid", "price": 0.65, "size": 1000.0}, {"op": "set", "side": "bid", "price": 0.62, "size": 26.0}]}
{"t": 1776976595.7320058, "events": [{"op": "set", "side": "bid", "price": 0.62, "size": 27.0}, {"op": "set", "side": "ask", "price": 0.31, "size": 424.0}, {"op": "set", "side": "ask", "price": 0.32, "size": 32.0}]}
{"t": 1776976605.780865, "events": [{"op": "delete", "side": "bid", "price": 0.65}, {"op": "set", "side": "bid", "price": 0.62, "size": 359.0}, {"op": "delete", "side": "bid", "price": 0.32}, {"op": "set", "side": "bid", "price": 0.63, "size": 796.0}, {"op": "set", "side": "bid", "price": 0.02, "size": 36.0}, {"op": "delete", "side": "ask", "price": 0.32}, {"op": "delete", "side": "ask", "price": 0.31}]}
{"t": 1776976606.794375, "events": [{"op": "set", "side": "ask", "price": 0.29, "size": 30039.0}, {"op": "set", "side": "ask", "price": 0.3, "size": 620.0}, {"op": "set", "side": "ask", "price": 0.31, "size": 38.0}, {"op": "set", "side": "ask", "price": 0.32, "size": 51.0}]}
{"t": 1776976607.800011, "events": [{"op": "set", "side": "bid", "price": 0.63, "size": 667.0}, {"op": "set", "side": "ask", "price": 0.29, "size": 30037.0}, {"op": "set", "side": "ask", "price": 0.3, "size": 619.0}, {"op": "delete", "side": "ask", "price": 0.32}, {"op": "set", "side": "ask", "price": 0.31, "size": 88.0}]}
{"t": 1776976610.818959, "events": [{"op": "set", "side": "bid", "price": 0.62, "size": 333.0}, {"op": "set", "side": "bid", "price": 0.64, "size": 24.0}, {"op": "set", "side": "ask", "price": 0.31, "size": 50.0}, {"op": "set", "side": "ask", "price": 0.32, "size": 36.0}]}
{"t": 1776976619.87493, "events": [{"op": "delete", "side": "ask", "price": 0.32}]}
{"t": 1776976620.890514, "events": [{"op": "set", "side": "ask", "price": 0.32, "size": 36.0}]}
{"t": 1776976624.9222841, "events": [{"op": "set", "side": "bid", "price": 0.64, "size": 333.0}, {"op": "delete", "side": "bid", "price": 0.63}, {"op": "delete", "side": "bid", "price": 0.62}, {"op": "set", "side": "bid", "price": 0.65, "size": 818.0}, {"op": "set", "side": "ask", "price": 0.29, "size": 30039.0}, {"op": "set", "side": "ask", "price": 0.3, "size": 612.0}, {"op": "set", "side": "ask", "price": 0.32, "size": 87.0}, {"op": "delete", "side": "ask", "price": 0.31}]}
{"t": 1776976625.935311, "events": [{"op": "set", "side": "ask", "price": 0.3, "size": 562.0}, {"op": "set", "side": "ask", "price": 0.32, "size": 51.0}, {"op": "set", "side": "ask", "price": 0.02, "size": 153.0}, {"op": "set", "side": "ask", "price": 0.31, "size": 36.0}]}
{"t": 1776976627.946018, "events": [{"op": "set", "side": "bid", "price": 0.65, "size": 24.0}, {"op": "delete", "side": "bid", "price": 0.64}, {"op": "set", "side": "ask", "price": 0.29, "size": 30000.0}, {"op": "set", "side": "ask", "price": 0.3, "size": 159.0}, {"op": "delete", "side": "ask", "price": 0.32}]}
{"t": 1776976629.966581, "events": [{"op": "delete", "side": "ask", "price": 0.31}]}
{"t": 1776976630.9735959, "events": [{"op": "delete", "side": "bid", "price": 0.65}, {"op": "set", "side": "bid", "price": 0.34, "size": 34.0}, {"op": "delete", "side": "bid", "price": 0.02}, {"op": "set", "side": "bid", "price": 0.62, "size": 26.0}, {"op": "set", "side": "ask", "price": 0.31, "size": 39.0}]}
{"t": 1776976632.999614, "events": [{"op": "set", "side": "bid", "price": 0.65, "size": 1126.0}, {"op": "set", "side": "ask", "price": 0.29, "size": 30037.0}, {"op": "set", "side": "ask", "price": 0.3, "size": 196.0}, {"op": "set", "side": "ask", "price": 0.31, "size": 447.0}]}
{"t": 1776976636.012798, "events": [{"op": "delete", "side": "bid", "price": 0.65}, {"op": "set", "side": "bid", "price": 0.62, "size": 28.0}, {"op": "set", "side": "ask", "price": 0.29, "size": 30000.0}, {"op": "set", "side": "ask", "price": 0.31, "size": 442.0}]}
{"t": 1776976637.021386, "events": [{"op": "set", "side": "bid", "price": 0.62, "size": 361.0}, {"op": "set", "side": "bid", "price": 0.33, "size": 116.0}, {"op": "set", "side": "bid", "price": 0.63, "size": 792.0}, {"op": "set", "side": "bid", "price": 0.3, "size": 32.0}, {"op": "set", "side": "ask", "price": 0.3, "size": 287.0}, {"op": "set", "side": "ask", "price": 0.31, "size": 203.0}, {"op": "set", "side": "ask", "price": 0.32, "size": 50.0}]}
{"t": 1776976640.0406752, "events": [{"op": "set", "side": "bid", "price": 0.62, "size": 333.0}, {"op": "set", "side": "ask", "price": 0.31, "size": 169.0}]}
{"t": 1776976641.045354, "events": [{"op": "set", "side": "bid", "price": 0.64, "size": 25.0}, {"op": "set", "side": "ask", "price": 0.32, "size": 85.0}]}
{"t": 1776976644.067719, "events": [{"op": "set", "side": "bid", "price": 0.64, "size": 775.0}]}
{"t": 1776976645.071788, "events": [{"op": "set", "side": "ask", "price": 0.32, "size": 83.0}]}
{"t": 1776976648.087174, "events": [{"op": "delete", "side": "bid", "price": 0.63}, {"op": "delete", "side": "bid", "price": 0.62}, {"op": "set", "side": "bid", "price": 0.65, "size": 1000.0}, {"op": "set", "side": "ask", "price": 0.29, "size": 30039.0}, {"op": "set", "side": "ask", "price": 0.3, "size": 251.0}, {"op": "set", "side": "ask", "price": 0.32, "size": 330.0}, {"op": "set", "side": "ask", "price": 0.02, "size": 100.0}, {"op": "delete", "side": "ask", "price": 0.31}]}
{"t": 1776976649.094667, "events": [{"op": "set", "side": "bid", "price": 0.65, "size": 1024.0}, {"op": "set", "side": "bid", "price": 0.64, "size": 750.0}]}
{"t": 1776976650.106755, "events": [{"op": "set", "side": "bid", "price": 0.65, "size": 24.0}, {"op": "set", "side": "ask", "price": 0.3, "size": 250.0}, {"op": "set", "side": "ask", "price": 0.32, "size": 51.0}]}
{"t": 1776976651.118593, "events": [{"op": "set", "side": "bid", "price": 0.65, "size": 1024.0}, {"op": "set", "side": "ask", "price": 0.29, "size": 30087.0}, {"op": "set", "side": "ask", "price": 0.3, "size": 287.0}, {"op": "set", "side": "ask", "price": 0.31, "size": 37.0}]}
{"t": 1776976653.130749, "events": [{"op": "set", "side": "ask", "price": 0.29, "size": 30037.0}, {"op": "set", "side": "ask", "price": 0.3, "size": 604.0}, {"op": "delete", "side": "ask", "price": 0.32}, {"op": "set", "side": "ask", "price": 0.31, "size": 87.0}]}
{"t": 1776976655.139762, "events": [{"op": "set", "side": "ask", "price": 0.31, "size": 50.0}]}
{"t": 1776976656.145735, "events": [{"op": "set", "side": "ask", "price": 0.32, "size": 31.0}]}
{"t": 1776976657.155742, "events": [{"op": "delete", "side": "bid", "price": 0.57}]}
{"t": 1776976658.1601331, "events": [{"op": "set", "side": "bid", "price": 0.57, "size": 16.0}]}
{"t": 1776976660.164791, "events": [{"op": "set", "side": "ask", "price": 0.29, "size": 30039.0}, {"op": "set", "side": "ask", "price": 0.3, "size": 602.0}, {"op": "set", "side": "ask", "price": 0.32, "size": 82.0}, {"op": "delete", "side": "ask", "price": 0.31}]}
{"t": 1776976661.1799512, "events": [{"op": "set", "side": "ask", "price": 0.32, "size": 51.0}]}
{"t": 1776976662.1883461, "events": [{"op": "set", "side": "ask", "price": 0.31, "size": 36.0}]}
{"t": 1776976665.228876, "events": [{"op": "delete", "side": "ask", "price": 0.31}]}
{"t": 1776976666.242671, "events": [{"op": "set", "side": "ask", "price": 0.31, "size": 36.0}]}
{"t": 1776976670.27538, "events": [{"op": "delete", "side": "ask", "price": 0.31}]}
{"t": 1776976671.281625, "events": [{"op": "set", "side": "ask", "price": 0.31, "size": 36.0}]}
{"t": 1776976675.3047261, "events": [{"op": "delete", "side": "ask", "price": 0.31}]}
{"t": 1776976676.313505, "events": [{"op": "set", "side": "ask", "price": 0.31, "size": 36.0}]}
{"t": 1776976680.334271, "events": [{"op": "delete", "side": "ask", "price": 0.31}]}
{"t": 1776976681.3585122, "events": [{"op": "set", "side": "ask", "price": 0.31, "size": 36.0}]}
{"t": 1776976688.379301, "events": [{"op": "set", "side": "bid", "price": 0.65, "size": 24.0}, {"op": "delete", "side": "bid", "price": 0.34}, {"op": "delete", "side": "bid", "price": 0.3}, {"op": "set", "side": "bid", "price": 0.02, "size": 15.0}, {"op": "set", "side": "bid", "price": 0.32, "size": 50.0}, {"op": "set", "side": "ask", "price": 0.29, "size": 30037.0}, {"op": "set", "side": "ask", "price": 0.3, "size": 591.0}, {"op": "delete", "side": "ask", "price": 0.32}]}
{"t": 1776976689.3868952, "events": [{"op": "set", "side": "bid", "price": 0.65, "size": 1024.0}, {"op": "set", "side": "ask", "price": 0.31, "size": 86.0}]}
{"t": 1776976690.397115, "events": [{"op": "set", "side": "ask", "price": 0.31, "size": 50.0}]}
{"t": 1776976691.417778, "events": [{"op": "set", "side": "ask", "price": 0.32, "size": 32.0}]}
{"t": 1776976694.6291242, "events": [{"op": "set", "side": "bid", "price": 0.65, "size": 24.0}, {"op": "set", "side": "ask", "price": 0.29, "size": 30000.0}, {"op": "set", "side": "ask", "price": 0.3, "size": 213.0}, {"op": "delete", "side": "ask", "price": 0.31}]}
{"t": 1776976695.801642, "events": [{"op": "set", "side": "ask", "price": 0.3, "size": 159.0}, {"op": "delete", "side": "ask", "price": 0.32}, {"op": "set", "side": "ask", "price": 0.02, "size": 147.0}, {"op": "set", "side": "ask", "price": 0.31, "size": 37.0}]}
{"t": 1776976698.8431628, "events": [{"op": "set", "side": "bid", "price": 0.65, "size": 591.0}, {"op": "set", "side": "ask", "price": 0.29, "size": 30037.0}, {"op": "set", "side": "ask", "price": 0.3, "size": 533.0}, {"op": "set", "side": "ask", "price": 0.31, "size": 87.0}]}
{"t": 1776976699.857614, "events": [{"op": "set", "side": "bid", "price": 0.65, "size": 1258.0}]}
{"t": 1776976702.870096, "events": [{"op": "set", "side": "ask", "price": 0.31, "size": 50.0}]}
{"t": 1776976703.879584, "events": [{"op": "set", "side": "bid", "price": 0.65, "size": 1024.0}, {"op": "set", "side": "ask", "price": 0.29, "size": 30148.0}, {"op": "set", "side": "ask", "price": 0.3, "size": 381.0}, {"op": "set", "side": "ask", "price": 0.31, "size": 83.0}]}
{"t": 1776976704.894332, "events": [{"op": "set", "side": "bid", "price": 0.65, "size": 2024.0}]}
{"t": 1776976705.8967402, "events": [{"op": "set", "side": "ask", "price": 0.31, "size": 82.0}]}
{"t": 1776976720.0040588, "events": [{"op": "set", "side": "bid", "price": 0.65, "size": 1024.0}, {"op": "set", "side": "ask", "price": 0.29, "size": 30000.0}]}
{"t": 1776976721.023626, "events": [{"op": "set", "side": "bid", "price": 0.65, "size": 2024.0}, {"op": "set", "side": "ask", "price": 0.3, "size": 299.0}, {"op": "set", "side": "ask", "price": 0.02, "size": 100.0}, {"op": "set", "side": "ask", "price": 0.31, "size": 145.0}, {"op": "set", "side": "ask", "price": 0.32, "size": 50.0}]}
{"t": 1776976725.0786262, "events": [{"op": "set", "side": "ask", "price": 0.31, "size": 111.0}]}
{"t": 1776976727.112159, "events": [{"op": "set", "side": "ask", "price": 0.31, "size": 145.0}]}
{"t": 1776976729.136172, "events": [{"op": "set", "side": "bid", "price": 0.65, "size": 24.0}, {"op": "set", "side": "ask", "price": 0.3, "size": 287.0}, {"op": "set", "side": "ask", "price": 0.31, "size": 120.0}]}
{"t": 1776976730.1580229, "events": [{"op": "set", "side": "bid", "price": 0.65, "size": 1024.0}]}
{"t": 1776976732.18078, "events": [{"op": "set", "side": "ask", "price": 0.31, "size": 86.0}]}
{"t": 1776976736.203402, "events": [{"op": "set", "side": "ask", "price": 0.32, "size": 81.0}]}
{"t": 1776976738.2212422, "events": [{"op": "set", "side": "bid", "price": 0.65, "size": 24.0}, {"op": "set", "side": "ask", "price": 0.3, "size": 248.0}, {"op": "delete", "side": "ask", "price": 0.31}]}
{"t": 1776976739.229032, "events": [{"op": "set", "side": "bid", "price": 0.65, "size": 1024.0}, {"op": "set", "side": "ask", "price": 0.29, "size": 30049.0}, {"op": "set", "side": "ask", "price": 0.32, "size": 82.0}]}
{"t": 1776976740.2347279, "events": [{"op": "set", "side": "bid", "price": 0.65, "size": 24.0}, {"op": "set", "side": "ask", "price": 0.29, "size": 30039.0}, {"op": "set", "side": "ask", "price": 0.3, "size": 243.0}, {"op": "set", "side": "ask", "price": 0.32, "size": 81.0}]}
{"t": 1776976741.2510169, "events": [{"op": "set", "side": "bid", "price": 0.65, "size": 1024.0}, {"op": "set", "side": "ask", "price": 0.32, "size": 399.0}]}
{"t": 1776976746.492167, "events": [{"op": "set", "side": "ask", "price": 0.32, "size": 368.0}]}
{"t": 1776976751.5377312, "events": [{"op": "set", "side": "ask", "price": 0.31, "size": 36.0}]}
{"t": 1776976752.540415, "events": [{"op": "set", "side": "ask", "price": 0.03, "size": 45.0}, {"op": "set", "side": "ask", "price": 0.29, "size": 30104.0}, {"op": "set", "side": "ask", "price": 0.3, "size": 297.0}, {"op": "delete", "side": "ask", "price": 0.32}, {"op": "set", "side": "ask", "price": 0.02, "size": 123.0}, {"op": "set", "side": "ask", "price": 0.31, "size": 84.0}]}
{"t": 1776976753.55836, "events": [{"op": "set", "side": "bid", "price": 0.65, "size": 2024.0}]}
{"t": 1776976755.570341, "events": [{"op": "delete", "side": "bid", "price": 0.32}, {"op": "set", "side": "bid", "price": 0.09, "size": 67.0}, {"op": "set", "side": "ask", "price": 0.31, "size": 49.0}]}
{"t": 1776976756.580106, "events": [{"op": "set", "side": "ask", "price": 0.31, "size": 84.0}]}
{"t": 1776976760.616456, "events": [{"op": "set", "side": "bid", "price": 0.65, "size": 1024.0}, {"op": "delete", "side": "bid", "price": 0.02}, {"op": "set", "side": "bid", "price": 0.32, "size": 15.0}, {"op": "set", "side": "ask", "price": 0.29, "size": 30000.0}, {"op": "set", "side": "ask", "price": 0.3, "size": 239.0}, {"op": "set", "side": "ask", "price": 0.32, "size": 82.0}]}
{"t": 1776976765.655814, "events": [{"op": "set", "side": "ask", "price": 0.32, "size": 50.0}]}
{"t": 1776976766.6620412, "events": [{"op": "set", "side": "ask", "price": 0.32, "size": 82.0}]}
{"t": 1776976769.6871839, "events": [{"op": "set", "side": "bid", "price": 0.65, "size": 24.0}, {"op": "delete", "side": "ask", "price": 0.31}]}
{"t": 1776976770.703775, "events": [{"op": "set", "side": "bid", "price": 0.65, "size": 1024.0}, {"op": "set", "side": "ask", "price": 0.29, "size": 30048.0}, {"op": "set", "side": "ask", "price": 0.3, "size": 202.0}, {"op": "set", "side": "ask", "price": 0.32, "size": 51.0}]}
{"t": 1776976771.725236, "events": [{"op": "set", "side": "ask", "price": 0.31, "size": 36.0}]}
{"t": 1776976772.744343, "events": [{"op": "set", "side": "bid", "price": 0.65, "size": 24.0}, {"op": "set", "side": "ask", "price": 0.3, "size": 197.0}, {"op": "delete", "side": "ask", "price": 0.32}]}
{"t": 1776976773.7583098, "events": [{"op": "set", "side": "bid", "price": 0.65, "size": 1024.0}, {"op": "set", "side": "ask", "price": 0.29, "size": 30037.0}, {"op": "set", "side": "ask", "price": 0.3, "size": 196.0}, {"op": "set", "side": "ask", "price": 0.31, "size": 392.0}]}
{"t": 1776976775.7824068, "events": [{"op": "set", "side": "ask", "price": 0.31, "size": 356.0}, {"op": "set", "side": "ask", "price": 0.32, "size": 33.0}]}
{"t": 1776976780.8084228, "events": [{"op": "delete", "side": "ask", "price": 0.32}]}
{"t": 1776976781.81758, "events": [{"op": "set", "side": "ask", "price": 0.32, "size": 33.0}]}
{"t": 1776976785.8373, "events": [{"op": "delete", "side": "ask", "price": 0.32}]}
{"t": 1776976786.846972, "events": [{"op": "set", "side": "ask", "price": 0.32, "size": 33.0}]}
{"t": 1776976788.865946, "events": [{"op": "set", "side": "bid", "price": 0.65, "size": 24.0}, {"op": "set", "side": "bid", "price": 0.09, "size": 16.0}, {"op": "set", "side": "bid", "price": 0.3, "size": 52.0}, {"op": "set", "side": "ask", "price": 0.03, "size": 20.0}, {"op": "set", "side": "ask", "price": 0.3, "size": 248.0}, {"op": "set", "side": "ask", "price": 0.02, "size": 100.0}, {"op": "delete", "side": "ask", "price": 0.31}]}
{"t": 1776976789.882459, "events": [{"op": "set", "side": "ask", "price": 0.29, "size": 30039.0}, {"op": "set", "side": "ask", "price": 0.3, "size": 553.0}, {"op": "set", "side": "ask", "price": 0.32, "size": 84.0}]}
{"t": 1776976790.891396, "events": [{"op": "set", "side": "bid", "price": 0.65, "size": 1024.0}, {"op": "set", "side": "ask", "price": 0.32, "size": 51.0}]}
{"t": 1776976791.9012082, "events": [{"op": "set", "side": "ask", "price": 0.31, "size": 37.0}]}
{"t": 1776976792.913603, "events": [{"op": "set", "side": "bid", "price": 0.65, "size": 24.0}, {"op": "set", "side": "ask", "price": 0.29, "size": 30037.0}, {"op": "delete", "side": "ask", "price": 0.32}]}
{"t": 1776976793.92892, "events": [{"op": "set", "side": "bid", "price": 0.65, "size": 1024.0}, {"op": "set", "side": "ask", "price": 0.3, "size": 551.0}, {"op": "set", "side": "ask", "price": 0.31, "size": 87.0}]}
{"t": 1776976795.9431622, "events": [{"op": "set", "side": "ask", "price": 0.31, "size": 50.0}, {"op": "set", "side": "ask", "price": 0.32, "size": 34.0}]}
{"t": 1776976798.966105, "events": [{"op": "set", "side": "bid", "price": 0.65, "size": 24.0}, {"op": "delete", "side": "bid", "price": 0.32}, {"op": "set", "side": "ask", "price": 0.29, "size": 30000.0}, {"op": "set", "side": "ask", "price": 0.3, "size": 211.0}, {"op": "delete", "side": "ask", "price": 0.31}]}
{"t": 1776976802.004491, "events": [{"op": "set", "side": "bid", "price": 0.32, "size": 13.0}, {"op": "delete", "side": "ask", "price": 0.32}]}
{"t": 1776976803.02252, "events": [{"op": "set", "side": "bid", "price": 0.65, "size": 357.0}, {"op": "set", "side": "bid", "price": 0.64, "size": 1417.0}, {"op": "set", "side": "bid", "price": 0.61, "size": 1788.0}, {"op": "set", "side": "ask", "price": 0.29, "size": 30039.0}, {"op": "set", "side": "ask", "price": 0.3, "size": 249.0}, {"op": "set", "side": "ask", "price": 0.31, "size": 37.0}, {"op": "set", "side": "ask", "price": 0.32, "size": 347.0}]}
{"t": 1776976804.039381, "events": [{"op": "set", "side": "bid", "price": 0.65, "size": 1024.0}]}
{"t": 1776976806.063827, "events": [{"op": "set", "side": "bid", "price": 0.64, "size": 750.0}, {"op": "set", "side": "bid", "price": 0.61, "size": 1455.0}, {"op": "set", "side": "ask", "price": 0.29, "size": 30000.0}, {"op": "delete", "side": "ask", "price": 0.32}, {"op": "delete", "side": "ask", "price": 0.31}]}
{"t": 1776976807.082735, "events": [{"op": "set", "side": "ask", "price": 0.31, "size": 35.0}]}
{"t": 1776976809.098349, "events": [{"op": "set", "side": "ask", "price": 0.3, "size": 273.0}, {"op": "set", "side": "ask", "price": 0.31, "size": 300.0}]}
{"t": 1776976810.112881, "events": [{"op": "set", "side": "bid", "price": 0.65, "size": 1357.0}]}
{"t": 1776976811.119054, "events": [{"op": "set", "side": "bid", "price": 0.65, "size": 2024.0}, {"op": "set", "side": "ask", "price": 0.31, "size": 265.0}]}
{"t": 1776976812.1601799, "events": [{"op": "set", "side": "bid", "price": 0.65, "size": 1024.0}, {"op": "set", "side": "ask", "price": 0.3, "size": 249.0}, {"op": "set", "side": "ask", "price": 0.32, "size": 30.0}]}
{"t": 1776976813.173311, "events": [{"op": "set", "side": "ask", "price": 0.29, "size": 30106.0}, {"op": "set", "side": "ask", "price": 0.3, "size": 360.0}, {"op": "set", "side": "ask", "price": 0.31, "size": 49.0}]}
{"t": 1776976814.181136, "events": [{"op": "set", "side": "bid", "price": 0.65, "size": 2024.0}]}
{"t": 1776976816.192041, "events": [{"op": "set", "side": "bid", "price": 0.65, "size": 24.0}, {"op": "set", "side": "ask", "price": 0.29, "size": 30039.0}, {"op": "set", "side": "ask", "price": 0.3, "size": 249.0}, {"op": "delete", "side": "ask", "price": 0.31}]}
{"t": 1776976817.207639, "events": [{"op": "set", "side": "ask", "price": 0.3, "size": 492.0}, {"op": "set", "side": "ask", "price": 0.32, "size": 51.0}, {"op": "set", "side": "ask", "price": 0.02, "size": 143.0}]}
{"t": 1776976818.228111, "events": [{"op": "set", "side": "bid", "price": 0.65, "size": 1024.0}, {"op": "set", "side": "ask", "price": 0.31, "size": 38.0}]}
{"t": 1776976820.246989, "events": [{"op": "set", "side": "bid", "price": 0.65, "size": 24.0}, {"op": "delete", "side": "ask", "price": 0.32}]}
{"t": 1776976821.2622788, "events": [{"op": "set", "side": "bid", "price": 0.65, "size": 1024.0}, {"op": "set", "side": "ask", "price": 0.29, "size": 30037.0}, {"op": "set", "side": "ask", "price": 0.3, "size": 490.0}, {"op": "set", "side": "ask", "price": 0.31, "size": 50.0}, {"op": "set", "side": "ask", "price": 0.32, "size": 35.0}]}
{"t": 1776976823.281095, "events": [{"op": "set", "side": "bid", "price": 0.65, "size": 24.0}, {"op": "set", "side": "ask", "price": 0.29, "size": 30002.0}, {"op": "set", "side": "ask", "price": 0.3, "size": 159.0}, {"op": "set", "side": "ask", "price": 0.32, "size": 86.0}, {"op": "delete", "side": "ask", "price": 0.31}]}
{"t": 1776976824.2959201, "events": [{"op": "set", "side": "bid", "price": 0.65, "size": 1024.0}]}
{"t": 1776976825.307746, "events": [{"op": "set", "side": "bid", "price": 0.65, "size": 24.0}]}
{"t": 1776976826.322222, "events": [{"op": "set", "side": "ask", "price": 0.29, "size": 30039.0}, {"op": "set", "side": "ask", "price": 0.3, "size": 197.0}, {"op": "set", "side": "ask", "price": 0.32, "size": 339.0}, {"op": "set", "side": "ask", "price": 0.33, "size": 31.0}]}
{"t": 1776976827.333923, "events": [{"op": "set", "side": "bid", "price": 0.65, "size": 1024.0}, {"op": "delete", "side": "bid", "price": 0.3}, {"op": "set", "side": "bid", "price": 0.02, "size": 53.0}]}
{"t": 1776976830.3663218, "events": [{"op": "set", "side": "bid", "price": 0.65, "size": 24.0}, {"op": "set", "side": "ask", "price": 0.29, "size": 30000.0}, {"op": "delete", "side": "ask", "price": 0.32}]}
{"t": 1776976831.380969, "events": [{"op": "set", "side": "bid", "price": 0.65, "size": 1024.0}, {"op": "set", "side": "ask", "price": 0.3, "size": 314.0}, {"op": "set", "side": "ask", "price": 0.31, "size": 80.0}, {"op": "set", "side": "ask", "price": 0.33, "size": 56.0}]}
{"t": 1776976834.404785, "events": [{"op": "set", "side": "bid", "price": 0.65, "size": 24.0}, {"op": "delete", "side": "ask", "price": 0.33}]}
{"t": 1776976836.4244428, "events": [{"op": "set", "side": "ask", "price": 0.3, "size": 240.0}, {"op": "set", "side": "ask", "price": 0.31, "size": 89.0}, {"op": "set", "side": "ask", "price": 0.32, "size": 50.0}]}
{"t": 1776976837.434342, "events": [{"op": "set", "side": "bid", "price": 0.65, "size": 1024.0}, {"op": "set", "side": "ask", "price": 0.32, "size": 86.0}]}
{"t": 1776976839.444206, "events": [{"op": "set", "side": "bid", "price": 0.65, "size": 24.0}, {"op": "delete", "side": "ask", "price": 0.31}]}
{"t": 1776976840.4514198, "events": [{"op": "set", "side": "bid", "price": 0.65, "size": 1024.0}, {"op": "set", "side": "ask", "price": 0.29, "size": 30047.0}, {"op": "set", "side": "ask", "price": 0.3, "size": 245.0}, {"op": "set", "side": "ask", "price": 0.32, "size": 87.0}, {"op": "set", "side": "ask", "price": 0.02, "size": 100.0}]}
{"t": 1776976841.461482, "events": [{"op": "set", "side": "ask", "price": 0.32, "size": 51.0}, {"op": "set", "side": "ask", "price": 0.31, "size": 37.0}]}
{"t": 1776976843.4774091, "events": [{"op": "set", "side": "bid", "price": 0.65, "size": 24.0}, {"op": "set", "side": "ask", "price": 0.3, "size": 241.0}, {"op": "delete", "side": "ask", "price": 0.32}]}
{"t": 1776976844.4879239, "events": [{"op": "set", "side": "bid", "price": 0.65, "size": 1024.0}, {"op": "set", "side": "ask", "price": 0.29, "size": 30037.0}, {"op": "set", "side": "ask", "price": 0.3, "size": 240.0}, {"op": "set", "side": "ask", "price": 0.31, "size": 370.0}]}
{"t": 1776976846.5011148, "events": [{"op": "set", "side": "ask", "price": 0.31, "size": 333.0}, {"op": "set", "side": "ask", "price": 0.32, "size": 34.0}]}
{"t": 1776976856.5596192, "events": [{"op": "set", "side": "bid", "price": 0.65, "size": 24.0}, {"op": "delete", "side": "ask", "price": 0.31}]}
{"t": 1776976857.581012, "events": [{"op": "set", "side": "bid", "price": 0.65, "size": 1024.0}, {"op": "set", "side": "ask", "price": 0.29, "size": 30039.0}, {"op": "set", "side": "ask", "price": 0.3, "size": 523.0}, {"op": "set", "side": "ask", "price": 0.32, "size": 85.0}]}
{"t": 1776976861.608445, "events": [{"op": "set", "side": "ask", "price": 0.32, "size": 51.0}, {"op": "set", "side": "ask", "price": 0.31, "size": 37.0}]}
{"t": 1776976862.621618, "events": [{"op": "set", "side": "bid", "price": 0.65, "size": 24.0}, {"op": "set", "side": "ask", "price": 0.29, "size": 30037.0}, {"op": "delete", "side": "ask", "price": 0.32}]}
{"t": 1776976863.631295, "events": [{"op": "set", "side": "ask", "price": 0.3, "size": 521.0}]}
{"t": 1776976864.6476958, "events": [{"op": "set", "side": "bid", "price": 0.65, "size": 1024.0}, {"op": "set", "side": "ask", "price": 0.31, "size": 87.0}]}
{"t": 1776976867.673836, "events": [{"op": "set", "side": "ask", "price": 0.31, "size": 50.0}, {"op": "set", "side": "ask", "price": 0.32, "size": 34.0}]}
{"t": 1776976873.730138, "events": [{"op": "set", "side": "bid", "price": 0.65, "size": 24.0}, {"op": "set", "side": "ask", "price": 0.29, "size": 30000.0}, {"op": "set", "side": "ask", "price": 0.3, "size": 203.0}, {"op": "delete", "side": "ask", "price": 0.31}]}
{"t": 1776976876.771445, "events": [{"op": "set", "side": "bid", "price": 0.65, "size": 357.0}, {"op": "set", "side": "bid", "price": 0.64, "size": 1750.0}, {"op": "set", "side": "ask", "price": 0.29, "size": 30039.0}, {"op": "set", "side": "ask", "price": 0.3, "size": 197.0}, {"op": "set", "side": "ask", "price": 0.32, "size": 324.0}, {"op": "set", "side": "ask", "price": 0.02, "size": 153.0}, {"op": "set", "side": "ask", "price": 0.31, "size": 37.0}]}
{"t": 1776976877.790463, "events": [{"op": "set", "side": "bid", "price": 0.65, "size": 1024.0}]}
{"t": 1776976880.821571, "events": [{"op": "set", "side": "bid", "price": 0.65, "size": 24.0}, {"op": "set", "side": "bid", "price": 0.64, "size": 750.0}, {"op": "set", "side": "ask", "price": 0.29, "size": 30037.0}, {"op": "set", "side": "ask", "price": 0.3, "size": 196.0}, {"op": "delete", "side": "ask", "price": 0.32}]}
{"t": 1776976881.847991, "events": [{"op": "set", "side": "bid", "price": 0.65, "size": 1500.0}, {"op": "set", "side": "ask", "price": 0.31, "size": 322.0}, {"op": "set", "side": "ask", "price": 0.32, "size": 32.0}]}
{"t": 1776976885.872129, "events": [{"op": "set", "side": "bid", "price": 0.65, "size": 24.0}, {"op": "delete", "side": "ask", "price": 0.31}]}
{"t": 1776976886.884876, "events": [{"op": "delete", "side": "ask", "price": 0.32}, {"op": "set", "side": "ask", "price": 0.31, "size": 38.0}]}
{"t": 1776976887.9062011, "events": [{"op": "set", "side": "bid", "price": 0.65, "size": 1024.0}, {"op": "set", "side": "ask", "price": 0.29, "size": 30039.0}, {"op": "set", "side": "ask", "price": 0.3, "size": 470.0}, {"op": "set", "side": "ask", "price": 0.32, "size": 51.0}]}
{"t": 1776976889.923457, "events": [{"op": "set", "side": "bid", "price": 0.65, "size": 24.0}, {"op": "set", "side": "ask", "price": 0.29, "size": 30037.0}, {"op": "set", "side": "ask", "price": 0.3, "size": 468.0}, {"op": "delete", "side": "ask", "price": 0.32}]}
{"t": 1776976890.94024, "events": [{"op": "set", "side": "ask", "price": 0.31, "size": 88.0}]}
{"t": 1776976891.953293, "events": [{"op": "set", "side": "bid", "price": 0.65, "size": 1024.0}, {"op": "set", "side": "ask", "price": 0.31, "size": 50.0}, {"op": "set", "side": "ask", "price": 0.32, "size": 33.0}]}
{"t": 1776976894.0004108, "events": [{"op": "set", "side": "bid", "price": 0.65, "size": 24.0}, {"op": "delete", "side": "ask", "price": 0.31}]}
{"t": 1776976896.023417, "events": [{"op": "set", "side": "ask", "price": 0.29, "size": 30039.0}, {"op": "set", "side": "ask", "price": 0.32, "size": 84.0}]}
{"t": 1776976897.036383, "events": [{"op": "set", "side": "bid", "price": 0.65, "size": 1024.0}, {"op": "set", "side": "ask", "price": 0.32, "size": 51.0}]}
{"t": 1776976899.057378, "events": [{"op": "set", "side": "ask", "price": 0.31, "size": 37.0}]}
{"t": 1776976900.0714052, "events": [{"op": "set", "side": "bid", "price": 0.65, "size": 24.0}, {"op": "set", "side": "ask", "price": 0.29, "size": 30037.0}, {"op": "set", "side": "ask", "price": 0.3, "size": 517.0}, {"op": "delete", "side": "ask", "price": 0.32}, {"op": "set", "side": "ask", "price": 0.02, "size": 100.0}]}
{"t": 1776976901.0843189, "events": [{"op": "set", "side": "ask", "price": 0.3, "size": 514.0}]}
{"t": 1776976902.095287, "events": [{"op": "set", "side": "ask", "price": 0.31, "size": 88.0}]}
{"t": 1776976903.109659, "events": [{"op": "set", "side": "bid", "price": 0.65, "size": 1024.0}]}
{"t": 1776976906.1795998, "events": [{"op": "set", "side": "bid", "price": 0.65, "size": 24.0}, {"op": "set", "side": "bid", "price": 0.02, "size": 68.0}, {"op": "set", "side": "ask", "price": 0.29, "size": 30000.0}, {"op": "set", "side": "ask", "price": 0.3, "size": 308.0}, {"op": "set", "side": "ask", "price": 0.02, "size": 127.0}]}
{"t": 1776976907.188873, "events": [{"op": "set", "side": "ask", "price": 0.31, "size": 50.0}]}
{"t": 1776976908.196084, "events": [{"op": "set", "side": "bid", "price": 0.65, "size": 1024.0}, {"op": "set", "side": "ask", "price": 0.31, "size": 143.0}, {"op": "set", "side": "ask", "price": 0.32, "size": 86.0}]}
{"t": 1776976911.240003, "events": [{"op": "set", "side": "ask", "price": 0.3, "size": 283.0}, {"op": "delete", "side": "ask", "price": 0.31}]}
{"t": 1776976912.4020412, "events": [{"op": "set", "side": "bid", "price": 0.65, "size": 2024.0}, {"op": "set", "side": "ask", "price": 0.32, "size": 73.0}, {"op": "set", "side": "ask", "price": 0.33, "size": 51.0}]}
{"t": 1776976916.451133, "events": [{"op": "delete", "side": "bid", "price": 0.32}]}
{"t": 1776976917.458861, "events": [{"op": "set", "side": "ask", "price": 0.31, "size": 36.0}]}
{"t": 1776976922.498913, "events": [{"op": "delete", "side": "ask", "price": 0.31}]}
{"t": 1776976923.513997, "events": [{"op": "set", "side": "ask", "price": 0.31, "size": 36.0}]}
{"t": 1776976926.536787, "events": [{"op": "delete", "side": "ask", "price": 0.31}]}
{"t": 1776976927.551632, "events": [{"op": "set", "side": "ask", "price": 0.31, "size": 36.0}]}
{"t": 1776976929.578751, "events": [{"op": "set", "side": "bid", "price": 0.65, "size": 24.0}, {"op": "set", "side": "bid", "price": 0.02, "size": 15.0}, {"op": "set", "side": "bid", "price": 0.32, "size": 54.0}, {"op": "set", "side": "ask", "price": 0.29, "size": 30037.0}, {"op": "set", "side": "ask", "price": 0.3, "size": 506.0}, {"op": "delete", "side": "ask", "price": 0.32}, {"op": "set", "side": "ask", "price": 0.31, "size": 86.0}, {"op": "delete", "side": "ask", "price": 0.33}]}
{"t": 1776976930.605024, "events": [{"op": "set", "side": "bid", "price": 0.65, "size": 1024.0}]}
{"t": 1776976931.623748, "events": [{"op": "set", "side": "ask", "price": 0.31, "size": 50.0}]}
{"t": 1776976932.637355, "events": [{"op": "set", "side": "ask", "price": 0.32, "size": 34.0}]}
{"t": 1776976936.672655, "events": [{"op": "delete", "side": "ask", "price": 0.32}]}
{"t": 1776976938.691734, "events": [{"op": "set", "side": "ask", "price": 0.29, "size": 30130.0}, {"op": "set", "side": "ask", "price": 0.3, "size": 434.0}, {"op": "set", "side": "ask", "price": 0.31, "size": 49.0}, {"op": "set", "side": "ask", "price": 0.32, "size": 34.0}]}
{"t": 1776976939.711393, "events": [{"op": "set", "side": "bid", "price": 0.65, "size": 2024.0}]}
{"t": 1776976941.7294898, "events": [{"op": "delete", "side": "ask", "price": 0.32}]}
{"t": 1776976942.738662, "events": [{"op": "set", "side": "ask", "price": 0.32, "size": 33.0}]}
{"t": 1776976946.774417, "events": [{"op": "delete", "side": "ask", "price": 0.32}]}
{"t": 1776976947.781201, "events": [{"op": "set", "side": "ask", "price": 0.32, "size": 33.0}]}
{"t": 1776976961.860786, "events": [{"op": "delete", "side": "ask", "price": 0.32}]}
{"t": 1776976962.8689432, "events": [{"op": "set", "side": "ask", "price": 0.32, "size": 33.0}]}
{"t": 1776976966.893217, "events": [{"op": "delete", "side": "ask", "price": 0.32}]}
{"t": 1776976967.899841, "events": [{"op": "set", "side": "ask", "price": 0.32, "size": 33.0}]}
{"t": 1776976969.9200552, "events": [{"op": "set", "side": "bid", "price": 0.65, "size": 1024.0}, {"op": "set", "side": "ask", "price": 0.3, "size": 245.0}, {"op": "delete", "side": "ask", "price": 0.31}]}
{"t": 1776976970.939878, "events": [{"op": "set", "side": "bid", "price": 0.65, "size": 2024.0}, {"op": "delete", "side": "bid", "price": 0.32}, {"op": "set", "side": "bid", "price": 0.02, "size": 66.0}, {"op": "set", "side": "bid", "price": 0.03, "size": 14.0}, {"op": "set", "side": "ask", "price": 0.29, "size": 30039.0}, {"op": "set", "side": "ask", "price": 0.3, "size": 495.0}, {"op": "set", "side": "ask", "price": 0.32, "size": 84.0}]}
{"t": 1776976971.962135, "events": [{"op": "set", "side": "ask", "price": 0.32, "size": 51.0}]}
{"t": 1776976972.975918, "events": [{"op": "set", "side": "ask", "price": 0.31, "size": 37.0}]}
{"t": 1776976976.001222, "events": [{"op": "set", "side": "bid", "price": 0.65, "size": 24.0}, {"op": "set", "side": "ask", "price": 0.29, "size": 30037.0}, {"op": "delete", "side": "ask", "price": 0.32}]}
{"t": 1776976977.017309, "events": [{"op": "set", "side": "ask", "price": 0.3, "size": 443.0}, {"op": "set", "side": "ask", "price": 0.02, "size": 176.0}, {"op": "set", "side": "ask", "price": 0.31, "size": 50.0}]}
{"t": 1776976978.030357, "events": [{"op": "set", "side": "bid", "price": 0.65, "size": 1024.0}, {"op": "set", "side": "ask", "price": 0.32, "size": 34.0}]}
{"t": 1776976979.055949, "events": [{"op": "set", "side": "bid", "price": 0.65, "size": 24.0}, {"op": "delete", "side": "ask", "price": 0.31}]}
{"t": 1776976980.067904, "events": [{"op": "delete", "side": "bid", "price": 0.65}]}
{"t": 1776976981.073195, "events": [{"op": "set", "side": "bid", "price": 0.65, "size": 1023.0}, {"op": "set", "side": "ask", "price": 0.29, "size": 30039.0}, {"op": "set", "side": "ask", "price": 0.32, "size": 85.0}]}
{"t": 1776976982.084939, "events": [{"op": "set", "side": "ask", "price": 0.32, "size": 51.0}, {"op": "set", "side": "ask", "price": 0.31, "size": 37.0}]}
{"t": 1776976987.12725, "events": [{"op": "delete", "side": "ask", "price": 0.31}]}
{"t": 1776976988.13999, "events": [{"op": "set", "side": "ask", "price": 0.31, "size": 37.0}]}
{"t": 1776976992.1589901, "events": [{"op": "set", "side": "bid", "price": 0.65, "size": 1000.0}, {"op": "set", "side": "ask", "price": 0.29, "size": 30037.0}, {"op": "set", "side": "ask", "price": 0.3, "size": 439.0}, {"op": "delete", "side": "ask", "price": 0.32}, {"op": "set", "side": "ask", "price": 0.31, "size": 50.0}]}
{"t": 1776976993.171943, "events": [{"op": "set", "side": "bid", "price": 0.65, "size": 1023.0}, {"op": "set", "side": "ask", "price": 0.32, "size": 34.0}]}
{"t": 1776976997.2072861, "events": [{"op": "set", "side": "bid", "price": 0.02, "size": 15.0}, {"op": "set", "side": "bid", "price": 0.32, "size": 56.0}, {"op": "delete", "side": "bid", "price": 0.03}, {"op": "set", "side": "ask", "price": 0.29, "size": 30039.0}, {"op": "set", "side": "ask", "price": 0.32, "size": 85.0}, {"op": "delete", "side": "ask", "price": 0.31}]}
{"t": 1776976998.230459, "events": [{"op": "set", "side": "bid", "price": 0.65, "size": 1000.0}, {"op": "set", "side": "ask", "price": 0.32, "size": 51.0}]}
{"t": 1776976999.238602, "events": [{"op": "set", "side": "bid", "price": 0.65, "size": 1023.0}, {"op": "set", "side": "ask", "price": 0.31, "size": 37.0}]}
{"t": 1776977009.313969, "events": [{"op": "set", "side": "bid", "price": 0.65, "size": 2023.0}, {"op": "set", "side": "ask", "price": 0.29, "size": 30000.0}, {"op": "set", "side": "ask", "price": 0.3, "size": 509.0}, {"op": "delete", "side": "ask", "price": 0.32}, {"op": "set", "side": "ask", "price": 0.02, "size": 127.0}, {"op": "set", "side": "ask", "price": 0.31, "size": 98.0}]}
{"t": 1776977012.346987, "events": [{"op": "set", "side": "ask", "price": 0.31, "size": 61.0}]}
{"t": 1776977013.4125519, "events": [{"op": "set", "side": "ask", "price": 0.32, "size": 33.0}]}
{"t": 1776977017.440346, "events": [{"op": "delete", "side": "ask", "price": 0.32}]}
{"t": 1776977019.458981, "events": [{"op": "set", "side": "ask", "price": 0.32, "size": 33.0}]}
{"t": 1776977022.481051, "events": [{"op": "set", "side": "bid", "price": 0.65, "size": 1023.0}, {"op": "set", "side": "ask", "price": 0.3, "size": 506.0}, {"op": "set", "side": "ask", "price": 0.32, "size": 32.0}, {"op": "delete", "side": "ask", "price": 0.31}]}
{"t": 1776977023.497673, "events": [{"op": "set", "side": "ask", "price": 0.32, "size": 96.0}]}
{"t": 1776977024.50718, "events": [{"op": "set", "side": "ask", "price": 0.3, "size": 209.0}]}
{"t": 1776977025.520211, "events": [{"op": "set", "side": "ask", "price": 0.32, "size": 262.0}, {"op": "set", "side": "ask", "price": 0.33, "size": 64.0}]}
{"t": 1776977027.54447, "events": [{"op": "set", "side": "bid", "price": 0.65, "size": 23.0}, {"op": "delete", "side": "ask", "price": 0.32}, {"op": "delete", "side": "ask", "price": 0.33}]}
{"t": 1776977028.556958, "events": [{"op": "set", "side": "ask", "price": 0.31, "size": 38.0}]}
{"t": 1776977032.5981371, "events": [{"op": "set", "side": "bid", "price": 0.65, "size": 1023.0}, {"op": "set", "side": "bid", "price": 0.64, "size": 1750.0}, {"op": "set", "side": "ask", "price": 0.3, "size": 271.0}, {"op": "set", "side": "ask", "price": 0.31, "size": 288.0}]}
{"t": 1776977033.6091561, "events": [{"op": "set", "side": "ask", "price": 0.32, "size": 31.0}]}
{"t": 1776977036.641244, "events": [{"op": "set", "side": "bid", "price": 0.64, "size": 750.0}, {"op": "delete", "side": "bid", "price": 0.32}, {"op": "set", "side": "bid", "price": 0.02, "size": 71.0}, {"op": "delete", "side": "ask", "price": 0.31}]}
{"t": 1776977037.65825, "events": [{"op": "set", "side": "ask", "price": 0.3, "size": 452.0}, {"op": "set", "side": "ask", "price": 0.32, "size": 64.0}, {"op": "set", "side": "ask", "price": 0.02, "size": 179.0}, {"op": "set", "side": "ask", "price": 0.31, "size": 36.0}]}
{"t": 1776977052.744798, "events": [{"op": "set", "side": "ask", "price": 0.3, "size": 447.0}, {"op": "delete", "side": "ask", "price": 0.32}, {"op": "set", "side": "ask", "price": 0.31, "size": 61.0}]}
{"t": 1776977053.757576, "events": [{"op": "set", "side": "ask", "price": 0.31, "size": 97.0}]}
{"t": 1776977057.7837021, "events": [{"op": "set", "side": "ask", "price": 0.3, "size": 159.0}, {"op": "set", "side": "ask", "price": 0.31, "size": 61.0}, {"op": "set", "side": "ask", "price": 0.32, "size": 33.0}]}
{"t": 1776977058.819532, "events": [{"op": "set", "side": "ask", "price": 0.32, "size": 94.0}, {"op": "set", "side": "ask", "price": 0.31, "size": 226.0}]}
{"t": 1776977062.857884, "events": [{"op": "set", "side": "ask", "price": 0.3, "size": 211.0}, {"op": "set", "side": "ask", "price": 0.02, "size": 127.0}]}
{"t": 1776977075.923553, "events": [{"op": "delete", "side": "ask", "price": 0.31}]}
{"t": 1776977077.9874299, "events": [{"op": "set", "side": "ask", "price": 0.32, "size": 61.0}, {"op": "set", "side": "ask", "price": 0.31, "size": 36.0}]}
{"t": 1776977079.006007, "events": [{"op": "set", "side": "ask", "price": 0.3, "size": 490.0}, {"op": "set", "side": "ask", "price": 0.32, "size": 64.0}]}
{"t": 1776977083.058391, "events": [{"op": "set", "side": "ask", "price": 0.31, "size": 37.0}]}
{"t": 1776977088.161928, "events": [{"op": "set", "side": "ask", "price": 0.3, "size": 439.0}, {"op": "delete", "side": "ask", "price": 0.32}, {"op": "set", "side": "ask", "price": 0.02, "size": 176.0}, {"op": "set", "side": "ask", "price": 0.31, "size": 96.0}]}
{"t": 1776977092.223785, "events": [{"op": "set", "side": "ask", "price": 0.31, "size": 61.0}]}
{"t": 1776977093.235487, "events": [{"op": "set", "side": "ask", "price": 0.32, "size": 33.0}]}
{"t": 1776977094.2532868, "events": [{"op": "set", "side": "ask", "price": 0.3, "size": 438.0}, {"op": "delete", "side": "ask", "price": 0.31}]}
{"t": 1776977095.277729, "events": [{"op": "set", "side": "ask", "price": 0.32, "size": 97.0}]}
{"t": 1776977097.301329, "events": [{"op": "set", "side": "ask", "price": 0.32, "size": 64.0}]}
{"t": 1776977098.3066041, "events": [{"op": "set", "side": "ask", "price": 0.31, "size": 37.0}]}
{"t": 1776977102.3221838, "events": [{"op": "delete", "side": "ask", "price": 0.31}]}
{"t": 1776977103.330272, "events": [{"op": "set", "side": "ask", "price": 0.31, "size": 37.0}]}
{"t": 1776977107.342998, "events": [{"op": "delete", "side": "ask", "price": 0.31}]}
{"t": 1776977108.387475, "events": [{"op": "set", "side": "ask", "price": 0.31, "size": 37.0}]}
{"t": 1776977109.418417, "events": [{"op": "delete", "side": "ask", "price": 0.32}]}
{"t": 1776977111.429607, "events": [{"op": "set", "side": "ask", "price": 0.3, "size": 478.0}, {"op": "set", "side": "ask", "price": 0.02, "size": 127.0}, {"op": "set", "side": "ask", "price": 0.31, "size": 98.0}]}
{"t": 1776977112.4502468, "events": [{"op": "set", "side": "ask", "price": 0.31, "size": 61.0}, {"op": "set", "side": "ask", "price": 0.32, "size": 33.0}]}
{"t": 1776977114.464504, "events": [{"op": "delete", "side": "ask", "price": 0.31}]}
{"t": 1776977115.483753, "events": [{"op": "set", "side": "ask", "price": 0.32, "size": 97.0}]}
{"t": 1776977117.496323, "events": [{"op": "set", "side": "ask", "price": 0.32, "size": 64.0}]}
{"t": 1776977118.500858, "events": [{"op": "set", "side": "ask", "price": 0.31, "size": 37.0}]}
{"t": 1776977122.517152, "events": [{"op": "delete", "side": "ask", "price": 0.31}]}
{"t": 1776977123.525151, "events": [{"op": "set", "side": "ask", "price": 0.31, "size": 37.0}]}
{"t": 1776977127.5465631, "events": [{"op": "delete", "side": "ask", "price": 0.31}]}
{"t": 1776977128.558957, "events": [{"op": "set", "side": "ask", "price": 0.31, "size": 37.0}]}
{"t": 1776977130.577865, "events": [{"op": "set", "side": "bid", "price": 0.65, "size": 23.0}, {"op": "set", "side": "bid", "price": 0.02, "size": 15.0}, {"op": "set", "side": "bid", "price": 0.32, "size": 51.0}, {"op": "set", "side": "ask", "price": 0.3, "size": 204.0}, {"op": "delete", "side": "ask", "price": 0.32}]}
{"t": 1776977132.614957, "events": [{"op": "set", "side": "bid", "price": 0.02, "size": 30.0}, {"op": "set", "side": "ask", "price": 0.31, "size": 36.0}]}
{"t": 1776977137.645556, "events": [{"op": "delete", "side": "ask", "price": 0.31}]}
{"t": 1776977138.660905, "events": [{"op": "set", "side": "bid", "price": 0.02, "size": 15.0}, {"op": "set", "side": "ask", "price": 0.02, "size": 100.0}, {"op": "set", "side": "ask", "price": 0.31, "size": 36.0}]}
{"t": 1776977139.678973, "events": [{"op": "set", "side": "bid", "price": 0.01, "size": 2547.0}, {"op": "set", "side": "ask", "price": 0.01, "size": 181.0}]}
{"t": 1776977142.697314, "events": [{"op": "set", "side": "ask", "price": 0.3, "size": 159.0}, {"op": "delete", "side": "ask", "price": 0.31}, {"op": "set", "side": "ask", "price": 0.01, "size": 230.0}]}
{"t": 1776977143.710815, "events": [{"op": "set", "side": "ask", "price": 0.31, "size": 36.0}]}
{"t": 1776977154.83518, "events": [{"op": "set", "side": "bid", "price": 0.01, "size": 2442.0}, {"op": "set", "side": "ask", "price": 0.01, "size": 49.0}]}
{"t": 1776977155.842751, "events": [{"op": "set", "side": "bid", "price": 0.03, "size": 5.0}, {"op": "set", "side": "ask", "price": 0.03, "size": 26.0}]}
{"t": 1776977158.8606038, "events": [{"op": "delete", "side": "ask", "price": 0.31}, {"op": "set", "side": "ask", "price": 0.32, "size": 32.0}]}
{"t": 1776977162.883772, "events": [{"op": "delete", "side": "ask", "price": 0.32}]}
{"t": 1776977163.902998, "events": [{"op": "set", "side": "ask", "price": 0.31, "size": 36.0}]}
{"t": 1776977172.967772, "events": [{"op": "delete", "side": "ask", "price": 0.31}]}
{"t": 1776977173.988137, "events": [{"op": "set", "side": "ask", "price": 0.31, "size": 36.0}]}
