{"t": 1776975855.3857431, "events": [{"op": "set", "side": "bid", "price": 0.08, "size": 93.0}, {"op": "set", "side": "bid", "price": 0.07, "size": 59.0}]}
{"t": 1776975856.396708, "events": [{"op": "set", "side": "bid", "price": 0.08, "size": 111.0}, {"op": "set", "side": "bid", "price": 0.07, "size": 54.0}, {"op": "set", "side": "ask", "price": 0.73, "size": 417.0}, {"op": "set", "side": "ask", "price": 0.74, "size": 508.0}]}
{"t": 1776975859.432927, "events": [{"op": "set", "side": "bid", "price": 0.08, "size": 88.0}, {"op": "delete", "side": "bid", "price": 0.07}, {"op": "set", "side": "bid", "price": 0.04, "size": 387.0}]}
{"t": 1776975860.4405582, "events": [{"op": "set", "side": "bid", "price": 0.08, "size": 104.0}]}
{"t": 1776975866.4869819, "events": [{"op": "set", "side": "bid", "price": 0.08, "size": 114.0}, {"op": "set", "side": "bid", "price": 0.04, "size": 382.0}, {"op": "set", "side": "ask", "price": 0.73, "size": 416.0}, {"op": "set", "side": "ask", "price": 0.74, "size": 509.0}]}
{"t": 1776975870.536895, "events": [{"op": "set", "side": "bid", "price": 0.08, "size": 118.0}, {"op": "set", "side": "bid", "price": 0.04, "size": 389.0}]}
{"t": 1776975878.59487, "events": [{"op": "delete", "side": "bid", "price": 0.08}, {"op": "set", "side": "bid", "price": 0.04, "size": 322.0}, {"op": "set", "side": "bid", "price": 0.05, "size": 26.0}, {"op": "set", "side": "ask", "price": 0.69, "size": 28.0}, {"op": "set", "side": "ask", "price": 0.73, "size": 16.0}, {"op": "delete", "side": "ask", "price": 0.74}]}
{"t": 1776975882.637974, "events": [{"op": "set", "side": "bid", "price": 0.05, "size": 281.0}, {"op": "set", "side": "bid", "price": 0.04, "size": 340.0}, {"op": "set", "side": "bid", "price": 0.06, "size": 72.0}, {"op": "set", "side": "ask", "price": 0.66, "size": 53.0}, {"op": "set", "side": "ask", "price": 0.69, "size": 228.0}, {"op": "set", "side": "ask", "price": 0.73, "size": 380.0}, {"op": "set", "side": "ask", "price": 0.74, "size": 381.0}]}
{"t": 1776975883.6573179, "events": [{"op": "set", "side": "bid", "price": 0.05, "size": 255.0}, {"op": "set", "side": "bid", "price": 0.07, "size": 24.0}, {"op": "delete", "side": "ask", "price": 0.51}, {"op": "delete", "side": "ask", "price": 0.53}, {"op": "set", "side": "ask", "price": 0.02, "size": 115.0}, {"op": "set", "side": "ask", "price": 0.04, "size": 52.0}]}
{"t": 1776975889.700941, "events": [{"op": "set", "side": "bid", "price": 0.07, "size": 22.0}, {"op": "delete", "side": "bid", "price": 0.06}, {"op": "set", "side": "bid", "price": 0.05, "size": 25.0}, {"op": "set", "side": "bid", "price": 0.08, "size": 6.0}, {"op": "set", "side": "bid", "price": 0.04, "size": 337.0}, {"op": "set", "side": "ask", "price": 0.66, "size": 16.0}, {"op": "set", "side": "ask", "price": 0.69, "size": 102.0}, {"op": "set", "side": "ask", "price": 0.73, "size": 416.0}, {"op": "set", "side": "ask", "price": 0.74, "size": 509.0}]}
{"t": 1776975893.74344, "events": [{"op": "set", "side": "bid", "price": 0.05, "size": 26.0}]}
{"t": 1776975913.861079, "events": [{"op": "delete", "side": "bid", "price": 0.08}, {"op": "delete", "side": "bid", "price": 0.07}, {"op": "set", "side": "bid", "price": 0.05, "size": 25.0}]}
{"t": 1776975914.8911412, "events": [{"op": "set", "side": "bid", "price": 0.05, "size": 45.0}, {"op": "set", "side": "bid", "price": 0.04, "size": 338.0}, {"op": "set", "side": "bid", "price": 0.06, "size": 5.0}]}
{"t": 1776975917.960892, "events": [{"op": "set", "side": "bid", "price": 0.06, "size": 6.0}, {"op": "set", "side": "bid", "price": 0.05, "size": 49.0}]}
{"t": 1776975940.061205, "events": [{"op": "delete", "side": "bid", "price": 0.06}, {"op": "set", "side": "bid", "price": 0.04, "size": 322.0}, {"op": "set", "side": "bid", "price": 0.05, "size": 25.0}, {"op": "set", "side": "ask", "price": 0.69, "size": 28.0}, {"op": "set", "side": "ask", "price": 0.73, "size": 16.0}, {"op": "delete", "side": "ask", "price": 0.74}]}
{"t": 1776975942.095907, "events": [{"op": "set", "side": "bid", "price": 0.05, "size": 279.0}, {"op": "set", "side": "bid", "price": 0.04, "size": 340.0}, {"op": "set", "side": "bid", "price": 0.06, "size": 72.0}, {"op": "set", "side": "ask", "price": 0.66, "size": 53.0}, {"op": "set", "side": "ask", "price": 0.69, "size": 228.0}, {"op": "set", "side": "ask", "price": 0.73, "size": 380.0}, {"op": "set", "side": "ask", "price": 0.51, "size": 46.0}, {"op": "set", "side": "ask", "price": 0.02, "size": 100.0}, {"op": "delete", "side": "ask", "price": 0.04}, {"op": "set", "side": "ask", "price": 0.74, "size": 382.0}]}
{"t": 1776975943.110956, "events": [{"op": "set", "side": "bid", "price": 0.05, "size": 254.0}, {"op": "set", "side": "bid", "price": 0.07, "size": 24.0}, {"op": "set", "side": "ask", "price": 0.04, "size": 18.0}]}
{"t": 1776975945.176098, "events": [{"op": "delete", "side": "bid", "price": 0.06}, {"op": "delete", "side": "bid", "price": 0.05}, {"op": "set", "side": "ask", "price": 0.66, "size": 16.0}]}
{"t": 1776975947.2255669, "events": [{"op": "set", "side": "bid", "price": 0.04, "size": 337.0}]}
{"t": 1776975948.2322109, "events": [{"op": "set", "side": "bid", "price": 0.07, "size": 22.0}, {"op": "set", "side": "bid", "price": 0.08, "size": 6.0}, {"op": "set", "side": "ask", "price": 0.69, "size": 102.0}, {"op": "set", "side": "ask", "price": 0.73, "size": 416.0}, {"op": "set", "side": "ask", "price": 0.74, "size": 510.0}]}
{"t": 1776975949.255933, "events": [{"op": "set", "side": "bid", "price": 0.05, "size": 26.0}]}
{"t": 1776975951.2976189, "events": [{"op": "delete", "side": "bid", "price": 0.08}, {"op": "delete", "side": "bid", "price": 0.07}, {"op": "set", "side": "bid", "price": 0.04, "size": 322.0}, {"op": "set", "side": "ask", "price": 0.69, "size": 28.0}, {"op": "set", "side": "ask", "price": 0.73, "size": 16.0}, {"op": "delete", "side": "ask", "price": 0.74}]}
{"t": 1776975954.332581, "events": [{"op": "set", "side": "bid", "price": 0.05, "size": 255.0}, {"op": "set", "side": "bid", "price": 0.07, "size": 24.0}, {"op": "set", "side": "bid", "price": 0.06, "size": 72.0}, {"op": "set", "side": "bid", "price": 0.04, "size": 340.0}, {"op": "set", "side": "ask", "price": 0.66, "size": 53.0}, {"op": "set", "side": "ask", "price": 0.69, "size": 228.0}, {"op": "set", "side": "ask", "price": 0.73, "size": 380.0}, {"op": "set", "side": "ask", "price": 0.74, "size": 382.0}]}
{"t": 1776975959.372451, "events": [{"op": "set", "side": "bid", "price": 0.07, "size": 22.0}, {"op": "delete", "side": "bid", "price": 0.06}, {"op": "set", "side": "bid", "price": 0.05, "size": 26.0}, {"op": "set", "side": "bid", "price": 0.08, "size": 6.0}, {"op": "set", "side": "bid", "price": 0.04, "size": 337.0}, {"op": "set", "side": "ask", "price": 0.66, "size": 16.0}, {"op": "set", "side": "ask", "price": 0.69, "size": 102.0}, {"op": "set", "side": "ask", "price": 0.73, "size": 416.0}, {"op": "set", "side": "ask", "price": 0.74, "size": 510.0}]}
{"t": 1776975971.450849, "events": [{"op": "delete", "side": "bid", "price": 0.08}, {"op": "delete", "side": "bid", "price": 0.07}, {"op": "set", "side": "ask", "price": 0.73, "size": 380.0}]}
{"t": 1776975973.468818, "events": [{"op": "set", "side": "bid", "price": 0.05, "size": 46.0}, {"op": "set", "side": "bid", "price": 0.04, "size": 338.0}, {"op": "set", "side": "bid", "price": 0.06, "size": 5.0}, {"op": "set", "side": "ask", "price": 0.73, "size": 417.0}]}
{"t": 1776975978.524107, "events": [{"op": "set", "side": "bid", "price": 0.06, "size": 6.0}, {"op": "set", "side": "bid", "price": 0.05, "size": 50.0}]}
{"t": 1776975989.593303, "events": [{"op": "set", "side": "bid", "price": 0.06, "size": 7.0}, {"op": "set", "side": "bid", "price": 0.05, "size": 52.0}, {"op": "set", "side": "bid", "price": 0.04, "size": 341.0}]}
{"t": 1776976002.718677, "events": [{"op": "set", "side": "bid", "price": 0.05, "size": 54.0}, {"op": "set", "side": "bid", "price": 0.04, "size": 342.0}]}
{"t": 1776976005.821455, "events": [{"op": "set", "side": "bid", "price": 0.06, "size": 8.0}, {"op": "set", "side": "bid", "price": 0.05, "size": 56.0}, {"op": "set", "side": "bid", "price": 0.04, "size": 344.0}]}
{"t": 1776976011.8745532, "events": [{"op": "set", "side": "bid", "price": 0.05, "size": 46.0}, {"op": "set", "side": "bid", "price": 0.04, "size": 337.0}]}
{"t": 1776976012.8924701, "events": [{"op": "set", "side": "bid", "price": 0.05, "size": 58.0}, {"op": "set", "side": "bid", "price": 0.04, "size": 345.0}]}
{"t": 1776976021.967751, "events": [{"op": "set", "side": "bid", "price": 0.05, "size": 59.0}, {"op": "set", "side": "bid", "price": 0.04, "size": 346.0}]}
{"t": 1776976030.0649989, "events": [{"op": "set", "side": "bid", "price": 0.04, "size": 337.0}]}
{"t": 1776976031.0763671, "events": [{"op": "set", "side": "bid", "price": 0.04, "size": 347.0}]}
{"t": 1776976039.130999, "events": [{"op": "set", "side": "bid", "price": 0.06, "size": 5.0}, {"op": "set", "side": "bid", "price": 0.05, "size": 46.0}]}
{"t": 1776976040.136569, "events": [{"op": "set", "side": "bid", "price": 0.06, "size": 9.0}, {"op": "set", "side": "bid", "price": 0.05, "size": 60.0}]}
{"t": 1776976041.146323, "events": [{"op": "set", "side": "bid", "price": 0.05, "size": 46.0}, {"op": "set", "side": "bid", "price": 0.04, "size": 337.0}]}
{"t": 1776976042.1519518, "events": [{"op": "set", "side": "bid", "price": 0.05, "size": 61.0}, {"op": "set", "side": "bid", "price": 0.04, "size": 348.0}]}
{"t": 1776976044.185159, "events": [{"op": "delete", "side": "bid", "price": 0.06}, {"op": "set", "side": "bid", "price": 0.04, "size": 322.0}, {"op": "set", "side": "bid", "price": 0.05, "size": 26.0}, {"op": "set", "side": "ask", "price": 0.69, "size": 28.0}, {"op": "set", "side": "ask", "price": 0.73, "size": 16.0}, {"op": "delete", "side": "ask", "price": 0.74}]}
{"t": 1776976048.218187, "events": [{"op": "set", "side": "bid", "price": 0.05, "size": 255.0}, {"op": "set", "side": "bid", "price": 0.07, "size": 24.0}, {"op": "set", "side": "bid", "price": 0.06, "size": 72.0}, {"op": "set", "side": "bid", "price": 0.04, "size": 339.0}, {"op": "set", "side": "ask", "price": 0.66, "size": 53.0}, {"op": "set", "side": "ask", "price": 0.69, "size": 229.0}, {"op": "set", "side": "ask", "price": 0.73, "size": 381.0}, {"op": "set", "side": "ask", "price": 0.74, "size": 382.0}]}
{"t": 1776976049.2295182, "events": [{"op": "delete", "side": "bid", "price": 0.07}, {"op": "delete", "side": "bid", "price": 0.06}, {"op": "delete", "side": "bid", "price": 0.05}, {"op": "delete", "side": "ask", "price": 0.51}, {"op": "set", "side": "ask", "price": 0.66, "size": 16.0}, {"op": "set", "side": "ask", "price": 0.02, "size": 148.0}]}
{"t": 1776976050.238752, "events": [{"op": "set", "side": "bid", "price": 0.04, "size": 337.0}, {"op": "set", "side": "bid", "price": 0.08, "size": 5.0}, {"op": "set", "side": "bid", "price": 0.07, "size": 21.0}, {"op": "set", "side": "bid", "price": 0.05, "size": 25.0}, {"op": "set", "side": "ask", "price": 0.69, "size": 102.0}, {"op": "set", "side": "ask", "price": 0.73, "size": 417.0}, {"op": "set", "side": "ask", "price": 0.74, "size": 510.0}]}
{"t": 1776976053.276522, "events": [{"op": "delete", "side": "bid", "price": 0.05}]}
{"t": 1776976054.2832232, "events": [{"op": "set", "side": "bid", "price": 0.05, "size": 26.0}]}
{"t": 1776976058.306615, "events": [{"op": "delete", "side": "bid", "price": 0.08}, {"op": "delete", "side": "bid", "price": 0.07}, {"op": "set", "side": "bid", "price": 0.04, "size": 322.0}, {"op": "set", "side": "ask", "price": 0.69, "size": 28.0}, {"op": "set", "side": "ask", "price": 0.73, "size": 16.0}, {"op": "delete", "side": "ask", "price": 0.74}]}
{"t": 1776976059.3257349, "events": [{"op": "set", "side": "ask", "price": 0.03, "size": 86.0}, {"op": "set", "side": "ask", "price": 0.51, "size": 28.0}, {"op": "delete", "side": "ask", "price": 0.04}]}
{"t": 1776976061.337662, "events": [{"op": "set", "side": "bid", "price": 0.05, "size": 281.0}, {"op": "set", "side": "bid", "price": 0.04, "size": 339.0}, {"op": "set", "side": "bid", "price": 0.06, "size": 72.0}, {"op": "set", "side": "ask", "price": 0.66, "size": 53.0}, {"op": "set", "side": "ask", "price": 0.69, "size": 229.0}, {"op": "set", "side": "ask", "price": 0.73, "size": 381.0}, {"op": "set", "side": "ask", "price": 0.74, "size": 383.0}]}
{"t": 1776976063.365494, "events": [{"op": "set", "side": "bid", "price": 0.05, "size": 255.0}]}
{"t": 1776976064.375992, "events": [{"op": "set", "side": "bid", "price": 0.07, "size": 24.0}]}
{"t": 1776976065.3873029, "events": [{"op": "delete", "side": "bid", "price": 0.06}, {"op": "delete", "side": "bid", "price": 0.05}, {"op": "set", "side": "bid", "price": 0.04, "size": 337.0}, {"op": "set", "side": "ask", "price": 0.66, "size": 16.0}, {"op": "set", "side": "ask", "price": 0.69, "size": 102.0}]}
{"t": 1776976066.397533, "events": [{"op": "set", "side": "bid", "price": 0.07, "size": 45.0}, {"op": "set", "side": "bid", "price": 0.08, "size": 5.0}, {"op": "set", "side": "ask", "price": 0.73, "size": 417.0}, {"op": "set", "side": "ask", "price": 0.74, "size": 510.0}]}
{"t": 1776976075.471221, "events": [{"op": "set", "side": "bid", "price": 0.08, "size": 6.0}, {"op": "set", "side": "bid", "price": 0.07, "size": 48.0}, {"op": "set", "side": "bid", "price": 0.04, "size": 339.0}, {"op": "set", "side": "ask", "price": 0.02, "size": 100.0}, {"op": "set", "side": "ask", "price": 0.04, "size": 43.0}]}
{"t": 1776976077.482344, "events": [{"op": "set", "side": "bid", "price": 0.08, "size": 5.0}, {"op": "set", "side": "bid", "price": 0.07, "size": 45.0}, {"op": "set", "side": "bid", "price": 0.04, "size": 337.0}]}
{"t": 1776976078.494921, "events": [{"op": "set", "side": "bid", "price": 0.08, "size": 7.0}, {"op": "set", "side": "bid", "price": 0.07, "size": 50.0}, {"op": "set", "side": "bid", "price": 0.04, "size": 341.0}]}
{"t": 1776976085.548361, "events": [{"op": "delete", "side": "bid", "price": 0.08}, {"op": "delete", "side": "bid", "price": 0.07}, {"op": "set", "side": "bid", "price": 0.04, "size": 322.0}, {"op": "set", "side": "ask", "price": 0.69, "size": 28.0}, {"op": "set", "side": "ask", "price": 0.73, "size": 16.0}, {"op": "delete", "side": "ask", "price": 0.74}]}
{"t": 1776976086.5729961, "events": [{"op": "set", "side": "bid", "price": 0.05, "size": 26.0}]}
{"t": 1776976088.582797, "events": [{"op": "set", "side": "bid", "price": 0.05, "size": 255.0}, {"op": "set", "side": "bid", "price": 0.04, "size": 339.0}, {"op": "set", "side": "bid", "price": 0.06, "size": 72.0}, {"op": "set", "side": "ask", "price": 0.66, "size": 53.0}, {"op": "set", "side": "ask", "price": 0.69, "size": 229.0}, {"op": "set", "side": "ask", "price": 0.73, "size": 381.0}, {"op": "set", "side": "ask", "price": 0.74, "size": 383.0}]}
{"t": 1776976089.58958, "events": [{"op": "set", "side": "bid", "price": 0.07, "size": 24.0}]}
{"t": 1776976091.599458, "events": [{"op": "delete", "side": "bid", "price": 0.06}, {"op": "delete", "side": "bid", "price": 0.05}, {"op": "set", "side": "bid", "price": 0.04, "size": 337.0}, {"op": "set", "side": "ask", "price": 0.66, "size": 16.0}, {"op": "set", "side": "ask", "price": 0.69, "size": 102.0}]}
{"t": 1776976092.6074328, "events": [{"op": "set", "side": "bid", "price": 0.07, "size": 45.0}, {"op": "set", "side": "bid", "price": 0.08, "size": 5.0}, {"op": "set", "side": "ask", "price": 0.73, "size": 417.0}, {"op": "set", "side": "ask", "price": 0.74, "size": 510.0}]}
{"t": 1776976097.657048, "events": [{"op": "set", "side": "bid", "price": 0.08, "size": 6.0}, {"op": "set", "side": "bid", "price": 0.07, "size": 48.0}, {"op": "set", "side": "bid", "price": 0.04, "size": 339.0}, {"op": "delete", "side": "ask", "price": 0.51}, {"op": "set", "side": "ask", "price": 0.03, "size": 110.0}]}
{"t": 1776976099.67869, "events": [{"op": "set", "side": "bid", "price": 0.08, "size": 5.0}, {"op": "set", "side": "bid", "price": 0.07, "size": 45.0}, {"op": "set", "side": "bid", "price": 0.04, "size": 337.0}, {"op": "set", "side": "ask", "price": 0.73, "size": 381.0}, {"op": "set", "side": "ask", "price": 0.74, "size": 383.0}]}
{"t": 1776976100.698726, "events": [{"op": "set", "side": "bid", "price": 0.08, "size": 7.0}, {"op": "set", "side": "bid", "price": 0.07, "size": 50.0}, {"op": "set", "side": "bid", "price": 0.04, "size": 341.0}, {"op": "set", "side": "ask", "price": 0.73, "size": 418.0}, {"op": "set", "side": "ask", "price": 0.74, "size": 511.0}]}
{"t": 1776976113.775799, "events": [{"op": "set", "side": "bid", "price": 0.07, "size": 52.0}, {"op": "set", "side": "bid", "price": 0.04, "size": 342.0}]}
{"t": 1776976116.79982, "events": [{"op": "set", "side": "bid", "price": 0.08, "size": 8.0}, {"op": "set", "side": "bid", "price": 0.07, "size": 54.0}, {"op": "set", "side": "bid", "price": 0.04, "size": 344.0}]}
{"t": 1776976128.8931751, "events": [{"op": "set", "side": "bid", "price": 0.07, "size": 55.0}, {"op": "set", "side": "bid", "price": 0.04, "size": 345.0}]}
{"t": 1776976130.9047801, "events": [{"op": "set", "side": "bid", "price": 0.07, "size": 56.0}]}
{"t": 1776976135.934583, "events": [{"op": "delete", "side": "bid", "price": 0.08}, {"op": "set", "side": "bid", "price": 0.07, "size": 24.0}, {"op": "set", "side": "bid", "price": 0.04, "size": 322.0}, {"op": "set", "side": "ask", "price": 0.69, "size": 28.0}, {"op": "set", "side": "ask", "price": 0.73, "size": 16.0}, {"op": "delete", "side": "ask", "price": 0.74}]}
{"t": 1776976136.9557, "events": [{"op": "delete", "side": "bid", "price": 0.07}, {"op": "set", "side": "bid", "price": 0.05, "size": 26.0}, {"op": "set", "side": "ask", "price": 0.03, "size": 86.0}, {"op": "set", "side": "ask", "price": 0.51, "size": 57.0}, {"op": "set", "side": "ask", "price": 0.04, "size": 22.0}]}
{"t": 1776976139.976351, "events": [{"op": "set", "side": "bid", "price": 0.05, "size": 255.0}, {"op": "set", "side": "bid", "price": 0.07, "size": 24.0}, {"op": "set", "side": "bid", "price": 0.06, "size": 72.0}, {"op": "set", "side": "bid", "price": 0.04, "size": 339.0}, {"op": "set", "side": "ask", "price": 0.66, "size": 53.0}, {"op": "set", "side": "ask", "price": 0.69, "size": 229.0}, {"op": "set", "side": "ask", "price": 0.73, "size": 381.0}, {"op": "set", "side": "ask", "price": 0.74, "size": 383.0}]}
{"t": 1776976152.035327, "events": [{"op": "delete", "side": "bid", "price": 0.07}, {"op": "delete", "side": "bid", "price": 0.06}, {"op": "delete", "side": "bid", "price": 0.05}, {"op": "set", "side": "bid", "price": 0.04, "size": 322.0}, {"op": "set", "side": "ask", "price": 0.66, "size": 16.0}, {"op": "set", "side": "ask", "price": 0.69, "size": 28.0}, {"op": "set", "side": "ask", "price": 0.73, "size": 16.0}, {"op": "delete", "side": "ask", "price": 0.74}]}
{"t": 1776976153.054967, "events": [{"op": "set", "side": "bid", "price": 0.05, "size": 26.0}]}
{"t": 1776976154.063997, "events": [{"op": "set", "side": "bid", "price": 0.05, "size": 175.0}, {"op": "set", "side": "bid", "price": 0.04, "size": 879.0}, {"op": "set", "side": "bid", "price": 0.01, "size": 1549.0}, {"op": "set", "side": "ask", "price": 0.66, "size": 53.0}, {"op": "set", "side": "ask", "price": 0.69, "size": 230.0}, {"op": "set", "side": "ask", "price": 0.73, "size": 382.0}, {"op": "set", "side": "ask", "price": 0.74, "size": 383.0}]}
{"t": 1776976172.213068, "events": [{"op": "set", "side": "bid", "price": 0.04, "size": 435.0}, {"op": "set", "side": "bid", "price": 0.01, "size": 1330.0}, {"op": "set", "side": "ask", "price": 0.66, "size": 16.0}, {"op": "set", "side": "ask", "price": 0.69, "size": 102.0}]}
{"t": 1776976173.230133, "events": [{"op": "set", "side": "bid", "price": 0.05, "size": 311.0}, {"op": "set", "side": "bid", "price": 0.07, "size": 24.0}, {"op": "set", "side": "bid", "price": 0.06, "size": 84.0}, {"op": "set", "side": "ask", "price": 0.73, "size": 418.0}, {"op": "set", "side": "ask", "price": 0.74, "size": 511.0}]}
{"t": 1776976175.24962, "events": [{"op": "delete", "side": "bid", "price": 0.06}, {"op": "delete", "side": "bid", "price": 0.05}, {"op": "delete", "side": "ask", "price": 0.51}, {"op": "set", "side": "ask", "price": 0.03, "size": 132.0}]}
{"t": 1776976176.259373, "events": [{"op": "set", "side": "bid", "price": 0.04, "size": 337.0}]}
{"t": 1776976177.2679732, "events": [{"op": "set", "side": "bid", "price": 0.07, "size": 95.0}, {"op": "set", "side": "bid", "price": 0.08, "size": 20.0}]}
{"t": 1776976178.273995, "events": [{"op": "set", "side": "bid", "price": 0.07, "size": 71.0}]}
{"t": 1776976179.287406, "events": [{"op": "set", "side": "bid", "price": 0.05, "size": 27.0}]}
{"t": 1776976183.318472, "events": [{"op": "delete", "side": "bid", "price": 0.05}]}
{"t": 1776976184.330831, "events": [{"op": "set", "side": "bid", "price": 0.05, "size": 27.0}]}
{"t": 1776976188.349905, "events": [{"op": "delete", "side": "bid", "price": 0.05}]}
{"t": 1776976189.36215, "events": [{"op": "set", "side": "bid", "price": 0.05, "size": 27.0}]}
{"t": 1776976193.395335, "events": [{"op": "delete", "side": "bid", "price": 0.05}]}
{"t": 1776976194.405488, "events": [{"op": "set", "side": "bid", "price": 0.05, "size": 27.0}]}
{"t": 1776976197.420757, "events": [{"op": "delete", "side": "bid", "price": 0.08}, {"op": "delete", "side": "bid", "price": 0.07}, {"op": "set", "side": "bid", "price": 0.04, "size": 338.0}]}
{"t": 1776976198.435571, "events": [{"op": "set", "side": "bid", "price": 0.05, "size": 48.0}, {"op": "set", "side": "bid", "price": 0.04, "size": 340.0}, {"op": "set", "side": "bid", "price": 0.06, "size": 5.0}]}
{"t": 1776976204.476952, "events": [{"op": "delete", "side": "bid", "price": 0.06}, {"op": "set", "side": "bid", "price": 0.04, "size": 323.0}, {"op": "set", "side": "bid", "price": 0.05, "size": 27.0}, {"op": "set", "side": "ask", "price": 0.03, "size": 86.0}, {"op": "set", "side": "ask", "price": 0.69, "size": 28.0}, {"op": "set", "side": "ask", "price": 0.73, "size": 16.0}, {"op": "set", "side": "ask", "price": 0.51, "size": 52.0}, {"op": "delete", "side": "ask", "price": 0.04}, {"op": "delete", "side": "ask", "price": 0.74}]}
{"t": 1776976207.508864, "events": [{"op": "set", "side": "bid", "price": 0.05, "size": 255.0}, {"op": "set", "side": "bid", "price": 0.07, "size": 24.0}, {"op": "set", "side": "bid", "price": 0.06, "size": 73.0}, {"op": "set", "side": "bid", "price": 0.04, "size": 341.0}, {"op": "set", "side": "ask", "price": 0.66, "size": 53.0}, {"op": "set", "side": "ask", "price": 0.69, "size": 230.0}, {"op": "set", "side": "ask", "price": 0.73, "size": 382.0}, {"op": "set", "side": "ask", "price": 0.04, "size": 28.0}, {"op": "set", "side": "ask", "price": 0.74, "size": 384.0}]}
{"t": 1776976208.525941, "events": [{"op": "set", "side": "bid", "price": 0.04, "size": 340.0}]}
{"t": 1776976214.569775, "events": [{"op": "delete", "side": "bid", "price": 0.06}, {"op": "delete", "side": "bid", "price": 0.05}, {"op": "set", "side": "ask", "price": 0.66, "size": 16.0}]}
{"t": 1776976215.5757089, "events": [{"op": "set", "side": "bid", "price": 0.07, "size": 22.0}, {"op": "set", "side": "bid", "price": 0.08, "size": 6.0}, {"op": "set", "side": "bid", "price": 0.05, "size": 26.0}, {"op": "set", "side": "bid", "price": 0.04, "size": 337.0}, {"op": "set", "side": "ask", "price": 0.69, "size": 102.0}, {"op": "set", "side": "ask", "price": 0.73, "size": 419.0}, {"op": "set", "side": "ask", "price": 0.74, "size": 512.0}]}
{"t": 1776976217.597552, "events": [{"op": "delete", "side": "bid", "price": 0.08}, {"op": "delete", "side": "bid", "price": 0.07}]}
{"t": 1776976218.6080482, "events": [{"op": "set", "side": "bid", "price": 0.05, "size": 46.0}, {"op": "set", "side": "bid", "price": 0.04, "size": 338.0}, {"op": "set", "side": "bid", "price": 0.06, "size": 5.0}]}
{"t": 1776976222.6332319, "events": [{"op": "set", "side": "bid", "price": 0.06, "size": 6.0}, {"op": "set", "side": "bid", "price": 0.05, "size": 50.0}]}
{"t": 1776976223.6436858, "events": [{"op": "set", "side": "bid", "price": 0.06, "size": 7.0}, {"op": "set", "side": "bid", "price": 0.05, "size": 52.0}, {"op": "set", "side": "bid", "price": 0.04, "size": 341.0}]}
{"t": 1776976254.822479, "events": [{"op": "set", "side": "bid", "price": 0.05, "size": 46.0}, {"op": "set", "side": "bid", "price": 0.04, "size": 337.0}]}
{"t": 1776976255.835129, "events": [{"op": "set", "side": "bid", "price": 0.05, "size": 54.0}, {"op": "set", "side": "bid", "price": 0.04, "size": 342.0}]}
{"t": 1776976259.875783, "events": [{"op": "set", "side": "bid", "price": 0.06, "size": 5.0}, {"op": "set", "side": "bid", "price": 0.05, "size": 46.0}, {"op": "set", "side": "bid", "price": 0.04, "size": 337.0}]}
{"t": 1776976260.885631, "events": [{"op": "set", "side": "bid", "price": 0.06, "size": 8.0}, {"op": "set", "side": "bid", "price": 0.05, "size": 56.0}, {"op": "set", "side": "bid", "price": 0.04, "size": 344.0}]}
{"t": 1776976276.0147579, "events": [{"op": "set", "side": "bid", "price": 0.05, "size": 46.0}, {"op": "set", "side": "bid", "price": 0.04, "size": 337.0}]}
{"t": 1776976277.039475, "events": [{"op": "set", "side": "bid", "price": 0.05, "size": 58.0}, {"op": "set", "side": "bid", "price": 0.04, "size": 345.0}]}
{"t": 1776976280.070851, "events": [{"op": "set", "side": "bid", "price": 0.05, "size": 46.0}, {"op": "set", "side": "bid", "price": 0.04, "size": 337.0}]}
{"t": 1776976281.087897, "events": [{"op": "set", "side": "bid", "price": 0.05, "size": 59.0}, {"op": "set", "side": "bid", "price": 0.04, "size": 346.0}]}
{"t": 1776976285.139929, "events": [{"op": "delete", "side": "bid", "price": 0.06}, {"op": "set", "side": "bid", "price": 0.04, "size": 322.0}, {"op": "set", "side": "bid", "price": 0.05, "size": 26.0}, {"op": "set", "side": "ask", "price": 0.69, "size": 28.0}, {"op": "set", "side": "ask", "price": 0.73, "size": 16.0}, {"op": "delete", "side": "ask", "price": 0.74}]}
{"t": 1776976287.161626, "events": [{"op": "set", "side": "bid", "price": 0.05, "size": 255.0}, {"op": "set", "side": "bid", "price": 0.07, "size": 24.0}, {"op": "set", "side": "bid", "price": 0.06, "size": 72.0}, {"op": "set", "side": "bid", "price": 0.04, "size": 339.0}, {"op": "set", "side": "ask", "price": 0.66, "size": 53.0}, {"op": "set", "side": "ask", "price": 0.69, "size": 230.0}, {"op": "set", "side": "ask", "price": 0.73, "size": 382.0}, {"op": "set", "side": "ask", "price": 0.74, "size": 384.0}]}
{"t": 1776976301.276474, "events": [{"op": "delete", "side": "bid", "price": 0.07}, {"op": "delete", "side": "bid", "price": 0.06}, {"op": "set", "side": "bid", "price": 0.05, "size": 26.0}, {"op": "set", "side": "bid", "price": 0.04, "size": 322.0}, {"op": "delete", "side": "ask", "price": 0.51}, {"op": "set", "side": "ask", "price": 0.66, "size": 16.0}, {"op": "set", "side": "ask", "price": 0.69, "size": 28.0}, {"op": "set", "side": "ask", "price": 0.73, "size": 16.0}, {"op": "set", "side": "ask", "price": 0.03, "size": 131.0}, {"op": "delete", "side": "ask", "price": 0.04}, {"op": "delete", "side": "ask", "price": 0.74}]}
{"t": 1776976304.313708, "events": [{"op": "set", "side": "bid", "price": 0.05, "size": 255.0}, {"op": "set", "side": "bid", "price": 0.07, "size": 24.0}, {"op": "set", "side": "bid", "price": 0.06, "size": 72.0}, {"op": "set", "side": "bid", "price": 0.04, "size": 339.0}, {"op": "set", "side": "ask", "price": 0.66, "size": 53.0}, {"op": "set", "side": "ask", "price": 0.69, "size": 230.0}, {"op": "set", "side": "ask", "price": 0.73, "size": 382.0}, {"op": "set", "side": "ask", "price": 0.51, "size": 26.0}, {"op": "set", "side": "ask", "price": 0.74, "size": 384.0}]}
{"t": 1776976306.360851, "events": [{"op": "delete", "side": "bid", "price": 0.06}, {"op": "delete", "side": "bid", "price": 0.05}, {"op": "set", "side": "ask", "price": 0.66, "size": 16.0}]}
{"t": 1776976307.3653572, "events": [{"op": "set", "side": "bid", "price": 0.07, "size": 45.0}, {"op": "set", "side": "bid", "price": 0.04, "size": 337.0}, {"op": "set", "side": "bid", "price": 0.08, "size": 5.0}, {"op": "set", "side": "ask", "price": 0.69, "size": 102.0}, {"op": "set", "side": "ask", "price": 0.73, "size": 419.0}, {"op": "set", "side": "ask", "price": 0.74, "size": 512.0}]}
{"t": 1776976323.4797351, "events": [{"op": "set", "side": "ask", "price": 0.74, "size": 384.0}]}
{"t": 1776976324.50117, "events": [{"op": "set", "side": "bid", "price": 0.08, "size": 6.0}, {"op": "set", "side": "bid", "price": 0.07, "size": 48.0}, {"op": "set", "side": "bid", "price": 0.04, "size": 339.0}, {"op": "set", "side": "ask", "price": 0.74, "size": 513.0}]}
{"t": 1776976332.56369, "events": [{"op": "set", "side": "bid", "price": 0.08, "size": 5.0}, {"op": "set", "side": "bid", "price": 0.07, "size": 45.0}, {"op": "set", "side": "bid", "price": 0.04, "size": 337.0}]}
{"t": 1776976333.587355, "events": [{"op": "set", "side": "bid", "price": 0.08, "size": 7.0}, {"op": "set", "side": "bid", "price": 0.07, "size": 50.0}, {"op": "set", "side": "bid", "price": 0.04, "size": 341.0}]}
{"t": 1776976334.603316, "events": [{"op": "set", "side": "bid", "price": 0.07, "size": 45.0}, {"op": "set", "side": "bid", "price": 0.04, "size": 337.0}]}
{"t": 1776976336.625223, "events": [{"op": "set", "side": "bid", "price": 0.07, "size": 52.0}, {"op": "set", "side": "bid", "price": 0.04, "size": 342.0}]}
{"t": 1776976339.6474261, "events": [{"op": "set", "side": "bid", "price": 0.08, "size": 5.0}, {"op": "set", "side": "bid", "price": 0.07, "size": 45.0}, {"op": "set", "side": "bid", "price": 0.04, "size": 315.0}]}
{"t": 1776976340.6580539, "events": [{"op": "delete", "side": "bid", "price": 0.08}, {"op": "set", "side": "bid", "price": 0.07, "size": 24.0}, {"op": "set", "side": "bid", "price": 0.04, "size": 322.0}, {"op": "set", "side": "ask", "price": 0.03, "size": 86.0}, {"op": "set", "side": "ask", "price": 0.69, "size": 28.0}, {"op": "set", "side": "ask", "price": 0.73, "size": 16.0}, {"op": "set", "side": "ask", "price": 0.04, "size": 53.0}, {"op": "delete", "side": "ask", "price": 0.74}]}
{"t": 1776976341.674314, "events": [{"op": "set", "side": "bid", "price": 0.07, "size": 9.0}, {"op": "set", "side": "bid", "price": 0.04, "size": 329.0}, {"op": "set", "side": "bid", "price": 0.08, "size": 3.0}]}
{"t": 1776976342.686982, "events": [{"op": "delete", "side": "bid", "price": 0.08}, {"op": "delete", "side": "bid", "price": 0.07}, {"op": "set", "side": "bid", "price": 0.05, "size": 26.0}]}
{"t": 1776976344.703347, "events": [{"op": "set", "side": "bid", "price": 0.04, "size": 322.0}]}
{"t": 1776976347.7271721, "events": [{"op": "set", "side": "bid", "price": 0.05, "size": 281.0}, {"op": "set", "side": "bid", "price": 0.04, "size": 339.0}, {"op": "set", "side": "bid", "price": 0.06, "size": 72.0}, {"op": "set", "side": "ask", "price": 0.69, "size": 102.0}, {"op": "set", "side": "ask", "price": 0.73, "size": 419.0}, {"op": "set", "side": "ask", "price": 0.74, "size": 513.0}]}
{"t": 1776976348.738213, "events": [{"op": "set", "side": "bid", "price": 0.05, "size": 255.0}]}
{"t": 1776976349.756854, "events": [{"op": "set", "side": "bid", "price": 0.07, "size": 24.0}, {"op": "delete", "side": "ask", "price": 0.51}, {"op": "set", "side": "ask", "price": 0.03, "size": 110.0}]}
{"t": 1776976351.775647, "events": [{"op": "delete", "side": "bid", "price": 0.07}, {"op": "delete", "side": "bid", "price": 0.06}, {"op": "delete", "side": "bid", "price": 0.05}, {"op": "set", "side": "bid", "price": 0.04, "size": 322.0}, {"op": "set", "side": "ask", "price": 0.69, "size": 28.0}, {"op": "set", "side": "ask", "price": 0.73, "size": 16.0}, {"op": "delete", "side": "ask", "price": 0.74}]}
{"t": 1776976352.80179, "events": [{"op": "set", "side": "bid", "price": 0.05, "size": 26.0}]}
{"t": 1776976356.839608, "events": [{"op": "set", "side": "bid", "price": 0.05, "size": 255.0}, {"op": "set", "side": "bid", "price": 0.04, "size": 339.0}, {"op": "set", "side": "bid", "price": 0.06, "size": 72.0}, {"op": "set", "side": "ask", "price": 0.66, "size": 53.0}, {"op": "set", "side": "ask", "price": 0.69, "size": 230.0}, {"op": "set", "side": "ask", "price": 0.73, "size": 382.0}, {"op": "set", "side": "ask", "price": 0.74, "size": 385.0}]}
{"t": 1776976357.858582, "events": [{"op": "set", "side": "bid", "price": 0.07, "size": 24.0}]}
{"t": 1776976359.87871, "events": [{"op": "delete", "side": "bid", "price": 0.06}, {"op": "delete", "side": "bid", "price": 0.05}, {"op": "set", "side": "ask", "price": 0.66, "size": 16.0}]}
{"t": 1776976360.895073, "events": [{"op": "set", "side": "bid", "price": 0.07, "size": 21.0}, {"op": "set", "side": "bid", "price": 0.04, "size": 337.0}, {"op": "set", "side": "bid", "price": 0.08, "size": 5.0}, {"op": "set", "side": "ask", "price": 0.69, "size": 102.0}, {"op": "set", "side": "ask", "price": 0.73, "size": 419.0}, {"op": "set", "side": "ask", "price": 0.74, "size": 513.0}]}
{"t": 1776976362.91397, "events": [{"op": "delete", "side": "bid", "price": 0.08}, {"op": "delete", "side": "bid", "price": 0.07}, {"op": "set", "side": "bid", "price": 0.05, "size": 26.0}]}
{"t": 1776976363.930155, "events": [{"op": "set", "side": "bid", "price": 0.05, "size": 46.0}, {"op": "set", "side": "bid", "price": 0.04, "size": 338.0}, {"op": "set", "side": "bid", "price": 0.06, "size": 5.0}]}
{"t": 1776976390.085834, "events": [{"op": "set", "side": "bid", "price": 0.06, "size": 6.0}, {"op": "set", "side": "bid", "price": 0.05, "size": 50.0}, {"op": "set", "side": "ask", "price": 0.73, "size": 420.0}]}
{"t": 1776976393.108543, "events": [{"op": "set", "side": "bid", "price": 0.06, "size": 5.0}, {"op": "set", "side": "bid", "price": 0.05, "size": 46.0}, {"op": "set", "side": "bid", "price": 0.04, "size": 337.0}]}
{"t": 1776976394.119156, "events": [{"op": "set", "side": "bid", "price": 0.06, "size": 7.0}, {"op": "set", "side": "bid", "price": 0.05, "size": 52.0}, {"op": "set", "side": "bid", "price": 0.04, "size": 341.0}]}
{"t": 1776976415.243485, "events": [{"op": "set", "side": "bid", "price": 0.05, "size": 46.0}, {"op": "set", "side": "bid", "price": 0.04, "size": 337.0}]}
{"t": 1776976416.25911, "events": [{"op": "set", "side": "bid", "price": 0.05, "size": 54.0}, {"op": "set", "side": "bid", "price": 0.04, "size": 342.0}]}
{"t": 1776976423.3098712, "events": [{"op": "set", "side": "bid", "price": 0.06, "size": 8.0}, {"op": "set", "side": "bid", "price": 0.05, "size": 56.0}, {"op": "set", "side": "bid", "price": 0.04, "size": 344.0}]}
{"t": 1776976425.340163, "events": [{"op": "delete", "side": "bid", "price": 0.06}, {"op": "set", "side": "bid", "price": 0.04, "size": 322.0}, {"op": "set", "side": "bid", "price": 0.05, "size": 26.0}, {"op": "set", "side": "ask", "price": 0.69, "size": 28.0}, {"op": "set", "side": "ask", "price": 0.73, "size": 16.0}, {"op": "delete", "side": "ask", "price": 0.74}]}
{"t": 1776976428.364198, "events": [{"op": "set", "side": "bid", "price": 0.05, "size": 254.0}, {"op": "set", "side": "bid", "price": 0.04, "size": 338.0}, {"op": "set", "side": "bid", "price": 0.06, "size": 72.0}, {"op": "set", "side": "ask", "price": 0.03, "size": 86.0}, {"op": "set", "side": "ask", "price": 0.69, "size": 102.0}, {"op": "set", "side": "ask", "price": 0.73, "size": 420.0}, {"op": "set", "side": "ask", "price": 0.51, "size": 51.0}, {"op": "set", "side": "ask", "price": 0.04, "size": 29.0}, {"op": "set", "side": "ask", "price": 0.74, "size": 513.0}]}
{"t": 1776976429.3717241, "events": [{"op": "set", "side": "bid", "price": 0.07, "size": 24.0}]}
{"t": 1776976430.376935, "events": [{"op": "delete", "side": "bid", "price": 0.06}, {"op": "delete", "side": "bid", "price": 0.05}]}
{"t": 1776976431.391558, "events": [{"op": "set", "side": "bid", "price": 0.07, "size": 20.0}, {"op": "set", "side": "bid", "price": 0.04, "size": 337.0}, {"op": "set", "side": "bid", "price": 0.08, "size": 5.0}]}
{"t": 1776976432.401032, "events": [{"op": "set", "side": "bid", "price": 0.05, "size": 26.0}]}
{"t": 1776976435.41402, "events": [{"op": "delete", "side": "bid", "price": 0.05}]}
{"t": 1776976436.4190028, "events": [{"op": "delete", "side": "bid", "price": 0.08}, {"op": "delete", "side": "bid", "price": 0.07}, {"op": "set", "side": "bid", "price": 0.05, "size": 26.0}]}
{"t": 1776976437.425882, "events": [{"op": "set", "side": "bid", "price": 0.05, "size": 66.0}, {"op": "set", "side": "bid", "price": 0.04, "size": 499.0}, {"op": "set", "side": "bid", "price": 0.01, "size": 1546.0}]}
{"t": 1776976438.4467258, "events": [{"op": "set", "side": "bid", "price": 0.04, "size": 354.0}, {"op": "set", "side": "bid", "price": 0.01, "size": 1330.0}]}
{"t": 1776976439.456811, "events": [{"op": "set", "side": "bid", "price": 0.05, "size": 172.0}, {"op": "set", "side": "bid", "price": 0.06, "size": 40.0}]}
{"t": 1776976440.468045, "events": [{"op": "set", "side": "bid", "price": 0.05, "size": 146.0}, {"op": "set", "side": "bid", "price": 0.07, "size": 23.0}]}
{"t": 1776976442.480271, "events": [{"op": "set", "side": "bid", "price": 0.07, "size": 51.0}, {"op": "delete", "side": "bid", "price": 0.06}, {"op": "delete", "side": "bid", "price": 0.05}, {"op": "set", "side": "bid", "price": 0.08, "size": 7.0}, {"op": "set", "side": "bid", "price": 0.04, "size": 337.0}, {"op": "set", "side": "ask", "price": 0.74, "size": 514.0}]}
{"t": 1776976443.4918458, "events": [{"op": "set", "side": "bid", "price": 0.07, "size": 50.0}, {"op": "set", "side": "bid", "price": 0.04, "size": 344.0}]}
{"t": 1776976451.535392, "events": [{"op": "set", "side": "bid", "price": 0.04, "size": 343.0}]}
{"t": 1776976452.543754, "events": [{"op": "set", "side": "bid", "price": 0.08, "size": 8.0}, {"op": "set", "side": "bid", "price": 0.07, "size": 53.0}]}
{"t": 1776976455.5719721, "events": [{"op": "set", "side": "bid", "price": 0.04, "size": 345.0}]}
{"t": 1776976457.590011, "events": [{"op": "set", "side": "bid", "price": 0.07, "size": 50.0}]}
{"t": 1776976459.62, "events": [{"op": "set", "side": "bid", "price": 0.07, "size": 54.0}]}
{"t": 1776976461.631319, "events": [{"op": "set", "side": "bid", "price": 0.07, "size": 50.0}]}
{"t": 1776976462.638276, "events": [{"op": "set", "side": "bid", "price": 0.07, "size": 55.0}]}
{"t": 1776976465.66493, "events": [{"op": "delete", "side": "bid", "price": 0.08}, {"op": "delete", "side": "bid", "price": 0.07}, {"op": "set", "side": "bid", "price": 0.04, "size": 322.0}, {"op": "set", "side": "bid", "price": 0.05, "size": 26.0}, {"op": "set", "side": "ask", "price": 0.69, "size": 28.0}, {"op": "set", "side": "ask", "price": 0.73, "size": 16.0}, {"op": "delete", "side": "ask", "price": 0.74}]}
{"t": 1776976467.6886039, "events": [{"op": "set", "side": "bid", "price": 0.05, "size": 280.0}, {"op": "set", "side": "bid", "price": 0.04, "size": 338.0}, {"op": "set", "side": "bid", "price": 0.06, "size": 72.0}, {"op": "set", "side": "ask", "price": 0.69, "size": 102.0}, {"op": "set", "side": "ask", "price": 0.73, "size": 420.0}, {"op": "set", "side": "ask", "price": 0.74, "size": 514.0}]}
{"t": 1776976470.713255, "events": [{"op": "set", "side": "bid", "price": 0.05, "size": 254.0}, {"op": "set", "side": "bid", "price": 0.07, "size": 24.0}, {"op": "delete", "side": "ask", "price": 0.51}, {"op": "set", "side": "ask", "price": 0.03, "size": 134.0}]}
{"t": 1776976472.725442, "events": [{"op": "set", "side": "bid", "price": 0.07, "size": 44.0}, {"op": "delete", "side": "bid", "price": 0.06}, {"op": "delete", "side": "bid", "price": 0.05}, {"op": "set", "side": "bid", "price": 0.08, "size": 5.0}, {"op": "set", "side": "bid", "price": 0.04, "size": 337.0}]}
{"t": 1776976477.761339, "events": [{"op": "delete", "side": "bid", "price": 0.08}, {"op": "delete", "side": "bid", "price": 0.07}, {"op": "set", "side": "bid", "price": 0.04, "size": 322.0}, {"op": "set", "side": "ask", "price": 0.69, "size": 28.0}, {"op": "set", "side": "ask", "price": 0.73, "size": 16.0}, {"op": "delete", "side": "ask", "price": 0.74}]}
{"t": 1776976478.778097, "events": [{"op": "set", "side": "bid", "price": 0.05, "size": 26.0}, {"op": "set", "side": "ask", "price": 0.51, "size": 24.0}, {"op": "delete", "side": "ask", "price": 0.04}]}
{"t": 1776976480.793513, "events": [{"op": "set", "side": "bid", "price": 0.05, "size": 254.0}, {"op": "set", "side": "bid", "price": 0.04, "size": 338.0}, {"op": "set", "side": "bid", "price": 0.06, "size": 72.0}, {"op": "set", "side": "ask", "price": 0.69, "size": 102.0}, {"op": "set", "side": "ask", "price": 0.73, "size": 420.0}, {"op": "set", "side": "ask", "price": 0.74, "size": 514.0}]}
{"t": 1776976481.809105, "events": [{"op": "set", "side": "bid", "price": 0.07, "size": 24.0}]}
{"t": 1776976484.820907, "events": [{"op": "delete", "side": "bid", "price": 0.06}, {"op": "delete", "side": "bid", "price": 0.05}, {"op": "set", "side": "bid", "price": 0.04, "size": 337.0}]}
{"t": 1776976485.858399, "events": [{"op": "set", "side": "bid", "price": 0.07, "size": 20.0}, {"op": "set", "side": "bid", "price": 0.08, "size": 5.0}, {"op": "set", "side": "bid", "price": 0.05, "size": 26.0}]}
{"t": 1776976489.887844, "events": [{"op": "delete", "side": "bid", "price": 0.05}]}
{"t": 1776976490.901129, "events": [{"op": "delete", "side": "bid", "price": 0.08}, {"op": "delete", "side": "bid", "price": 0.07}, {"op": "set", "side": "bid", "price": 0.05, "size": 26.0}]}
{"t": 1776976491.914994, "events": [{"op": "set", "side": "bid", "price": 0.05, "size": 66.0}, {"op": "set", "side": "bid", "price": 0.04, "size": 499.0}, {"op": "set", "side": "bid", "price": 0.01, "size": 1546.0}]}
{"t": 1776976504.995602, "events": [{"op": "set", "side": "bid", "price": 0.01, "size": 1330.0}]}
{"t": 1776976506.004798, "events": [{"op": "set", "side": "bid", "price": 0.05, "size": 146.0}, {"op": "set", "side": "bid", "price": 0.04, "size": 354.0}, {"op": "set", "side": "bid", "price": 0.06, "size": 40.0}]}
{"t": 1776976507.017001, "events": [{"op": "set", "side": "bid", "price": 0.07, "size": 23.0}]}
{"t": 1776976514.0667362, "events": [{"op": "set", "side": "bid", "price": 0.01, "size": 1511.0}, {"op": "set", "side": "ask", "price": 0.03, "size": 86.0}, {"op": "delete", "side": "ask", "price": 0.5}, {"op": "delete", "side": "ask", "price": 0.51}, {"op": "set", "side": "ask", "price": 0.48, "size": 2479.0}, {"op": "set", "side": "ask", "price": 0.04, "size": 52.0}]}
{"t": 1776976521.1357608, "events": [{"op": "set", "side": "bid", "price": 0.07, "size": 8.0}, {"op": "delete", "side": "bid", "price": 0.06}, {"op": "delete", "side": "bid", "price": 0.05}, {"op": "set", "side": "bid", "price": 0.04, "size": 353.0}, {"op": "set", "side": "bid", "price": 0.01, "size": 1519.0}, {"op": "set", "side": "ask", "price": 0.03, "size": 109.0}, {"op": "set", "side": "ask", "price": 0.73, "size": 424.0}, {"op": "set", "side": "ask", "price": 0.92, "size": 777.0}, {"op": "delete", "side": "ask", "price": 0.74}, {"op": "set", "side": "ask", "price": 0.91, "size": 757.0}]}
{"t": 1776976522.1437619, "events": [{"op": "set", "side": "bid", "price": 0.02, "size": 26.0}, {"op": "delete", "side": "ask", "price": 0.88}, {"op": "set", "side": "ask", "price": 0.92, "size": 814.0}, {"op": "set", "side": "ask", "price": 0.86, "size": 50.0}]}
{"t": 1776976525.156095, "events": [{"op": "delete", "side": "bid", "price": 0.02}]}
{"t": 1776976526.162179, "events": [{"op": "set", "side": "bid", "price": 0.02, "size": 26.0}]}
{"t": 1776976535.199321, "events": [{"op": "delete", "side": "bid", "price": 0.02}]}
{"t": 1776976536.203557, "events": [{"op": "delete", "side": "bid", "price": 0.07}, {"op": "set", "side": "bid", "price": 0.04, "size": 322.0}, {"op": "set", "side": "bid", "price": 0.02, "size": 26.0}, {"op": "set", "side": "bid", "price": 0.01, "size": 1511.0}, {"op": "set", "side": "ask", "price": 0.69, "size": 28.0}, {"op": "set", "side": "ask", "price": 0.73, "size": 16.0}, {"op": "delete", "side": "ask", "price": 0.92}, {"op": "set", "side": "ask", "price": 0.88, "size": 39.0}, {"op": "delete", "side": "ask", "price": 0.86}, {"op": "set", "side": "ask", "price": 0.91, "size": 16.0}]}
{"t": 1776976538.221212, "events": [{"op": "set", "side": "bid", "price": 0.04, "size": 851.0}, {"op": "set", "side": "bid", "price": 0.05, "size": 143.0}, {"op": "set", "side": "bid", "price": 0.02, "size": 214.0}, {"op": "set", "side": "ask", "price": 0.69, "size": 101.0}, {"op": "set", "side": "ask", "price": 0.73, "size": 416.0}, {"op": "set", "side": "ask", "price": 0.75, "size": 40.0}, {"op": "delete", "side": "ask", "price": 0.04}, {"op": "set", "side": "ask", "price": 0.49, "size": 51.0}, {"op": "set", "side": "ask", "price": 0.74, "size": 520.0}]}
{"t": 1776976540.237312, "events": [{"op": "set", "side": "bid", "price": 0.02, "size": 188.0}]}
{"t": 1776976541.245595, "events": [{"op": "set", "side": "bid", "price": 0.06, "size": 25.0}]}
{"t": 1776976543.262648, "events": [{"op": "set", "side": "bid", "price": 0.05, "size": 108.0}, {"op": "set", "side": "bid", "price": 0.04, "size": 758.0}]}
{"t": 1776976544.27052, "events": [{"op": "set", "side": "bid", "price": 0.02, "size": 384.0}, {"op": "set", "side": "ask", "price": 0.73, "size": 418.0}, {"op": "set", "side": "ask", "price": 0.74, "size": 523.0}]}
{"t": 1776976545.305117, "events": [{"op": "delete", "side": "bid", "price": 0.05}, {"op": "delete", "side": "bid", "price": 0.02}, {"op": "set", "side": "ask", "price": 0.73, "size": 416.0}, {"op": "delete", "side": "ask", "price": 0.75}, {"op": "delete", "side": "ask", "price": 0.74}]}
{"t": 1776976546.315924, "events": [{"op": "delete", "side": "bid", "price": 0.06}, {"op": "set", "side": "bid", "price": 0.04, "size": 352.0}, {"op": "set", "side": "bid", "price": 0.05, "size": 26.0}]}
{"t": 1776976547.325418, "events": [{"op": "set", "side": "bid", "price": 0.06, "size": 8.0}, {"op": "set", "side": "bid", "price": 0.01, "size": 1520.0}, {"op": "set", "side": "ask", "price": 0.69, "size": 102.0}, {"op": "delete", "side": "ask", "price": 0.88}, {"op": "set", "side": "ask", "price": 0.92, "size": 777.0}, {"op": "set", "side": "ask", "price": 0.93, "size": 34.0}, {"op": "set", "side": "ask", "price": 0.73, "size": 424.0}, {"op": "set", "side": "ask", "price": 0.91, "size": 757.0}]}
{"t": 1776976548.331649, "events": [{"op": "set", "side": "bid", "price": 0.01, "size": 1511.0}, {"op": "delete", "side": "ask", "price": 0.92}, {"op": "set", "side": "ask", "price": 0.73, "size": 416.0}, {"op": "set", "side": "ask", "price": 0.91, "size": 16.0}]}
{"t": 1776976549.3694139, "events": [{"op": "set", "side": "bid", "price": 0.06, "size": 6.0}, {"op": "set", "side": "bid", "price": 0.05, "size": 51.0}, {"op": "set", "side": "bid", "price": 0.04, "size": 338.0}, {"op": "set", "side": "ask", "price": 0.74, "size": 509.0}]}
{"t": 1776976550.374534, "events": [{"op": "set", "side": "ask", "price": 0.88, "size": 39.0}, {"op": "delete", "side": "ask", "price": 0.93}]}
{"t": 1776976552.38733, "events": [{"op": "delete", "side": "ask", "price": 0.74}]}
{"t": 1776976553.394047, "events": [{"op": "set", "side": "bid", "price": 0.06, "size": 7.0}, {"op": "set", "side": "bid", "price": 0.05, "size": 53.0}, {"op": "set", "side": "bid", "price": 0.04, "size": 341.0}, {"op": "set", "side": "ask", "price": 0.87, "size": 829.2}, {"op": "set", "side": "ask", "price": 0.73, "size": 424.0}, {"op": "set", "side": "ask", "price": 0.86, "size": 741.0}]}
{"t": 1776976560.430049, "events": [{"op": "set", "side": "bid", "price": 0.05, "size": 51.0}, {"op": "set", "side": "bid", "price": 0.04, "size": 338.0}]}
{"t": 1776976561.438821, "events": [{"op": "set", "side": "bid", "price": 0.05, "size": 55.0}, {"op": "set", "side": "bid", "price": 0.04, "size": 343.0}]}
{"t": 1776976565.468847, "events": [{"op": "set", "side": "bid", "price": 0.06, "size": 8.0}, {"op": "set", "side": "bid", "price": 0.05, "size": 57.0}, {"op": "set", "side": "bid", "price": 0.04, "size": 344.0}]}
{"t": 1776976569.49947, "events": [{"op": "delete", "side": "bid", "price": 0.06}, {"op": "set", "side": "bid", "price": 0.04, "size": 322.0}, {"op": "set", "side": "bid", "price": 0.05, "size": 26.0}, {"op": "set", "side": "ask", "price": 0.69, "size": 28.0}, {"op": "set", "side": "ask", "price": 0.87, "size": 52.200000000000045}, {"op": "set", "side": "ask", "price": 0.73, "size": 16.0}, {"op": "delete", "side": "ask", "price": 0.86}]}
{"t": 1776976571.5276349, "events": [{"op": "set", "side": "bid", "price": 0.05, "size": 305.0}, {"op": "set", "side": "bid", "price": 0.04, "size": 338.0}, {"op": "set", "side": "bid", "price": 0.06, "size": 79.0}, {"op": "set", "side": "ask", "price": 0.03, "size": 86.0}, {"op": "set", "side": "ask", "price": 0.69, "size": 102.0}, {"op": "set", "side": "ask", "price": 0.87, "size": 829.2}, {"op": "set", "side": "ask", "price": 0.73, "size": 424.0}, {"op": "set", "side": "ask", "price": 0.86, "size": 741.0}, {"op": "set", "side": "ask", "price": 0.04, "size": 26.0}]}
{"t": 1776976572.538016, "events": [{"op": "set", "side": "bid", "price": 0.05, "size": 279.0}, {"op": "set", "side": "bid", "price": 0.07, "size": 23.0}]}
{"t": 1776976573.54511, "events": [{"op": "delete", "side": "bid", "price": 0.06}, {"op": "delete", "side": "bid", "price": 0.05}, {"op": "delete", "side": "ask", "price": 0.49}, {"op": "delete", "side": "ask", "price": 0.86}, {"op": "set", "side": "ask", "price": 0.03, "size": 137.0}, {"op": "set", "side": "ask", "price": 0.87, "size": 52.200000000000045}]}
{"t": 1776976574.550605, "events": [{"op": "set", "side": "bid", "price": 0.07, "size": 31.0}, {"op": "set", "side": "bid", "price": 0.04, "size": 352.0}, {"op": "set", "side": "bid", "price": 0.01, "size": 1519.0}, {"op": "delete", "side": "ask", "price": 0.88}, {"op": "set", "side": "ask", "price": 0.92, "size": 777.0}, {"op": "set", "side": "ask", "price": 0.91, "size": 757.0}]}
{"t": 1776976575.5694778, "events": [{"op": "set", "side": "bid", "price": 0.07, "size": 8.0}, {"op": "set", "side": "ask", "price": 0.92, "size": 813.0}]}
{"t": 1776976576.575867, "events": [{"op": "delete", "side": "bid", "price": 0.07}, {"op": "set", "side": "bid", "price": 0.04, "size": 338.0}, {"op": "set", "side": "bid", "price": 0.02, "size": 26.0}, {"op": "set", "side": "bid", "price": 0.01, "size": 1511.0}, {"op": "set", "side": "ask", "price": 0.92, "size": 36.0}, {"op": "set", "side": "ask", "price": 0.91, "size": 16.0}]}
{"t": 1776976577.582925, "events": [{"op": "set", "side": "ask", "price": 0.73, "size": 416.0}]}
{"t": 1776976578.5899022, "events": [{"op": "set", "side": "bid", "price": 0.04, "size": 464.0}, {"op": "set", "side": "bid", "price": 0.05, "size": 33.0}, {"op": "set", "side": "bid", "price": 0.02, "size": 210.0}, {"op": "set", "side": "ask", "price": 0.74, "size": 509.0}]}
{"t": 1776976579.598368, "events": [{"op": "set", "side": "bid", "price": 0.04, "size": 576.0}, {"op": "set", "side": "bid", "price": 0.02, "size": 211.0}]}
{"t": 1776976580.610691, "events": [{"op": "set", "side": "bid", "price": 0.05, "size": 65.0}, {"op": "set", "side": "bid", "price": 0.06, "size": 25.0}, {"op": "set", "side": "bid", "price": 0.02, "size": 185.0}, {"op": "set", "side": "ask", "price": 0.73, "size": 418.0}, {"op": "delete", "side": "ask", "price": 0.92}, {"op": "set", "side": "ask", "price": 0.88, "size": 39.0}, {"op": "set", "side": "ask", "price": 0.74, "size": 511.0}]}
{"t": 1776976582.626801, "events": [{"op": "set", "side": "bid", "price": 0.06, "size": 33.0}, {"op": "delete", "side": "bid", "price": 0.05}, {"op": "set", "side": "bid", "price": 0.04, "size": 352.0}, {"op": "delete", "side": "bid", "price": 0.02}, {"op": "set", "side": "bid", "price": 0.01, "size": 1520.0}, {"op": "set", "side": "ask", "price": 0.73, "size": 424.0}, {"op": "set", "side": "ask", "price": 0.92, "size": 777.0}, {"op": "delete", "side": "ask", "price": 0.74}, {"op": "set", "side": "ask", "price": 0.91, "size": 757.0}]}
{"t": 1776976585.646488, "events": [{"op": "set", "side": "bid", "price": 0.06, "size": 8.0}, {"op": "set", "side": "bid", "price": 0.02, "size": 26.0}, {"op": "delete", "side": "ask", "price": 0.88}, {"op": "set", "side": "ask", "price": 0.93, "size": 34.0}]}
{"t": 1776976587.65838, "events": [{"op": "delete", "side": "bid", "price": 0.06}, {"op": "set", "side": "bid", "price": 0.04, "size": 338.0}, {"op": "set", "side": "bid", "price": 0.01, "size": 1511.0}, {"op": "set", "side": "ask", "price": 0.73, "size": 416.0}, {"op": "delete", "side": "ask", "price": 0.92}, {"op": "set", "side": "ask", "price": 0.91, "size": 16.0}]}
{"t": 1776976588.667841, "events": [{"op": "set", "side": "bid", "price": 0.04, "size": 464.0}, {"op": "set", "side": "bid", "price": 0.05, "size": 33.0}, {"op": "set", "side": "bid", "price": 0.02, "size": 210.0}, {"op": "set", "side": "ask", "price": 0.74, "size": 509.0}]}
{"t": 1776976590.681835, "events": [{"op": "set", "side": "bid", "price": 0.05, "size": 59.0}, {"op": "set", "side": "bid", "price": 0.02, "size": 184.0}, {"op": "set", "side": "ask", "price": 0.88, "size": 39.0}, {"op": "delete", "side": "ask", "price": 0.93}]}
{"t": 1776976592.712306, "events": [{"op": "set", "side": "bid", "price": 0.05, "size": 105.0}, {"op": "set", "side": "bid", "price": 0.06, "size": 22.0}, {"op": "set", "side": "bid", "price": 0.04, "size": 348.0}, {"op": "delete", "side": "bid", "price": 0.02}, {"op": "set", "side": "ask", "price": 0.73, "size": 424.0}, {"op": "set", "side": "ask", "price": 0.87, "size": 829.2}, {"op": "set", "side": "ask", "price": 0.86, "size": 741.0}, {"op": "delete", "side": "ask", "price": 0.74}]}
{"t": 1776976595.7320058, "events": [{"op": "set", "side": "bid", "price": 0.06, "size": 46.0}, {"op": "set", "side": "bid", "price": 0.05, "size": 79.0}]}
{"t": 1776976605.780865, "events": [{"op": "set", "side": "bid", "price": 0.06, "size": 53.0}, {"op": "delete", "side": "bid", "price": 0.05}, {"op": "set", "side": "bid", "price": 0.07, "size": 8.0}, {"op": "set", "side": "bid", "price": 0.04, "size": 339.0}, {"op": "set", "side": "ask", "price": 0.03, "size": 86.0}, {"op": "set", "side": "ask", "price": 0.92, "size": 777.0}, {"op": "set", "side": "ask", "price": 0.87, "size": 52.200000000000045}, {"op": "delete", "side": "ask", "price": 0.86}, {"op": "set", "side": "ask", "price": 0.49, "size": 47.0}, {"op": "set", "side": "ask", "price": 0.91, "size": 757.0}]}
{"t": 1776976606.794375, "events": [{"op": "set", "side": "bid", "price": 0.06, "size": 29.0}, {"op": "set", "side": "bid", "price": 0.02, "size": 26.0}, {"op": "set", "side": "ask", "price": 0.92, "size": 813.0}, {"op": "delete", "side": "ask", "price": 0.88}]}
{"t": 1776976607.800011, "events": [{"op": "delete", "side": "bid", "price": 0.07}, {"op": "delete", "side": "bid", "price": 0.06}, {"op": "set", "side": "bid", "price": 0.05, "size": 40.0}, {"op": "set", "side": "bid", "price": 0.04, "size": 491.0}, {"op": "set", "side": "bid", "price": 0.02, "size": 210.0}, {"op": "set", "side": "ask", "price": 0.92, "size": 36.0}, {"op": "set", "side": "ask", "price": 0.73, "size": 416.0}, {"op": "set", "side": "ask", "price": 0.74, "size": 509.0}, {"op": "set", "side": "ask", "price": 0.91, "size": 16.0}]}
{"t": 1776976610.818959, "events": [{"op": "set", "side": "bid", "price": 0.06, "size": 25.0}, {"op": "set", "side": "bid", "price": 0.02, "size": 184.0}, {"op": "delete", "side": "ask", "price": 0.92}, {"op": "set", "side": "ask", "price": 0.88, "size": 39.0}]}
{"t": 1776976624.9222841, "events": [{"op": "set", "side": "bid", "price": 0.06, "size": 8.0}, {"op": "delete", "side": "bid", "price": 0.05}, {"op": "set", "side": "bid", "price": 0.01, "size": 1520.0}, {"op": "set", "side": "bid", "price": 0.04, "size": 351.0}, {"op": "set", "side": "bid", "price": 0.02, "size": 26.0}, {"op": "set", "side": "ask", "price": 0.73, "size": 424.0}, {"op": "delete", "side": "ask", "price": 0.88}, {"op": "set", "side": "ask", "price": 0.92, "size": 777.0}, {"op": "set", "side": "ask", "price": 0.91, "size": 757.0}, {"op": "delete", "side": "ask", "price": 0.74}]}
{"t": 1776976625.935311, "events": [{"op": "set", "side": "ask", "price": 0.93, "size": 34.0}]}
{"t": 1776976627.946018, "events": [{"op": "delete", "side": "bid", "price": 0.06}, {"op": "set", "side": "bid", "price": 0.04, "size": 322.0}, {"op": "set", "side": "bid", "price": 0.01, "size": 1511.0}, {"op": "set", "side": "ask", "price": 0.69, "size": 28.0}, {"op": "set", "side": "ask", "price": 0.73, "size": 16.0}, {"op": "delete", "side": "ask", "price": 0.92}, {"op": "set", "side": "ask", "price": 0.91, "size": 16.0}]}
{"t": 1776976630.9735959, "events": [{"op": "set", "side": "bid", "price": 0.05, "size": 26.0}, {"op": "delete", "side": "bid", "price": 0.02}, {"op": "set", "side": "ask", "price": 0.6, "size": 57.0}, {"op": "set", "side": "ask", "price": 0.88, "size": 39.0}, {"op": "delete", "side": "ask", "price": 0.93}, {"op": "delete", "side": "ask", "price": 0.04}]}
{"t": 1776976631.9891021, "events": [{"op": "set", "side": "bid", "price": 0.05, "size": 169.0}, {"op": "set", "side": "bid", "price": 0.04, "size": 851.0}, {"op": "set", "side": "bid", "price": 0.02, "size": 187.0}, {"op": "set", "side": "ask", "price": 0.69, "size": 102.0}, {"op": "set", "side": "ask", "price": 0.73, "size": 416.0}, {"op": "set", "side": "ask", "price": 0.74, "size": 510.0}]}
{"t": 1776976636.012798, "events": [{"op": "delete", "side": "bid", "price": 0.02}, {"op": "delete", "side": "ask", "price": 0.74}]}
{"t": 1776976637.021386, "events": [{"op": "set", "side": "bid", "price": 0.05, "size": 232.0}, {"op": "set", "side": "bid", "price": 0.04, "size": 429.0}, {"op": "set", "side": "bid", "price": 0.06, "size": 62.0}, {"op": "set", "side": "ask", "price": 0.87, "size": 829.2}, {"op": "set", "side": "ask", "price": 0.73, "size": 424.0}, {"op": "set", "side": "ask", "price": 0.86, "size": 741.0}]}
{"t": 1776976638.0336692, "events": [{"op": "set", "side": "bid", "price": 0.07, "size": 23.0}]}
{"t": 1776976648.087174, "events": [{"op": "set", "side": "bid", "price": 0.07, "size": 8.0}, {"op": "delete", "side": "bid", "price": 0.06}, {"op": "set", "side": "bid", "price": 0.05, "size": 26.0}, {"op": "set", "side": "bid", "price": 0.01, "size": 1519.0}, {"op": "set", "side": "bid", "price": 0.04, "size": 350.0}, {"op": "set", "side": "ask", "price": 0.03, "size": 107.0}, {"op": "delete", "side": "ask", "price": 0.49}, {"op": "set", "side": "ask", "price": 0.92, "size": 777.0}, {"op": "set", "side": "ask", "price": 0.87, "size": 52.200000000000045}, {"op": "delete", "side": "ask", "price": 0.86}, {"op": "set", "side": "ask", "price": 0.04, "size": 25.0}, {"op": "set", "side": "ask", "price": 0.91, "size": 757.0}]}
{"t": 1776976649.094667, "events": [{"op": "delete", "side": "ask", "price": 0.88}, {"op": "set", "side": "ask", "price": 0.92, "size": 814.0}]}
{"t": 1776976650.106755, "events": [{"op": "delete", "side": "bid", "price": 0.07}, {"op": "set", "side": "bid", "price": 0.04, "size": 338.0}, {"op": "set", "side": "bid", "price": 0.01, "size": 1511.0}, {"op": "set", "side": "ask", "price": 0.69, "size": 101.0}, {"op": "set", "side": "ask", "price": 0.73, "size": 417.0}, {"op": "delete", "side": "ask", "price": 0.92}, {"op": "set", "side": "ask", "price": 0.91, "size": 16.0}]}
{"t": 1776976651.118593, "events": [{"op": "set", "side": "bid", "price": 0.05, "size": 48.0}, {"op": "set", "side": "bid", "price": 0.06, "size": 6.0}, {"op": "set", "side": "ask", "price": 0.75, "size": 40.0}, {"op": "set", "side": "ask", "price": 0.88, "size": 39.0}, {"op": "set", "side": "ask", "price": 0.74, "size": 521.0}]}
{"t": 1776976653.130749, "events": [{"op": "set", "side": "bid", "price": 0.06, "size": 5.0}, {"op": "set", "side": "bid", "price": 0.05, "size": 47.0}, {"op": "set", "side": "bid", "price": 0.04, "size": 339.0}, {"op": "set", "side": "ask", "price": 0.6, "size": 25.0}, {"op": "set", "side": "ask", "price": 0.69, "size": 102.0}, {"op": "set", "side": "ask", "price": 0.73, "size": 424.0}, {"op": "delete", "side": "ask", "price": 0.75}, {"op": "set", "side": "ask", "price": 0.02, "size": 127.0}, {"op": "set", "side": "ask", "price": 0.86, "size": 741.0}, {"op": "delete", "side": "ask", "price": 0.74}, {"op": "set", "side": "ask", "price": 0.87, "size": 829.2}]}
{"t": 1776976660.164791, "events": [{"op": "set", "side": "bid", "price": 0.05, "size": 46.0}]}
{"t": 1776976688.379301, "events": [{"op": "set", "side": "bid", "price": 0.04, "size": 338.0}]}
{"t": 1776976694.6291242, "events": [{"op": "delete", "side": "bid", "price": 0.06}, {"op": "set", "side": "bid", "price": 0.04, "size": 322.0}, {"op": "set", "side": "bid", "price": 0.05, "size": 26.0}, {"op": "set", "side": "ask", "price": 0.69, "size": 28.0}, {"op": "set", "side": "ask", "price": 0.73, "size": 16.0}, {"op": "set", "side": "ask", "price": 0.87, "size": 52.200000000000045}, {"op": "delete", "side": "ask", "price": 0.86}]}
{"t": 1776976698.8431628, "events": [{"op": "set", "side": "bid", "price": 0.05, "size": 305.0}, {"op": "set", "side": "bid", "price": 0.04, "size": 338.0}, {"op": "set", "side": "bid", "price": 0.06, "size": 87.0}, {"op": "set", "side": "ask", "price": 0.03, "size": 86.0}, {"op": "set", "side": "ask", "price": 0.69, "size": 102.0}, {"op": "set", "side": "ask", "price": 0.73, "size": 424.0}, {"op": "set", "side": "ask", "price": 0.87, "size": 829.2}, {"op": "set", "side": "ask", "price": 0.02, "size": 100.0}, {"op": "set", "side": "ask", "price": 0.86, "size": 741.0}, {"op": "set", "side": "ask", "price": 0.49, "size": 50.0}]}
{"t": 1776976699.857614, "events": [{"op": "set", "side": "bid", "price": 0.07, "size": 23.0}]}
{"t": 1776976700.862655, "events": [{"op": "set", "side": "bid", "price": 0.05, "size": 306.0}]}
{"t": 1776976702.870096, "events": [{"op": "delete", "side": "bid", "price": 0.06}, {"op": "delete", "side": "ask", "price": 0.86}, {"op": "set", "side": "ask", "price": 0.87, "size": 52.200000000000045}]}
{"t": 1776976703.879584, "events": [{"op": "set", "side": "bid", "price": 0.07, "size": 7.0}, {"op": "set", "side": "bid", "price": 0.05, "size": 28.0}, {"op": "set", "side": "bid", "price": 0.04, "size": 330.0}, {"op": "set", "side": "ask", "price": 0.92, "size": 777.0}, {"op": "set", "side": "ask", "price": 0.91, "size": 757.0}]}
{"t": 1776976704.894332, "events": [{"op": "set", "side": "bid", "price": 0.02, "size": 26.0}, {"op": "set", "side": "ask", "price": 0.92, "size": 813.0}, {"op": "delete", "side": "ask", "price": 0.88}]}
{"t": 1776976720.0040588, "events": [{"op": "delete", "side": "bid", "price": 0.07}, {"op": "set", "side": "ask", "price": 0.92, "size": 36.0}, {"op": "set", "side": "ask", "price": 0.91, "size": 16.0}]}
{"t": 1776976721.023626, "events": [{"op": "set", "side": "bid", "price": 0.05, "size": 44.0}, {"op": "set", "side": "bid", "price": 0.06, "size": 4.0}, {"op": "set", "side": "bid", "price": 0.04, "size": 343.0}, {"op": "delete", "side": "bid", "price": 0.02}, {"op": "set", "side": "ask", "price": 0.69, "size": 101.0}, {"op": "delete", "side": "ask", "price": 0.92}, {"op": "set", "side": "ask", "price": 0.75, "size": 40.0}, {"op": "set", "side": "ask", "price": 0.88, "size": 39.0}, {"op": "set", "side": "ask", "price": 0.73, "size": 417.0}, {"op": "set", "side": "ask", "price": 0.74, "size": 522.0}]}
{"t": 1776976726.109026, "events": [{"op": "set", "side": "bid", "price": 0.05, "size": 43.0}]}
{"t": 1776976729.136172, "events": [{"op": "set", "side": "bid", "price": 0.04, "size": 336.0}, {"op": "delete", "side": "ask", "price": 0.75}, {"op": "delete", "side": "ask", "price": 0.74}]}
{"t": 1776976730.1580229, "events": [{"op": "set", "side": "bid", "price": 0.06, "size": 5.0}, {"op": "set", "side": "bid", "price": 0.05, "size": 46.0}, {"op": "set", "side": "ask", "price": 0.69, "size": 102.0}, {"op": "set", "side": "ask", "price": 0.87, "size": 829.2}, {"op": "set", "side": "ask", "price": 0.73, "size": 424.0}, {"op": "set", "side": "ask", "price": 0.86, "size": 741.0}]}
{"t": 1776976738.2212422, "events": [{"op": "set", "side": "bid", "price": 0.05, "size": 45.0}, {"op": "set", "side": "bid", "price": 0.04, "size": 330.0}, {"op": "delete", "side": "ask", "price": 0.49}, {"op": "set", "side": "ask", "price": 0.03, "size": 134.0}]}
{"t": 1776976739.229032, "events": [{"op": "set", "side": "bid", "price": 0.04, "size": 338.0}]}
{"t": 1776976740.2347279, "events": [{"op": "set", "side": "bid", "price": 0.04, "size": 337.0}]}
{"t": 1776976798.966105, "events": [{"op": "delete", "side": "bid", "price": 0.06}, {"op": "set", "side": "bid", "price": 0.04, "size": 322.0}, {"op": "set", "side": "bid", "price": 0.05, "size": 26.0}, {"op": "set", "side": "ask", "price": 0.69, "size": 28.0}, {"op": "set", "side": "ask", "price": 0.73, "size": 16.0}, {"op": "set", "side": "ask", "price": 0.87, "size": 52.200000000000045}, {"op": "delete", "side": "ask", "price": 0.86}]}
{"t": 1776976804.039381, "events": [{"op": "set", "side": "bid", "price": 0.05, "size": 305.0}, {"op": "set", "side": "bid", "price": 0.04, "size": 338.0}, {"op": "set", "side": "bid", "price": 0.06, "size": 87.0}, {"op": "set", "side": "ask", "price": 0.03, "size": 86.0}, {"op": "set", "side": "ask", "price": 0.69, "size": 102.0}, {"op": "set", "side": "ask", "price": 0.73, "size": 424.0}, {"op": "set", "side": "ask", "price": 0.87, "size": 829.2}, {"op": "set", "side": "ask", "price": 0.86, "size": 741.0}, {"op": "set", "side": "ask", "price": 0.49, "size": 51.0}]}
{"t": 1776976805.0567539, "events": [{"op": "set", "side": "bid", "price": 0.07, "size": 23.0}]}
{"t": 1776976806.063827, "events": [{"op": "delete", "side": "bid", "price": 0.07}, {"op": "delete", "side": "bid", "price": 0.06}, {"op": "delete", "side": "bid", "price": 0.05}, {"op": "delete", "side": "ask", "price": 0.86}, {"op": "set", "side": "ask", "price": 0.87, "size": 52.200000000000045}]}
{"t": 1776976807.082735, "events": [{"op": "set", "side": "bid", "price": 0.05, "size": 26.0}]}
{"t": 1776976808.091316, "events": [{"op": "set", "side": "bid", "price": 0.04, "size": 347.0}, {"op": "set", "side": "bid", "price": 0.07, "size": 7.0}, {"op": "set", "side": "bid", "price": 0.01, "size": 1519.0}, {"op": "set", "side": "ask", "price": 0.92, "size": 777.0}, {"op": "set", "side": "ask", "price": 0.91, "size": 757.0}]}
{"t": 1776976809.098349, "events": [{"op": "set", "side": "ask", "price": 0.92, "size": 814.0}, {"op": "delete", "side": "ask", "price": 0.88}]}
{"t": 1776976811.119054, "events": [{"op": "delete", "side": "bid", "price": 0.05}, {"op": "set", "side": "ask", "price": 0.86, "size": 50.0}]}
{"t": 1776976812.1601799, "events": [{"op": "delete", "side": "bid", "price": 0.07}, {"op": "set", "side": "bid", "price": 0.04, "size": 338.0}, {"op": "set", "side": "bid", "price": 0.02, "size": 26.0}, {"op": "set", "side": "ask", "price": 0.92, "size": 37.0}, {"op": "set", "side": "ask", "price": 0.91, "size": 16.0}, {"op": "delete", "side": "ask", "price": 0.86}]}
{"t": 1776976813.173311, "events": [{"op": "delete", "side": "ask", "price": 0.92}, {"op": "set", "side": "ask", "price": 0.88, "size": 39.0}, {"op": "set", "side": "ask", "price": 0.73, "size": 417.0}]}
{"t": 1776976814.181136, "events": [{"op": "set", "side": "bid", "price": 0.04, "size": 471.0}, {"op": "set", "side": "bid", "price": 0.05, "size": 32.0}, {"op": "set", "side": "bid", "price": 0.01, "size": 1726.0}, {"op": "set", "side": "ask", "price": 0.74, "size": 510.0}]}
{"t": 1776976816.192041, "events": [{"op": "set", "side": "bid", "price": 0.01, "size": 1511.0}, {"op": "set", "side": "bid", "price": 0.04, "size": 338.0}]}
{"t": 1776976817.207639, "events": [{"op": "set", "side": "bid", "price": 0.05, "size": 69.0}, {"op": "set", "side": "bid", "price": 0.04, "size": 591.0}, {"op": "set", "side": "bid", "price": 0.02, "size": 185.0}, {"op": "set", "side": "ask", "price": 0.73, "size": 420.0}, {"op": "set", "side": "ask", "price": 0.75, "size": 40.0}, {"op": "set", "side": "ask", "price": 0.74, "size": 525.0}]}
{"t": 1776976818.228111, "events": [{"op": "set", "side": "bid", "price": 0.06, "size": 25.0}]}
{"t": 1776976820.246989, "events": [{"op": "delete", "side": "bid", "price": 0.05}, {"op": "delete", "side": "bid", "price": 0.02}, {"op": "set", "side": "ask", "price": 0.73, "size": 417.0}, {"op": "delete", "side": "ask", "price": 0.75}, {"op": "delete", "side": "ask", "price": 0.74}]}
{"t": 1776976821.2622788, "events": [{"op": "set", "side": "bid", "price": 0.06, "size": 7.0}, {"op": "set", "side": "bid", "price": 0.04, "size": 347.0}, {"op": "set", "side": "bid", "price": 0.02, "size": 26.0}, {"op": "set", "side": "bid", "price": 0.01, "size": 1520.0}, {"op": "delete", "side": "ask", "price": 0.88}, {"op": "set", "side": "ask", "price": 0.92, "size": 777.0}, {"op": "set", "side": "ask", "price": 0.73, "size": 424.0}, {"op": "set", "side": "ask", "price": 0.91, "size": 757.0}]}
{"t": 1776976822.2751732, "events": [{"op": "set", "side": "ask", "price": 0.93, "size": 34.0}]}
{"t": 1776976823.281095, "events": [{"op": "delete", "side": "bid", "price": 0.06}, {"op": "set", "side": "bid", "price": 0.05, "size": 32.0}, {"op": "set", "side": "bid", "price": 0.01, "size": 1511.0}, {"op": "set", "side": "bid", "price": 0.04, "size": 446.0}, {"op": "set", "side": "bid", "price": 0.02, "size": 210.0}, {"op": "set", "side": "ask", "price": 0.69, "size": 28.0}, {"op": "set", "side": "ask", "price": 0.73, "size": 16.0}, {"op": "delete", "side": "ask", "price": 0.92}, {"op": "set", "side": "ask", "price": 0.74, "size": 511.0}, {"op": "set", "side": "ask", "price": 0.91, "size": 16.0}]}
{"t": 1776976824.2959201, "events": [{"op": "set", "side": "ask", "price": 0.6, "size": 51.0}, {"op": "delete", "side": "ask", "price": 0.04}]}
{"t": 1776976826.322222, "events": [{"op": "set", "side": "bid", "price": 0.05, "size": 89.0}, {"op": "set", "side": "bid", "price": 0.04, "size": 569.0}, {"op": "set", "side": "bid", "price": 0.02, "size": 185.0}, {"op": "set", "side": "ask", "price": 0.69, "size": 102.0}, {"op": "set", "side": "ask", "price": 0.88, "size": 89.0}, {"op": "delete", "side": "ask", "price": 0.93}, {"op": "set", "side": "ask", "price": 0.73, "size": 420.0}, {"op": "set", "side": "ask", "price": 0.74, "size": 514.0}]}
{"t": 1776976829.35049, "events": [{"op": "set", "side": "bid", "price": 0.05, "size": 58.0}, {"op": "set", "side": "bid", "price": 0.04, "size": 446.0}, {"op": "delete", "side": "bid", "price": 0.02}, {"op": "delete", "side": "ask", "price": 0.74}]}
{"t": 1776976830.3663218, "events": [{"op": "set", "side": "bid", "price": 0.04, "size": 369.0}]}
{"t": 1776976831.380969, "events": [{"op": "set", "side": "bid", "price": 0.05, "size": 110.0}, {"op": "set", "side": "bid", "price": 0.06, "size": 30.0}, {"op": "set", "side": "ask", "price": 0.87, "size": 829.2}, {"op": "set", "side": "ask", "price": 0.73, "size": 424.0}, {"op": "set", "side": "ask", "price": 0.86, "size": 741.0}]}
{"t": 1776976832.395662, "events": [{"op": "set", "side": "bid", "price": 0.06, "size": 54.0}]}
{"t": 1776976834.404785, "events": [{"op": "set", "side": "bid", "price": 0.04, "size": 345.0}, {"op": "delete", "side": "bid", "price": 0.05}, {"op": "set", "side": "ask", "price": 0.69, "size": 28.0}, {"op": "set", "side": "ask", "price": 0.87, "size": 52.200000000000045}, {"op": "set", "side": "ask", "price": 0.73, "size": 165.0}, {"op": "delete", "side": "ask", "price": 0.86}]}
{"t": 1776976836.4244428, "events": [{"op": "set", "side": "bid", "price": 0.06, "size": 65.0}, {"op": "set", "side": "bid", "price": 0.07, "size": 11.0}, {"op": "set", "side": "ask", "price": 0.88, "size": 39.0}, {"op": "set", "side": "ask", "price": 0.92, "size": 408.0}, {"op": "set", "side": "ask", "price": 0.91, "size": 608.0}]}
{"t": 1776976837.434342, "events": [{"op": "set", "side": "bid", "price": 0.06, "size": 41.0}, {"op": "set", "side": "bid", "price": 0.02, "size": 26.0}, {"op": "delete", "side": "ask", "price": 0.88}, {"op": "set", "side": "ask", "price": 0.92, "size": 962.0}]}
{"t": 1776976839.444206, "events": [{"op": "delete", "side": "bid", "price": 0.07}, {"op": "delete", "side": "bid", "price": 0.06}, {"op": "set", "side": "ask", "price": 0.92, "size": 36.0}, {"op": "set", "side": "ask", "price": 0.91, "size": 16.0}]}
{"t": 1776976840.4514198, "events": [{"op": "set", "side": "bid", "price": 0.04, "size": 494.0}, {"op": "set", "side": "bid", "price": 0.05, "size": 41.0}, {"op": "set", "side": "bid", "price": 0.02, "size": 210.0}, {"op": "set", "side": "ask", "price": 0.69, "size": 102.0}, {"op": "set", "side": "ask", "price": 0.73, "size": 418.0}, {"op": "set", "side": "ask", "price": 0.74, "size": 511.0}]}
{"t": 1776976841.461482, "events": [{"op": "set", "side": "bid", "price": 0.06, "size": 25.0}, {"op": "set", "side": "bid", "price": 0.02, "size": 184.0}, {"op": "delete", "side": "ask", "price": 0.92}, {"op": "set", "side": "ask", "price": 0.88, "size": 39.0}]}
{"t": 1776976843.4774091, "events": [{"op": "delete", "side": "bid", "price": 0.05}, {"op": "delete", "side": "bid", "price": 0.02}, {"op": "set", "side": "ask", "price": 0.73, "size": 165.0}, {"op": "delete", "side": "ask", "price": 0.74}]}
{"t": 1776976844.4879239, "events": [{"op": "set", "side": "bid", "price": 0.06, "size": 32.0}, {"op": "set", "side": "bid", "price": 0.04, "size": 347.0}, {"op": "set", "side": "bid", "price": 0.01, "size": 1520.0}, {"op": "set", "side": "ask", "price": 0.92, "size": 777.0}, {"op": "set", "side": "ask", "price": 0.73, "size": 424.0}, {"op": "set", "side": "ask", "price": 0.91, "size": 757.0}]}
{"t": 1776976846.5011148, "events": [{"op": "set", "side": "bid", "price": 0.06, "size": 7.0}, {"op": "set", "side": "bid", "price": 0.02, "size": 26.0}, {"op": "delete", "side": "ask", "price": 0.88}, {"op": "set", "side": "ask", "price": 0.93, "size": 34.0}]}
{"t": 1776976851.528553, "events": [{"op": "set", "side": "ask", "price": 0.03, "size": 109.0}, {"op": "delete", "side": "ask", "price": 0.49}, {"op": "set", "side": "ask", "price": 0.6, "size": 25.0}, {"op": "set", "side": "ask", "price": 0.93, "size": 84.0}, {"op": "set", "side": "ask", "price": 0.04, "size": 55.0}]}
{"t": 1776976856.5596192, "events": [{"op": "delete", "side": "bid", "price": 0.06}, {"op": "set", "side": "bid", "price": 0.04, "size": 345.0}, {"op": "set", "side": "bid", "price": 0.01, "size": 1511.0}, {"op": "delete", "side": "ask", "price": 0.92}, {"op": "set", "side": "ask", "price": 0.93, "size": 34.0}, {"op": "set", "side": "ask", "price": 0.91, "size": 16.0}]}
{"t": 1776976857.581012, "events": [{"op": "set", "side": "bid", "price": 0.04, "size": 462.0}, {"op": "set", "side": "bid", "price": 0.05, "size": 32.0}, {"op": "set", "side": "bid", "price": 0.02, "size": 210.0}, {"op": "set", "side": "ask", "price": 0.73, "size": 418.0}, {"op": "set", "side": "ask", "price": 0.88, "size": 39.0}, {"op": "delete", "side": "ask", "price": 0.93}, {"op": "set", "side": "ask", "price": 0.74, "size": 511.0}]}
{"t": 1776976861.608445, "events": [{"op": "set", "side": "bid", "price": 0.05, "size": 58.0}, {"op": "set", "side": "bid", "price": 0.02, "size": 184.0}]}
{"t": 1776976862.621618, "events": [{"op": "delete", "side": "bid", "price": 0.02}, {"op": "set", "side": "ask", "price": 0.73, "size": 165.0}, {"op": "delete", "side": "ask", "price": 0.74}]}
{"t": 1776976863.631295, "events": [{"op": "set", "side": "bid", "price": 0.04, "size": 346.0}]}
{"t": 1776976864.6476958, "events": [{"op": "set", "side": "bid", "price": 0.05, "size": 90.0}, {"op": "set", "side": "bid", "price": 0.06, "size": 17.0}, {"op": "set", "side": "ask", "price": 0.73, "size": 424.0}, {"op": "set", "side": "ask", "price": 0.87, "size": 829.2}, {"op": "set", "side": "ask", "price": 0.86, "size": 741.0}]}
{"t": 1776976873.730138, "events": [{"op": "delete", "side": "bid", "price": 0.06}, {"op": "set", "side": "bid", "price": 0.04, "size": 322.0}, {"op": "set", "side": "bid", "price": 0.05, "size": 26.0}, {"op": "set", "side": "ask", "price": 0.69, "size": 28.0}, {"op": "set", "side": "ask", "price": 0.73, "size": 16.0}, {"op": "set", "side": "ask", "price": 0.87, "size": 52.200000000000045}, {"op": "delete", "side": "ask", "price": 0.86}]}
{"t": 1776976876.771445, "events": [{"op": "set", "side": "bid", "price": 0.05, "size": 305.0}, {"op": "set", "side": "bid", "price": 0.04, "size": 339.0}, {"op": "set", "side": "bid", "price": 0.06, "size": 87.0}, {"op": "set", "side": "ask", "price": 0.03, "size": 86.0}, {"op": "set", "side": "ask", "price": 0.69, "size": 102.0}, {"op": "set", "side": "ask", "price": 0.73, "size": 424.0}, {"op": "set", "side": "ask", "price": 0.87, "size": 829.2}, {"op": "set", "side": "ask", "price": 0.86, "size": 741.0}, {"op": "set", "side": "ask", "price": 0.04, "size": 32.0}, {"op": "set", "side": "ask", "price": 0.49, "size": 45.0}]}
{"t": 1776976877.790463, "events": [{"op": "set", "side": "bid", "price": 0.07, "size": 23.0}]}
{"t": 1776976880.821571, "events": [{"op": "set", "side": "bid", "price": 0.07, "size": 29.0}, {"op": "delete", "side": "bid", "price": 0.06}, {"op": "delete", "side": "bid", "price": 0.05}, {"op": "set", "side": "bid", "price": 0.04, "size": 346.0}, {"op": "set", "side": "bid", "price": 0.01, "size": 1519.0}, {"op": "set", "side": "ask", "price": 0.92, "size": 777.0}, {"op": "set", "side": "ask", "price": 0.86, "size": 50.0}, {"op": "set", "side": "ask", "price": 0.87, "size": 52.200000000000045}, {"op": "set", "side": "ask", "price": 0.91, "size": 757.0}]}
{"t": 1776976881.847991, "events": [{"op": "set", "side": "bid", "price": 0.07, "size": 6.0}, {"op": "set", "side": "bid", "price": 0.02, "size": 26.0}, {"op": "set", "side": "ask", "price": 0.92, "size": 814.0}, {"op": "delete", "side": "ask", "price": 0.88}]}
{"t": 1776976885.872129, "events": [{"op": "delete", "side": "bid", "price": 0.07}, {"op": "set", "side": "bid", "price": 0.04, "size": 339.0}, {"op": "set", "side": "bid", "price": 0.01, "size": 1511.0}, {"op": "set", "side": "ask", "price": 0.92, "size": 37.0}, {"op": "set", "side": "ask", "price": 0.91, "size": 16.0}, {"op": "delete", "side": "ask", "price": 0.86}]}
{"t": 1776976886.884876, "events": [{"op": "set", "side": "bid", "price": 0.04, "size": 462.0}, {"op": "set", "side": "bid", "price": 0.05, "size": 58.0}, {"op": "set", "side": "bid", "price": 0.02, "size": 184.0}, {"op": "delete", "side": "ask", "price": 0.92}, {"op": "set", "side": "ask", "price": 0.88, "size": 40.0}, {"op": "set", "side": "ask", "price": 0.73, "size": 418.0}, {"op": "set", "side": "ask", "price": 0.74, "size": 511.0}]}
{"t": 1776976889.923457, "events": [{"op": "delete", "side": "bid", "price": 0.02}, {"op": "delete", "side": "ask", "price": 0.74}]}
{"t": 1776976890.94024, "events": [{"op": "set", "side": "bid", "price": 0.05, "size": 90.0}, {"op": "set", "side": "bid", "price": 0.04, "size": 346.0}, {"op": "set", "side": "bid", "price": 0.06, "size": 17.0}, {"op": "set", "side": "ask", "price": 0.87, "size": 829.2}, {"op": "set", "side": "ask", "price": 0.73, "size": 424.0}, {"op": "set", "side": "ask", "price": 0.86, "size": 741.0}]}
{"t": 1776976894.0004108, "events": [{"op": "set", "side": "bid", "price": 0.06, "size": 9.0}, {"op": "set", "side": "bid", "price": 0.05, "size": 66.0}, {"op": "set", "side": "bid", "price": 0.04, "size": 339.0}]}
{"t": 1776976895.0113049, "events": [{"op": "set", "side": "bid", "price": 0.04, "size": 370.0}]}
{"t": 1776976902.095287, "events": [{"op": "set", "side": "bid", "price": 0.06, "size": 10.0}, {"op": "set", "side": "bid", "price": 0.05, "size": 64.0}, {"op": "set", "side": "bid", "price": 0.04, "size": 352.0}]}
{"t": 1776976905.158245, "events": [{"op": "set", "side": "bid", "price": 0.06, "size": 9.0}, {"op": "set", "side": "bid", "price": 0.05, "size": 58.0}]}
{"t": 1776976907.188873, "events": [{"op": "set", "side": "bid", "price": 0.06, "size": 8.0}, {"op": "set", "side": "bid", "price": 0.04, "size": 351.0}]}
{"t": 1776976912.4020412, "events": [{"op": "set", "side": "bid", "price": 0.06, "size": 7.0}, {"op": "set", "side": "bid", "price": 0.05, "size": 55.0}, {"op": "set", "side": "bid", "price": 0.04, "size": 346.0}]}
{"t": 1776976913.41579, "events": [{"op": "set", "side": "bid", "price": 0.02, "size": 15.0}, {"op": "set", "side": "ask", "price": 0.02, "size": 127.0}]}
{"t": 1776976929.578751, "events": [{"op": "set", "side": "bid", "price": 0.06, "size": 8.0}, {"op": "set", "side": "bid", "price": 0.05, "size": 58.0}, {"op": "set", "side": "bid", "price": 0.04, "size": 344.0}]}
{"t": 1776976938.691734, "events": [{"op": "set", "side": "bid", "price": 0.05, "size": 59.0}, {"op": "set", "side": "bid", "price": 0.04, "size": 346.0}, {"op": "delete", "side": "ask", "price": 0.88}, {"op": "set", "side": "ask", "price": 0.89, "size": 50.0}]}
{"t": 1776976939.711393, "events": [{"op": "delete", "side": "ask", "price": 0.49}, {"op": "set", "side": "ask", "price": 0.03, "size": 133.0}, {"op": "set", "side": "ask", "price": 0.9, "size": 37.0}]}
{"t": 1776976969.9200552, "events": [{"op": "set", "side": "bid", "price": 0.04, "size": 339.0}]}
{"t": 1776976970.939878, "events": [{"op": "set", "side": "bid", "price": 0.04, "size": 347.0}]}
{"t": 1776976976.001222, "events": [{"op": "set", "side": "bid", "price": 0.06, "size": 7.0}, {"op": "set", "side": "bid", "price": 0.05, "size": 55.0}]}
{"t": 1776976977.017309, "events": [{"op": "set", "side": "bid", "price": 0.06, "size": 9.0}, {"op": "set", "side": "bid", "price": 0.05, "size": 60.0}]}
{"t": 1776976979.055949, "events": [{"op": "set", "side": "bid", "price": 0.05, "size": 55.0}, {"op": "set", "side": "bid", "price": 0.04, "size": 339.0}]}
{"t": 1776976981.073195, "events": [{"op": "set", "side": "bid", "price": 0.05, "size": 61.0}, {"op": "set", "side": "bid", "price": 0.04, "size": 348.0}]}
{"t": 1776976992.1589901, "events": [{"op": "set", "side": "bid", "price": 0.04, "size": 349.0}]}
{"t": 1776976997.2072861, "events": [{"op": "set", "side": "bid", "price": 0.05, "size": 62.0}]}
{"t": 1776977009.313969, "events": [{"op": "set", "side": "bid", "price": 0.04, "size": 350.0}]}
{"t": 1776977022.481051, "events": [{"op": "set", "side": "bid", "price": 0.05, "size": 55.0}]}
{"t": 1776977023.497673, "events": [{"op": "set", "side": "bid", "price": 0.05, "size": 63.0}]}
{"t": 1776977024.50718, "events": [{"op": "set", "side": "bid", "price": 0.06, "size": 7.0}, {"op": "set", "side": "bid", "price": 0.05, "size": 55.0}]}
{"t": 1776977025.520211, "events": [{"op": "set", "side": "bid", "price": 0.06, "size": 10.0}, {"op": "set", "side": "bid", "price": 0.05, "size": 64.0}]}
{"t": 1776977027.54447, "events": [{"op": "delete", "side": "bid", "price": 0.06}, {"op": "set", "side": "bid", "price": 0.05, "size": 26.0}, {"op": "set", "side": "bid", "price": 0.04, "size": 322.0}, {"op": "set", "side": "ask", "price": 0.69, "size": 28.0}, {"op": "set", "side": "ask", "price": 0.73, "size": 16.0}, {"op": "delete", "side": "ask", "price": 0.86}, {"op": "set", "side": "ask", "price": 0.87, "size": 52.200000000000045}]}
{"t": 1776977031.587998, "events": [{"op": "set", "side": "bid", "price": 0.05, "size": 281.0}, {"op": "set", "side": "bid", "price": 0.06, "size": 80.0}, {"op": "set", "side": "bid", "price": 0.04, "size": 338.0}, {"op": "set", "side": "ask", "price": 0.69, "size": 102.0}, {"op": "set", "side": "ask", "price": 0.73, "size": 424.0}, {"op": "set", "side": "ask", "price": 0.87, "size": 829.2}, {"op": "set", "side": "ask", "price": 0.86, "size": 741.0}, {"op": "set", "side": "ask", "price": 0.04, "size": 22.0}, {"op": "set", "side": "ask", "price": 0.03, "size": 86.0}, {"op": "set", "side": "ask", "price": 0.49, "size": 53.0}]}
{"t": 1776977032.5981371, "events": [{"op": "set", "side": "bid", "price": 0.05, "size": 282.0}, {"op": "set", "side": "bid", "price": 0.07, "size": 23.0}]}
{"t": 1776977036.641244, "events": [{"op": "delete", "side": "bid", "price": 0.06}, {"op": "set", "side": "bid", "price": 0.05, "size": 23.0}, {"op": "set", "side": "bid", "price": 0.04, "size": 330.0}, {"op": "delete", "side": "ask", "price": 0.86}, {"op": "set", "side": "ask", "price": 0.87, "size": 52.200000000000045}]}
{"t": 1776977037.65825, "events": [{"op": "set", "side": "bid", "price": 0.07, "size": 6.0}, {"op": "set", "side": "bid", "price": 0.03, "size": 25.0}, {"op": "set", "side": "ask", "price": 0.92, "size": 814.0}, {"op": "delete", "side": "ask", "price": 0.89}, {"op": "set", "side": "ask", "price": 0.91, "size": 757.0}, {"op": "delete", "side": "ask", "price": 0.9}]}
{"t": 1776977052.744798, "events": [{"op": "delete", "side": "bid", "price": 0.07}, {"op": "set", "side": "bid", "price": 0.05, "size": 16.0}, {"op": "delete", "side": "bid", "price": 0.03}, {"op": "set", "side": "bid", "price": 0.06, "size": 4.0}, {"op": "delete", "side": "ask", "price": 0.92}, {"op": "set", "side": "ask", "price": 0.73, "size": 420.0}, {"op": "set", "side": "ask", "price": 0.91, "size": 16.0}]}
{"t": 1776977053.757576, "events": [{"op": "set", "side": "bid", "price": 0.05, "size": 42.0}, {"op": "set", "side": "bid", "price": 0.04, "size": 339.0}, {"op": "set", "side": "ask", "price": 0.75, "size": 40.0}, {"op": "set", "side": "ask", "price": 0.88, "size": 89.0}, {"op": "set", "side": "ask", "price": 0.74, "size": 524.0}]}
{"t": 1776977057.7837021, "events": [{"op": "delete", "side": "ask", "price": 0.75}, {"op": "delete", "side": "ask", "price": 0.74}]}
{"t": 1776977058.819532, "events": [{"op": "set", "side": "bid", "price": 0.06, "size": 6.0}, {"op": "set", "side": "bid", "price": 0.05, "size": 50.0}, {"op": "set", "side": "ask", "price": 0.87, "size": 829.2}, {"op": "set", "side": "ask", "price": 0.73, "size": 424.0}, {"op": "set", "side": "ask", "price": 0.86, "size": 741.0}]}
{"t": 1776977075.923553, "events": [{"op": "set", "side": "bid", "price": 0.06, "size": 4.0}, {"op": "set", "side": "bid", "price": 0.05, "size": 42.0}, {"op": "set", "side": "bid", "price": 0.04, "size": 330.0}]}
{"t": 1776977076.963868, "events": [{"op": "delete", "side": "ask", "price": 0.49}, {"op": "set", "side": "ask", "price": 0.03, "size": 141.0}]}
{"t": 1776977077.9874299, "events": [{"op": "set", "side": "bid", "price": 0.06, "size": 7.0}, {"op": "set", "side": "bid", "price": 0.05, "size": 54.0}, {"op": "set", "side": "bid", "price": 0.04, "size": 340.0}]}
{"t": 1776977088.161928, "events": [{"op": "set", "side": "bid", "price": 0.05, "size": 56.0}, {"op": "set", "side": "bid", "price": 0.04, "size": 343.0}]}
{"t": 1776977094.2532868, "events": [{"op": "set", "side": "bid", "price": 0.06, "size": 4.0}, {"op": "set", "side": "bid", "price": 0.05, "size": 42.0}, {"op": "set", "side": "bid", "price": 0.04, "size": 330.0}]}
{"t": 1776977095.277729, "events": [{"op": "set", "side": "bid", "price": 0.06, "size": 8.0}, {"op": "set", "side": "bid", "price": 0.05, "size": 58.0}, {"op": "set", "side": "bid", "price": 0.04, "size": 344.0}]}
{"t": 1776977106.340801, "events": [{"op": "delete", "side": "bid", "price": 0.02}, {"op": "set", "side": "ask", "price": 0.02, "size": 100.0}]}
{"t": 1776977107.342998, "events": [{"op": "set", "side": "bid", "price": 0.01, "size": 1616.0}, {"op": "set", "side": "ask", "price": 0.01, "size": 381.0}]}
{"t": 1776977109.418417, "events": [{"op": "set", "side": "bid", "price": 0.04, "size": 330.0}]}
{"t": 1776977110.4252942, "events": [{"op": "set", "side": "bid", "price": 0.06, "size": 6.0}, {"op": "set", "side": "bid", "price": 0.05, "size": 53.0}]}
{"t": 1776977111.429607, "events": [{"op": "set", "side": "bid", "price": 0.04, "size": 345.0}]}
{"t": 1776977114.464504, "events": [{"op": "set", "side": "bid", "price": 0.04, "size": 342.0}]}
{"t": 1776977130.577865, "events": [{"op": "delete", "side": "bid", "price": 0.06}, {"op": "set", "side": "bid", "price": 0.04, "size": 322.0}, {"op": "set", "side": "bid", "price": 0.05, "size": 27.0}, {"op": "set", "side": "ask", "price": 0.69, "size": 28.0}, {"op": "set", "side": "ask", "price": 0.73, "size": 16.0}, {"op": "set", "side": "ask", "price": 0.87, "size": 52.200000000000045}, {"op": "delete", "side": "ask", "price": 0.86}]}
{"t": 1776977144.725986, "events": [{"op": "set", "side": "ask", "price": 0.03, "size": 86.0}, {"op": "set", "side": "ask", "price": 0.01, "size": 200.0}, {"op": "set", "side": "ask", "price": 0.49, "size": 52.0}]}
{"t": 1776977145.7594, "events": [{"op": "set", "side": "ask", "price": 0.03, "size": 92.0}]}
{"t": 1776977262.625, "events": [{"op": "set", "side": "ask", "price": 0.87, "size": 43.200000000000045}]}
{"t": 1776977264.642447, "events": [{"op": "set", "side": "ask", "price": 0.87, "size": 52.200000000000045}]}
{"t":1776978858.741338,"e":[[1,0,0.07,6.0],[1,0,0.05,53.0],[1,0,0.04,307.0],[1,1,0.69,84.0],[1,1,0.88,556.0],[1,1,0.89,583.0],[1,1,0.73,322.0]]}
{"t":1776978859.757362,"e":[[1,1,0.9,37.0]]}
{"t":1776978862.78689,"e":[[1,0,0.05,52.0],[0,1,0.88],[0,1,0.89],[1,1,0.91,583.0],[1,1,0.9,593.0]]}
{"t":1776978863.79263,"e":[[1,1,0.9,556.0]]}
{"t":1776978864.8198452,"e":[[1,1,0.92,35.0]]}
{"t":1776978869.856717,"e":[[1,0,0.07,5.0],[1,0,0.05,49.0],[1,0,0.04,300.0],[1,1,0.69,28.0],[1,1,0.73,16.0],[0,1,0.92],[0,1,0.91],[0,1,0.9]]}
{"t":1776978870.8758981,"e":[[1,1,0.88,38.0]]}
{"t":1776978872.894586,"e":[[1,0,0.07,6.0],[1,0,0.05,53.0],[1,0,0.04,306.0],[1,1,0.03,26.0],[1,1,0.49,54.0],[1,1,0.69,84.0],[1,1,0.88,621.0],[1,1,0.5,25.0],[1,1,0.73,322.0],[0,1,0.04],[1,1,0.87,608.2]]}
{"t":1776978879.942566,"e":[[1,0,0.04,300.0],[1,1,0.69,28.0],[1,1,0.87,52.200000000000045]]}
{"t":1776978880.958843,"e":[[1,0,0.05,67.0],[1,0,0.06,7.0],[1,1,0.88,444.0],[1,1,0.89,306.0],[1,1,0.73,128.0],[1,1,0.9,388.0]]}
{"t":1776978881.977016,"e":[[1,1,0.91,36.0]]}
{"t":1776978886.0072901,"e":[[1,1,0.03,20.0]]}
{"t":1776978887.0160892,"e":[[1,1,0.04,6.0]]}
{"t":1776978892.061598,"e":[[0,0,0.06],[1,0,0.05,53.0],[1,1,0.88,38.0],[0,1,0.89],[0,1,0.9],[0,1,0.91]]}
{"t":1776978893.067925,"e":[[1,0,0.05,26.0],[1,0,0.04,324.0],[1,1,0.88,64.53],[1,1,0.69,84.0],[1,1,0.73,322.0]]}
{"t":1776978894.083298,"e":[[1,0,0.05,40.0],[1,0,0.06,30.0],[1,0,0.04,300.0],[1,1,0.88,582.53],[1,1,0.89,583.0]]}
{"t":1776978895.088906,"e":[[1,1,0.87,43.200000000000045],[1,1,0.88,556.0],[1,1,0.9,37.0]]}
{"t":1776978896.0944362,"e":[[1,1,0.87,52.200000000000045]]}
{"t":1776978901.116956,"e":[[0,1,0.88],[0,1,0.89],[0,1,0.9]]}
{"t":1776978902.12876,"e":[[1,0,0.06,26.0],[1,0,0.05,29.0],[1,1,0.88,39.0],[1,1,0.9,19.0]]}
{"t":1776978903.141529,"e":[[1,0,0.06,3.0],[1,0,0.05,52.0],[1,1,0.9,575.0],[1,1,0.91,583.0]]}
{"t":1776978904.1533298,"e":[[0,1,0.88]]}
{"t":1776978905.168921,"e":[[1,1,0.92,35.0]]}
{"t":1776978906.199552,"e":[[0,0,0.06],[1,0,0.05,49.0],[1,0,0.04,308.0],[1,1,0.92,591.0],[1,1,0.9,19.0],[0,1,0.91]]}
{"t":1776978907.2094898,"e":[[1,0,0.05,26.0],[1,1,0.92,1174.0]]}
{"t":1776978908.218654,"e":[[1,0,0.04,331.0]]}
{"t":1776978909.223537,"e":[[1,0,0.07,5.0],[1,0,0.05,22.0],[1,0,0.04,324.0],[1,1,0.69,28.0],[0,1,0.92],[1,1,0.73,16.0]]}
{"t":1776978910.24915,"e":[[1,1,0.92,694.0],[1,1,0.88,39.0]]}
{"t":1776978911.2565901,"e":[[0,1,0.92]]}
{"t":1776978914.3329191,"e":[[1,0,0.07,6.0],[1,0,0.05,49.0],[1,0,0.04,308.0],[1,1,0.69,84.0],[1,1,0.92,35.0],[1,1,0.83,1.0],[0,1,0.88],[1,1,0.73,322.0],[1,1,0.9,575.0],[1,1,0.91,583.0]]}
{"t":1776978918.364016,"e":[[1,1,0.49,4.0],[0,1,0.5],[1,1,0.04,29.0],[1,1,0.03,70.0],[1,1,0.9,556.0]]}
{"t":1776978922.3944829,"e":[[1,1,0.04,23.0]]}
{"t":1776978923.403779,"e":[[1,1,0.01,375.0]]}
{"t":1776978924.409956,"e":[[1,0,0.05,48.0],[1,0,0.04,307.0],[1,1,0.92,1139.0],[1,1,0.86,26.53],[1,1,0.88,38.0],[0,1,0.9],[0,1,0.91]]}
{"t":1776978925.425715,"e":[[1,0,0.05,25.0],[1,0,0.04,330.0]]}
{"t":1776978929.4566789,"e":[[1,0,0.04,323.0],[0,1,0.92],[1,1,0.88,42.0]]}
{"t":1776978930.468961,"e":[[1,0,0.05,33.0],[1,0,0.06,5.0],[0,1,0.86],[1,1,0.88,598.0],[1,1,0.89,609.53]]}
{"t":1776978933.487251,"e":[[0,0,0.06],[1,0,0.05,25.0],[1,0,0.04,307.0],[0,1,0.88],[1,1,0.89,582.53],[1,1,0.9,583.0]]}
{"t":1776978934.500247,"e":[[1,0,0.05,49.0],[1,1,0.91,36.0],[1,1,0.89,556.0]]}
{"t":1776978935.520254,"e":[[0,1,0.83]]}
{"t":1776978937.528013,"e":[[1,1,0.92,583.0],[0,1,0.89],[1,1,0.91,592.0],[0,1,0.9]]}
{"t":1776978939.546706,"e":[[1,0,0.05,25.0],[1,0,0.04,324.0],[1,1,0.92,36.0],[0,1,0.91]]}
{"t":1776978940.554606,"e":[[1,0,0.05,33.0],[1,0,0.06,5.0],[1,1,0.88,583.0],[1,1,0.87,608.2]]}
{"t":1776978942.8010938,"e":[[0,0,0.06],[1,0,0.05,26.0],[1,1,0.03,20.0],[1,1,0.49,58.0],[0,1,0.88],[1,1,0.5,26.0],[0,1,0.04],[1,1,0.87,52.200000000000045]]}
{"t":1776978943.870709,"e":[[1,0,0.04,331.0],[1,1,0.92,1175.0]]}
{"t":1776978944.886556,"e":[[1,0,0.05,25.0],[1,0,0.04,330.0],[1,1,0.92,480.0],[1,1,0.69,28.0],[1,1,0.73,128.0],[1,1,0.86,26.53]]}
{"t":1776978945.9015749,"e":[[1,1,0.92,1174.0]]}
{"t":1776978948.94264,"e":[[1,0,0.04,307.0]]}
{"t":1776978949.955148,"e":[[1,0,0.04,330.0]]}
{"t":1776978958.996638,"e":[[1,1,0.92,480.0]]}
{"t":1776978960.003504,"e":[[1,1,0.92,1174.0]]}
{"t":1776978963.0350468,"e":[[1,1,0.92,480.0]]}
{"t":1776978964.042811,"e":[[1,0,0.04,307.0],[1,1,0.92,1174.0]]}
{"t":1776978965.0576031,"e":[[1,0,0.04,331.0]]}
{"t":1776978966.063133,"e":[[1,1,0.01,200.0]]}
{"t":1776978967.066706,"e":[[1,1,0.03,26.0]]}
{"t":1776978969.0756228,"e":[[1,0,0.04,330.0]]}
{"t":1776978975.102098,"e":[[1,1,0.92,480.0]]}
{"t":1776978976.111923,"e":[[1,1,0.92,1174.0]]}
{"t":1776978979.146398,"e":[[1,0,0.07,5.0],[1,0,0.05,22.0],[1,0,0.04,300.0],[1,1,0.92,36.0],[1,1,0.73,16.0],[0,1,0.86]]}
{"t":1776978980.1624022,"e":[[1,0,0.05,49.0],[0,1,0.92],[1,1,0.88,38.0]]}
{"t":1776978983.1908631,"e":[[1,0,0.07,6.0],[1,0,0.05,53.0],[1,0,0.04,306.0],[1,1,0.88,594.0],[1,1,0.8,1.0],[1,1,0.89,583.0],[1,1,0.69,84.0],[1,1,0.73,322.0]]}
{"t":1776978984.203895,"e":[[1,1,0.88,556.0],[1,1,0.9,38.0]]}
{"t":1776978987.2190342,"e":[[1,0,0.05,52.0],[0,1,0.5],[1,1,0.69,28.0],[0,1,0.88],[0,1,0.89],[1,1,0.73,72.0],[1,1,0.03,43.0]]}
{"t":1776978988.237164,"e":[[1,0,0.04,307.0],[1,1,0.8,279.0],[1,1,0.91,583.0],[1,1,0.9,497.0]]}
{"t":1776978989.257904,"e":[[1,1,0.49,4.0],[1,1,0.92,35.0],[1,1,0.04,48.0],[1,1,0.02,114.0],[1,1,0.9,459.0]]}
{"t":1776978994.2846022,"e":[[1,1,0.8,278.0]]}
{"t":1776978995.287495,"e":[[0,1,0.92],[1,1,0.88,38.0],[0,1,0.9],[0,1,0.91]]}
{"t":1776978996.2944121,"e":[[1,0,0.05,25.0],[1,1,0.92,1042.0]]}
{"t":1776978997.310787,"e":[[1,0,0.04,330.0]]}
{"t":1776978998.314678,"e":[[1,0,0.04,323.0],[0,1,0.92],[0,1,0.8]]}
{"t":1776978999.3208299,"e":[[1,0,0.05,33.0],[1,0,0.06,28.0],[1,0,0.04,300.0],[1,1,0.69,84.0],[1,1,0.88,556.0],[1,1,0.89,583.0],[1,1,0.73,322.0],[1,1,0.9,37.0]]}
{"t":1776979001.330666,"e":[[1,0,0.06,26.0],[1,0,0.05,28.0],[0,1,0.88],[0,1,0.89],[1,1,0.91,583.0],[1,1,0.9,593.0]]}
{"t":1776979004.3611479,"e":[[1,0,0.06,3.0],[1,0,0.05,51.0],[1,1,0.92,35.0],[1,1,0.9,556.0]]}
{"t":1776979005.3668659,"e":[[0,0,0.06],[1,0,0.05,48.0],[0,1,0.91],[0,1,0.9]]}
{"t":1776979006.375099,"e":[[1,0,0.07,5.0],[1,0,0.05,45.0],[1,1,0.69,28.0],[1,1,0.73,16.0]]}
{"t":1776979008.3985898,"e":[[1,1,0.03,37.0],[0,1,0.92]]}
{"t":1776979009.408774,"e":[[1,0,0.07,6.0],[1,0,0.05,49.0],[1,0,0.04,306.0],[1,1,0.69,84.0],[1,1,0.88,620.0],[1,1,0.73,322.0],[1,1,0.01,379.0],[1,1,0.87,608.2]]}
{"t":1776979011.428853,"e":[[1,0,0.04,300.0],[1,1,0.69,28.0],[1,1,0.87,52.200000000000045]]}
{"t":1776979012.437783,"e":[[1,0,0.05,61.0],[1,0,0.06,6.0],[1,1,0.49,45.0],[1,1,0.88,481.0],[1,1,0.02,100.0],[1,1,0.89,306.0],[1,1,0.73,128.0],[1,1,0.9,388.0],[1,1,0.04,20.0]]}
{"t":1776979013.4490461,"e":[[0,0,0.06],[1,0,0.05,49.0]]}
{"t":1776979014.457608,"e":[[1,0,0.05,48.0],[1,0,0.04,307.0],[1,1,0.88,444.0],[1,1,0.91,36.0]]}
{"t":1776979016.473633,"e":[[1,0,0.05,25.0],[1,1,0.69,84.0],[1,1,0.73,322.0],[1,1,0.5,19.0],[1,1,0.92,583.0],[1,1,0.03,20.0],[0,1,0.88],[0,1,0.89],[0,1,0.9],[1,1,0.91,592.0]]}
{"t":1776979017.479522,"e":[[1,0,0.04,331.0]]}
{"t":1776979019.489304,"e":[[1,1,0.92,619.0],[1,1,0.91,556.0]]}
{"t":1776979021.503144,"e":[[1,0,0.07,5.0],[1,0,0.05,22.0],[1,0,0.04,324.0],[1,1,0.69,28.0],[1,1,0.92,36.0],[1,1,0.73,16.0],[0,1,0.91]]}
{"t":1776979023.5258439,"e":[[1,0,0.07,6.0],[1,0,0.05,25.0],[1,0,0.04,331.0],[1,1,0.92,592.0],[1,1,0.69,84.0],[1,1,0.73,322.0],[1,1,0.86,26.53]]}
{"t":1776979024.5338361,"e":[[1,1,0.84,1.0]]}
{"t":1776979025.549849,"e":[[1,1,0.92,1175.0]]}
{"t":1776979027.561457,"e":[[1,0,0.07,1.0]]}
{"t":1776979028.569408,"e":[[1,0,0.04,307.0]]}
{"t":1776979029.587926,"e":[[0,0,0.07],[1,0,0.04,330.0],[1,1,0.69,28.0],[0,1,0.92],[0,1,0.86]]}
{"t":1776979030.603501,"e":[[1,0,0.05,34.0],[1,0,0.06,3.0],[1,0,0.04,337.0],[1,1,0.84,389.0],[1,1,0.85,503.0],[1,1,0.86,4.0],[1,1,0.88,64.53],[1,1,0.73,127.0]]}
{"t":1776979032.6179898,"e":[[1,0,0.05,25.0],[1,1,0.84,1.0],[1,1,0.85,500.0]]}
{"t":1776979033.631568,"e":[[1,0,0.06,5.0],[1,0,0.05,41.0],[1,0,0.04,314.0],[1,1,0.69,84.0],[1,1,0.86,556.0],[1,1,0.87,635.2],[1,1,0.73,322.0]]}
{"t":1776979034.644863,"e":[[1,0,0.06,29.0]]}
{"t":1776979036.6692219,"e":[[0,1,0.84]]}
{"t":1776979039.688419,"e":[[1,0,0.06,27.0],[0,1,0.86],[1,1,0.87,52.200000000000045]]}
{"t":1776979040.7005498,"e":[[1,0,0.06,26.0],[1,0,0.05,32.0],[1,0,0.04,312.0],[1,1,0.88,556.0],[1,1,0.89,583.0],[1,1,0.9,64.53]]}
{"t":1776979041.708986,"e":[[1,0,0.04,307.0],[0,1,0.88],[0,1,0.89],[1,1,0.9,38.0]]}
{"t":1776979042.716481,"e":[[1,0,0.06,2.0],[1,0,0.05,54.0],[1,0,0.04,313.0],[1,1,0.91,583.0],[1,1,0.9,594.0]]}
{"t":1776979043.7256699,"e":[[1,1,0.92,35.0],[1,1,0.9,556.0]]}
{"t":1776979046.756191,"e":[[1,0,0.05,47.0],[1,0,0.04,307.0],[1,1,0.73,321.0],[0,1,0.91],[0,1,0.9],[1,1,0.03,39.0],[0,1,0.04]]}
{"t":1776979047.772817,"e":[[1,0,0.06,6.0],[1,0,0.05,71.0],[1,0,0.04,327.0],[1,1,0.75,40.0],[1,1,0.74,398.0]]}
{"t":1776979048.783055,"e":[[1,0,0.06,2.0],[1,0,0.05,47.0],[0,1,0.92],[1,1,0.01,200.0]]}
{"t":1776979049.796087,"e":[[1,0,0.06,10.0],[1,0,0.05,82.0],[1,1,0.86,26.53],[1,1,0.03,45.0],[1,1,0.88,38.0],[1,1,0.74,399.0]]}
{"t":1776979050.810624,"e":[[1,0,0.06,11.0],[1,0,0.05,87.0],[1,0,0.04,329.0],[0,1,0.75],[1,1,0.86,556.0],[1,1,0.87,635.2],[1,1,0.88,64.53],[1,1,0.73,322.0],[0,1,0.74]]}
{"t":1776979063.923606,"e":[[1,0,0.06,12.0],[1,0,0.05,90.0],[1,0,0.04,332.0],[1,1,0.49,4.0],[0,1,0.5],[1,1,0.04,55.0]]}
{"t":1776979067.955457,"e":[[1,0,0.05,93.0],[1,0,0.04,335.0]]}
{"t":1776979068.960734,"e":[[1,0,0.06,2.0],[1,0,0.05,47.0],[1,0,0.04,307.0]]}
{"t":1776979069.968309,"e":[[1,0,0.06,13.0],[1,0,0.05,95.0],[1,0,0.04,336.0],[1,1,0.03,39.0]]}
{"t":1776979070.9740522,"e":[[1,1,0.01,379.0]]}
{"t":1776979074.997067,"e":[[1,0,0.06,2.0],[1,0,0.05,47.0],[1,0,0.04,307.0]]}
{"t":1776979076.0149,"e":[[1,0,0.06,14.0],[1,0,0.05,97.0],[1,0,0.04,338.0]]}
{"t":1776979077.01964,"e":[[1,0,0.05,47.0],[1,0,0.04,307.0]]}
{"t":1776979078.0877068,"e":[[1,0,0.05,99.0],[1,0,0.04,340.0]]}
{"t":1776979079.104359,"e":[[1,0,0.06,2.0],[1,0,0.05,47.0],[1,0,0.04,307.0]]}
{"t":1776979080.118677,"e":[[1,0,0.06,15.0],[1,0,0.05,101.0],[1,0,0.04,341.0]]}
{"t":1776979081.134896,"e":[[0,0,0.06],[1,0,0.05,44.0],[1,0,0.04,300.0],[1,1,0.69,28.0],[1,1,0.73,16.0],[0,1,0.86],[1,1,0.87,52.200000000000045]]}
{"t":1776979082.147449,"e":[[1,0,0.05,100.0],[1,0,0.04,336.0],[1,1,0.03,20.0],[1,1,0.49,27.0]]}
{"t":1776979085.186368,"e":[[1,0,0.06,14.0],[1,0,0.04,342.0],[1,1,0.69,84.0],[1,1,0.73,322.0],[1,1,0.86,556.0],[1,1,0.87,635.2]]}
{"t":1776979088.2138398,"e":[[1,0,0.06,15.0],[1,0,0.05,103.0]]}
{"t":1776979090.2286022,"e":[[1,0,0.05,163.0],[0,0,0.03],[1,1,0.88,124.53]]}
{"t":1776979091.240476,"e":[[1,0,0.01,1615.0]]}
{"t":1776979092.2442958,"e":[[1,0,0.06,75.0],[1,0,0.05,81.0]]}
{"t":1776979093.251911,"e":[[1,0,0.07,23.0]]}
{"t":1776979096.274104,"e":[[1,0,0.06,69.0],[1,0,0.05,30.0],[1,0,0.04,300.0],[0,1,0.86],[1,1,0.87,52.200000000000045]]}
{"t":1776979097.281425,"e":[[1,0,0.07,2.0],[1,0,0.06,92.0],[1,1,0.03,74.0],[1,1,0.88,616.0],[1,1,0.89,583.0],[1,1,0.9,37.0],[0,1,0.04]]}
{"t":1776979098.294326,"e":[[1,1,0.88,556.0],[1,1,0.89,643.0]]}
{"t":1776979102.3232388,"e":[[0,0,0.07],[1,0,0.06,83.0],[1,0,0.05,22.0],[1,1,0.69,28.0],[0,1,0.88],[1,1,0.89,60.0],[1,1,0.73,16.0]]}
{"t":1776979106.3717089,"e":[[1,0,0.06,68.0],[1,0,0.05,79.0],[1,0,0.04,329.0],[1,1,0.69,84.0],[1,1,0.92,34.0],[1,1,0.73,322.0],[1,1,0.91,583.0],[1,1,0.9,556.0]]}
{"t":1776979109.390201,"e":[[1,1,0.92,60.53]]}
{"t":1776979110.400226,"e":[[1,1,0.01,200.0]]}
