{"t": 1776975854.366905, "events": [{"op": "set", "side": "bid", "price": 0.24, "size": 25.0}, {"op": "set", "side": "ask", "price": 0.69, "size": 40.0}]}
{"t": 1776975855.3857431, "events": [{"op": "delete", "side": "bid", "price": 0.22}, {"op": "delete", "side": "bid", "price": 0.23}, {"op": "set", "side": "ask", "price": 0.65, "size": 150.0}, {"op": "set", "side": "ask", "price": 0.67, "size": 611.0}, {"op": "set", "side": "ask", "price": 0.68, "size": 35.139999999999986}]}
{"t": 1776975856.396708, "events": [{"op": "set", "side": "bid", "price": 0.24, "size": 582.0}, {"op": "set", "side": "bid", "price": 0.25, "size": 779.0}, {"op": "set", "side": "ask", "price": 0.68, "size": 301.14}, {"op": "set", "side": "ask", "price": 0.69, "size": 447.0}, {"op": "set", "side": "ask", "price": 0.72, "size": 989.16}, {"op": "set", "side": "ask", "price": 0.73, "size": 256.43}]}
{"t": 1776975858.419916, "events": [{"op": "set", "side": "bid", "price": 0.25, "size": 803.0}, {"op": "set", "side": "bid", "price": 0.24, "size": 557.0}, {"op": "set", "side": "ask", "price": 0.69, "size": 407.0}, {"op": "set", "side": "ask", "price": 0.7, "size": 38.0}]}
{"t": 1776975859.432927, "events": [{"op": "delete", "side": "bid", "price": 0.24}, {"op": "delete", "side": "ask", "price": 0.69}]}
{"t": 1776975860.4405582, "events": [{"op": "set", "side": "bid", "price": 0.21, "size": 1007.0}, {"op": "set", "side": "ask", "price": 0.7, "size": 445.0}]}
{"t": 1776975863.466253, "events": [{"op": "set", "side": "bid", "price": 0.25, "size": 779.0}, {"op": "set", "side": "bid", "price": 0.22, "size": 27.0}, {"op": "set", "side": "ask", "price": 0.7, "size": 407.0}, {"op": "set", "side": "ask", "price": 0.71, "size": 36.0}]}
{"t": 1776975866.4869819, "events": [{"op": "delete", "side": "bid", "price": 0.25}, {"op": "set", "side": "bid", "price": 0.22, "size": 584.0}, {"op": "set", "side": "bid", "price": 0.21, "size": 450.0}, {"op": "set", "side": "bid", "price": 0.23, "size": 779.0}, {"op": "delete", "side": "ask", "price": 0.7}, {"op": "set", "side": "ask", "price": 0.71, "size": 443.0}]}
{"t": 1776975868.5054138, "events": [{"op": "set", "side": "bid", "price": 0.22, "size": 557.0}, {"op": "set", "side": "ask", "price": 0.71, "size": 407.0}]}
{"t": 1776975869.519797, "events": [{"op": "delete", "side": "bid", "price": 0.22}, {"op": "delete", "side": "bid", "price": 0.23}, {"op": "set", "side": "bid", "price": 0.24, "size": 25.0}, {"op": "delete", "side": "ask", "price": 0.71}, {"op": "set", "side": "ask", "price": 0.72, "size": 848.16}, {"op": "set", "side": "ask", "price": 0.73, "size": 189.43}]}
{"t": 1776975870.536895, "events": [{"op": "set", "side": "bid", "price": 0.24, "size": 582.0}, {"op": "set", "side": "bid", "price": 0.25, "size": 779.0}, {"op": "set", "side": "ask", "price": 0.65, "size": 216.0}, {"op": "set", "side": "ask", "price": 0.67, "size": 652.0}, {"op": "set", "side": "ask", "price": 0.68, "size": 298.14}]}
{"t": 1776975873.562508, "events": [{"op": "set", "side": "bid", "price": 0.25, "size": 803.0}, {"op": "set", "side": "bid", "price": 0.24, "size": 557.0}, {"op": "set", "side": "ask", "price": 0.72, "size": 815.16}, {"op": "set", "side": "ask", "price": 0.69, "size": 40.0}]}
{"t": 1776975878.59487, "events": [{"op": "set", "side": "bid", "price": 0.26, "size": 343.63}, {"op": "delete", "side": "bid", "price": 0.25}, {"op": "delete", "side": "bid", "price": 0.24}, {"op": "set", "side": "bid", "price": 0.22, "size": 27.0}, {"op": "set", "side": "ask", "price": 0.65, "size": 150.0}, {"op": "set", "side": "ask", "price": 0.67, "size": 500.0}, {"op": "set", "side": "ask", "price": 0.68, "size": 24.139999999999986}, {"op": "set", "side": "ask", "price": 0.72, "size": 397.15999999999997}, {"op": "set", "side": "ask", "price": 0.73, "size": 14.840000000000007}]}
{"t": 1776975881.629726, "events": [{"op": "set", "side": "bid", "price": 0.26, "size": 1007.63}, {"op": "set", "side": "bid", "price": 0.22, "size": 584.0}, {"op": "set", "side": "bid", "price": 0.23, "size": 779.0}, {"op": "set", "side": "ask", "price": 0.67, "size": 633.0}, {"op": "set", "side": "ask", "price": 0.68, "size": 290.14}, {"op": "set", "side": "ask", "price": 0.69, "size": 406.0}, {"op": "set", "side": "ask", "price": 0.72, "size": 1195.1599999999999}, {"op": "set", "side": "ask", "price": 0.73, "size": 350.84000000000003}]}
{"t": 1776975883.6573179, "events": [{"op": "set", "side": "bid", "price": 0.22, "size": 557.0}, {"op": "set", "side": "bid", "price": 0.24, "size": 25.0}, {"op": "set", "side": "ask", "price": 0.69, "size": 366.0}, {"op": "set", "side": "ask", "price": 0.7, "size": 39.0}]}
{"t": 1776975889.700941, "events": [{"op": "set", "side": "bid", "price": 0.24, "size": 582.0}, {"op": "delete", "side": "bid", "price": 0.22}, {"op": "delete", "side": "bid", "price": 0.23}, {"op": "set", "side": "bid", "price": 0.25, "size": 779.0}, {"op": "set", "side": "ask", "price": 0.67, "size": 611.0}, {"op": "set", "side": "ask", "price": 0.68, "size": 301.14}, {"op": "delete", "side": "ask", "price": 0.69}, {"op": "set", "side": "ask", "price": 0.72, "size": 990.1599999999999}, {"op": "set", "side": "ask", "price": 0.73, "size": 238.84000000000003}, {"op": "set", "side": "ask", "price": 0.7, "size": 448.0}]}
{"t": 1776975893.74344, "events": [{"op": "set", "side": "bid", "price": 0.25, "size": 803.0}, {"op": "set", "side": "bid", "price": 0.24, "size": 557.0}, {"op": "set", "side": "ask", "price": 0.7, "size": 409.0}, {"op": "set", "side": "ask", "price": 0.71, "size": 36.0}]}
{"t": 1776975912.854771, "events": [{"op": "set", "side": "bid", "price": 0.26, "size": 907.63}]}
{"t": 1776975913.861079, "events": [{"op": "set", "side": "bid", "price": 0.25, "size": 779.0}, {"op": "delete", "side": "bid", "price": 0.24}, {"op": "set", "side": "bid", "price": 0.22, "size": 27.0}, {"op": "delete", "side": "ask", "price": 0.7}, {"op": "delete", "side": "ask", "price": 0.71}, {"op": "set", "side": "ask", "price": 0.69, "size": 40.0}]}
{"t": 1776975914.8911412, "events": [{"op": "set", "side": "bid", "price": 0.21, "size": 1007.0}, {"op": "set", "side": "ask", "price": 0.71, "size": 409.0}]}
{"t": 1776975916.9452019, "events": [{"op": "delete", "side": "bid", "price": 0.25}, {"op": "set", "side": "bid", "price": 0.21, "size": 450.0}, {"op": "set", "side": "ask", "price": 0.67, "size": 500.0}, {"op": "set", "side": "ask", "price": 0.68, "size": 223.14}, {"op": "delete", "side": "ask", "price": 0.71}, {"op": "set", "side": "ask", "price": 0.72, "size": 721.1599999999999}]}
{"t": 1776975917.960892, "events": [{"op": "set", "side": "bid", "price": 0.22, "size": 584.0}, {"op": "set", "side": "bid", "price": 0.23, "size": 779.0}, {"op": "set", "side": "ask", "price": 0.69, "size": 343.0}, {"op": "set", "side": "ask", "price": 0.73, "size": 626.84}]}
{"t": 1776975918.9692569, "events": [{"op": "set", "side": "bid", "price": 0.22, "size": 557.0}, {"op": "set", "side": "bid", "price": 0.24, "size": 25.0}, {"op": "set", "side": "ask", "price": 0.69, "size": 303.0}, {"op": "set", "side": "ask", "price": 0.7, "size": 39.0}]}
{"t": 1776975940.061205, "events": [{"op": "set", "side": "bid", "price": 0.26, "size": 243.63}, {"op": "delete", "side": "bid", "price": 0.22}, {"op": "delete", "side": "bid", "price": 0.23}, {"op": "set", "side": "ask", "price": 0.68, "size": 24.139999999999986}, {"op": "delete", "side": "ask", "price": 0.69}, {"op": "set", "side": "ask", "price": 0.72, "size": 397.15999999999985}, {"op": "set", "side": "ask", "price": 0.73, "size": 14.840000000000032}]}
{"t": 1776975943.110956, "events": [{"op": "set", "side": "bid", "price": 0.26, "size": 907.63}, {"op": "set", "side": "bid", "price": 0.24, "size": 557.0}, {"op": "set", "side": "bid", "price": 0.25, "size": 779.0}, {"op": "set", "side": "ask", "price": 0.67, "size": 625.0}, {"op": "set", "side": "ask", "price": 0.68, "size": 274.14}, {"op": "set", "side": "ask", "price": 0.7, "size": 344.0}, {"op": "set", "side": "ask", "price": 0.72, "size": 1187.1599999999999}, {"op": "set", "side": "ask", "price": 0.73, "size": 350.84000000000003}]}
{"t": 1776975944.1347961, "events": [{"op": "set", "side": "bid", "price": 0.25, "size": 803.0}, {"op": "set", "side": "ask", "price": 0.71, "size": 36.0}]}
{"t": 1776975945.176098, "events": [{"op": "delete", "side": "bid", "price": 0.24}, {"op": "delete", "side": "ask", "price": 0.7}]}
{"t": 1776975947.2255669, "events": [{"op": "set", "side": "ask", "price": 0.72, "size": 965.1599999999999}, {"op": "set", "side": "ask", "price": 0.73, "size": 238.84000000000003}]}
{"t": 1776975948.2322109, "events": [{"op": "set", "side": "bid", "price": 0.25, "size": 779.0}, {"op": "set", "side": "bid", "price": 0.21, "size": 1007.0}, {"op": "set", "side": "ask", "price": 0.67, "size": 633.0}, {"op": "set", "side": "ask", "price": 0.68, "size": 290.14}, {"op": "set", "side": "ask", "price": 0.71, "size": 349.0}]}
{"t": 1776975949.255933, "events": [{"op": "set", "side": "bid", "price": 0.22, "size": 27.0}, {"op": "set", "side": "ask", "price": 0.72, "size": 997.1599999999999}]}
{"t": 1776975951.2976189, "events": [{"op": "set", "side": "bid", "price": 0.26, "size": 243.63}, {"op": "delete", "side": "bid", "price": 0.25}, {"op": "set", "side": "bid", "price": 0.21, "size": 450.0}, {"op": "set", "side": "ask", "price": 0.67, "size": 500.0}, {"op": "set", "side": "ask", "price": 0.68, "size": 24.139999999999986}, {"op": "delete", "side": "ask", "price": 0.71}, {"op": "set", "side": "ask", "price": 0.72, "size": 429.15999999999985}, {"op": "set", "side": "ask", "price": 0.73, "size": 14.840000000000032}]}
{"t": 1776975954.332581, "events": [{"op": "set", "side": "bid", "price": 0.26, "size": 907.63}, {"op": "set", "side": "bid", "price": 0.22, "size": 584.0}, {"op": "set", "side": "bid", "price": 0.23, "size": 779.0}, {"op": "set", "side": "ask", "price": 0.67, "size": 611.0}, {"op": "set", "side": "ask", "price": 0.68, "size": 301.14}, {"op": "set", "side": "ask", "price": 0.72, "size": 970.1599999999999}, {"op": "set", "side": "ask", "price": 0.73, "size": 248.84000000000003}, {"op": "set", "side": "ask", "price": 0.69, "size": 40.0}]}
{"t": 1776975959.372451, "events": [{"op": "set", "side": "bid", "price": 0.26, "size": 2243.63}, {"op": "set", "side": "bid", "price": 0.22, "size": 27.0}, {"op": "delete", "side": "bid", "price": 0.23}, {"op": "set", "side": "ask", "price": 0.67, "size": 500.0}, {"op": "set", "side": "ask", "price": 0.68, "size": 223.14}, {"op": "set", "side": "ask", "price": 0.69, "size": 365.0}, {"op": "set", "side": "ask", "price": 0.72, "size": 731.1599999999999}, {"op": "set", "side": "ask", "price": 0.73, "size": 626.84}]}
{"t": 1776975963.398977, "events": [{"op": "delete", "side": "bid", "price": 0.22}, {"op": "set", "side": "ask", "price": 0.69, "size": 325.0}]}
{"t": 1776975964.407889, "events": [{"op": "set", "side": "bid", "price": 0.22, "size": 27.0}, {"op": "set", "side": "ask", "price": 0.7, "size": 38.0}]}
{"t": 1776975971.450849, "events": [{"op": "set", "side": "bid", "price": 0.26, "size": 907.6300000000001}, {"op": "delete", "side": "ask", "price": 0.69}, {"op": "set", "side": "ask", "price": 0.73, "size": 248.84000000000003}]}
{"t": 1776975972.4612129, "events": [{"op": "set", "side": "ask", "price": 0.73, "size": 238.84000000000003}]}
{"t": 1776975973.468818, "events": [{"op": "delete", "side": "bid", "price": 0.22}, {"op": "delete", "side": "ask", "price": 0.7}, {"op": "set", "side": "ask", "price": 0.64, "size": 50.0}]}
{"t": 1776975974.486274, "events": [{"op": "set", "side": "bid", "price": 0.22, "size": 584.0}, {"op": "set", "side": "bid", "price": 0.23, "size": 779.0}, {"op": "delete", "side": "ask", "price": 0.64}, {"op": "set", "side": "ask", "price": 0.67, "size": 633.0}, {"op": "set", "side": "ask", "price": 0.68, "size": 290.14}, {"op": "set", "side": "ask", "price": 0.72, "size": 965.1599999999999}, {"op": "set", "side": "ask", "price": 0.69, "size": 40.0}, {"op": "set", "side": "ask", "price": 0.7, "size": 349.0}]}
{"t": 1776975977.5051599, "events": [{"op": "set", "side": "bid", "price": 0.22, "size": 27.0}, {"op": "delete", "side": "bid", "price": 0.23}, {"op": "set", "side": "ask", "price": 0.67, "size": 500.0}, {"op": "set", "side": "ask", "price": 0.68, "size": 223.14}, {"op": "set", "side": "ask", "price": 0.72, "size": 732.1599999999999}, {"op": "delete", "side": "ask", "price": 0.7}]}
{"t": 1776975978.524107, "events": [{"op": "set", "side": "bid", "price": 0.26, "size": 2243.63}, {"op": "delete", "side": "bid", "price": 0.22}, {"op": "set", "side": "ask", "price": 0.69, "size": 325.0}, {"op": "set", "side": "ask", "price": 0.64, "size": 50.0}, {"op": "set", "side": "ask", "price": 0.73, "size": 626.84}]}
{"t": 1776975979.530004, "events": [{"op": "set", "side": "bid", "price": 0.22, "size": 27.0}, {"op": "delete", "side": "ask", "price": 0.64}, {"op": "set", "side": "ask", "price": 0.7, "size": 38.0}]}
{"t": 1776975988.585564, "events": [{"op": "set", "side": "bid", "price": 0.17, "size": 50.0}]}
{"t": 1776975989.593303, "events": [{"op": "set", "side": "bid", "price": 0.26, "size": 907.6300000000001}, {"op": "set", "side": "bid", "price": 0.22, "size": 1363.0}, {"op": "delete", "side": "bid", "price": 0.17}, {"op": "set", "side": "ask", "price": 0.67, "size": 611.0}, {"op": "set", "side": "ask", "price": 0.68, "size": 301.14}, {"op": "delete", "side": "ask", "price": 0.69}, {"op": "set", "side": "ask", "price": 0.72, "size": 841.1599999999999}, {"op": "set", "side": "ask", "price": 0.73, "size": 182.84000000000003}]}
{"t": 1776975993.639185, "events": [{"op": "set", "side": "bid", "price": 0.22, "size": 1336.0}, {"op": "delete", "side": "ask", "price": 0.7}]}
{"t": 1776975994.652439, "events": [{"op": "set", "side": "bid", "price": 0.23, "size": 27.0}, {"op": "set", "side": "ask", "price": 0.69, "size": 40.0}]}
{"t": 1776976002.718677, "events": [{"op": "set", "side": "bid", "price": 0.26, "size": 825.6300000000001}, {"op": "delete", "side": "bid", "price": 0.22}, {"op": "set", "side": "bid", "price": 0.23, "size": 655.0}, {"op": "set", "side": "ask", "price": 0.67, "size": 500.0}, {"op": "set", "side": "ask", "price": 0.68, "size": 223.14}, {"op": "set", "side": "ask", "price": 0.69, "size": 349.0}, {"op": "set", "side": "ask", "price": 0.72, "size": 724.1599999999999}, {"op": "set", "side": "ask", "price": 0.73, "size": 626.84}]}
{"t": 1776976003.738184, "events": [{"op": "set", "side": "bid", "price": 0.23, "size": 628.0}, {"op": "set", "side": "bid", "price": 0.24, "size": 25.0}, {"op": "set", "side": "ask", "price": 0.65, "size": 200.0}, {"op": "set", "side": "ask", "price": 0.69, "size": 309.0}, {"op": "set", "side": "ask", "price": 0.7, "size": 39.0}]}
{"t": 1776976005.821455, "events": [{"op": "set", "side": "bid", "price": 0.26, "size": 2243.63}, {"op": "delete", "side": "bid", "price": 0.23}, {"op": "set", "side": "ask", "price": 0.65, "size": 150.0}, {"op": "delete", "side": "ask", "price": 0.69}, {"op": "set", "side": "ask", "price": 0.72, "size": 732.1599999999999}, {"op": "set", "side": "ask", "price": 0.7, "size": 366.0}]}
{"t": 1776976008.8495371, "events": [{"op": "delete", "side": "bid", "price": 0.24}, {"op": "set", "side": "bid", "price": 0.22, "size": 27.0}, {"op": "set", "side": "ask", "price": 0.7, "size": 327.0}, {"op": "set", "side": "ask", "price": 0.71, "size": 36.0}]}
{"t": 1776976011.8745532, "events": [{"op": "set", "side": "bid", "price": 0.26, "size": 907.6300000000001}, {"op": "delete", "side": "ask", "price": 0.7}, {"op": "set", "side": "ask", "price": 0.72, "size": 724.1599999999999}, {"op": "set", "side": "ask", "price": 0.73, "size": 238.84000000000003}]}
{"t": 1776976012.8924701, "events": [{"op": "set", "side": "bid", "price": 0.22, "size": 584.0}, {"op": "set", "side": "bid", "price": 0.23, "size": 779.0}, {"op": "set", "side": "ask", "price": 0.67, "size": 633.0}, {"op": "set", "side": "ask", "price": 0.68, "size": 290.14}, {"op": "set", "side": "ask", "price": 0.71, "size": 386.0}, {"op": "set", "side": "ask", "price": 0.72, "size": 966.1599999999999}]}
{"t": 1776976013.8963861, "events": [{"op": "set", "side": "bid", "price": 0.22, "size": 557.0}, {"op": "set", "side": "bid", "price": 0.24, "size": 25.0}, {"op": "set", "side": "ask", "price": 0.71, "size": 350.0}, {"op": "set", "side": "ask", "price": 0.72, "size": 999.1599999999999}]}
{"t": 1776976021.967751, "events": [{"op": "set", "side": "bid", "price": 0.26, "size": 1579.63}, {"op": "delete", "side": "bid", "price": 0.22}, {"op": "delete", "side": "bid", "price": 0.23}, {"op": "set", "side": "ask", "price": 0.67, "size": 500.0}, {"op": "set", "side": "ask", "price": 0.68, "size": 245.14}, {"op": "delete", "side": "ask", "price": 0.71}, {"op": "set", "side": "ask", "price": 0.72, "size": 823.1599999999999}, {"op": "set", "side": "ask", "price": 0.73, "size": 356.84000000000003}]}
{"t": 1776976022.983882, "events": [{"op": "set", "side": "bid", "price": 0.26, "size": 2243.63}, {"op": "set", "side": "ask", "price": 0.73, "size": 857.84}]}
{"t": 1776976023.989538, "events": [{"op": "delete", "side": "bid", "price": 0.24}, {"op": "set", "side": "bid", "price": 0.22, "size": 27.0}, {"op": "set", "side": "ask", "price": 0.72, "size": 790.1599999999999}, {"op": "set", "side": "ask", "price": 0.69, "size": 40.0}]}
{"t": 1776976028.033005, "events": [{"op": "delete", "side": "bid", "price": 0.22}, {"op": "delete", "side": "ask", "price": 0.69}]}
{"t": 1776976029.046649, "events": [{"op": "set", "side": "bid", "price": 0.22, "size": 27.0}, {"op": "set", "side": "ask", "price": 0.69, "size": 40.0}]}
{"t": 1776976030.0649989, "events": [{"op": "set", "side": "bid", "price": 0.26, "size": 907.6300000000001}, {"op": "set", "side": "ask", "price": 0.68, "size": 223.14}, {"op": "set", "side": "ask", "price": 0.72, "size": 724.1599999999999}, {"op": "set", "side": "ask", "price": 0.73, "size": 238.84000000000003}]}
{"t": 1776976031.0763671, "events": [{"op": "set", "side": "bid", "price": 0.22, "size": 584.0}, {"op": "set", "side": "bid", "price": 0.23, "size": 779.0}, {"op": "set", "side": "ask", "price": 0.67, "size": 633.0}, {"op": "set", "side": "ask", "price": 0.68, "size": 290.14}, {"op": "set", "side": "ask", "price": 0.69, "size": 390.0}, {"op": "set", "side": "ask", "price": 0.72, "size": 966.1599999999999}]}
{"t": 1776976033.0979562, "events": [{"op": "set", "side": "bid", "price": 0.22, "size": 557.0}, {"op": "set", "side": "ask", "price": 0.69, "size": 350.0}]}
{"t": 1776976034.1065989, "events": [{"op": "set", "side": "bid", "price": 0.24, "size": 25.0}, {"op": "set", "side": "ask", "price": 0.7, "size": 38.0}]}
{"t": 1776976038.1259038, "events": [{"op": "delete", "side": "bid", "price": 0.24}, {"op": "delete", "side": "ask", "price": 0.7}]}
{"t": 1776976039.130999, "events": [{"op": "set", "side": "bid", "price": 0.26, "size": 825.6300000000001}, {"op": "delete", "side": "bid", "price": 0.22}, {"op": "delete", "side": "bid", "price": 0.23}, {"op": "set", "side": "bid", "price": 0.24, "size": 25.0}, {"op": "set", "side": "ask", "price": 0.67, "size": 500.0}, {"op": "set", "side": "ask", "price": 0.68, "size": 223.14}, {"op": "delete", "side": "ask", "price": 0.69}, {"op": "set", "side": "ask", "price": 0.72, "size": 786.1599999999999}, {"op": "set", "side": "ask", "price": 0.73, "size": 182.84000000000003}, {"op": "set", "side": "ask", "price": 0.7, "size": 38.0}]}
{"t": 1776976040.136569, "events": [{"op": "set", "side": "bid", "price": 0.26, "size": 2243.63}, {"op": "set", "side": "ask", "price": 0.68, "size": 356.14}, {"op": "set", "side": "ask", "price": 0.73, "size": 626.84}]}
{"t": 1776976041.146323, "events": [{"op": "set", "side": "bid", "price": 0.26, "size": 907.6300000000001}, {"op": "set", "side": "ask", "price": 0.68, "size": 301.14}, {"op": "set", "side": "ask", "price": 0.72, "size": 724.1599999999999}, {"op": "set", "side": "ask", "price": 0.73, "size": 238.84000000000003}]}
{"t": 1776976042.1519518, "events": [{"op": "set", "side": "bid", "price": 0.24, "size": 582.0}, {"op": "set", "side": "bid", "price": 0.25, "size": 779.0}, {"op": "set", "side": "ask", "price": 0.67, "size": 611.0}, {"op": "set", "side": "ask", "price": 0.7, "size": 443.0}, {"op": "set", "side": "ask", "price": 0.72, "size": 988.1599999999999}]}
{"t": 1776976043.1629992, "events": [{"op": "set", "side": "bid", "price": 0.24, "size": 557.0}, {"op": "set", "side": "ask", "price": 0.7, "size": 405.0}]}
{"t": 1776976044.185159, "events": [{"op": "set", "side": "bid", "price": 0.26, "size": 243.6300000000001}, {"op": "set", "side": "bid", "price": 0.25, "size": 24.0}, {"op": "delete", "side": "bid", "price": 0.24}, {"op": "set", "side": "ask", "price": 0.67, "size": 500.0}, {"op": "set", "side": "ask", "price": 0.68, "size": 24.139999999999986}, {"op": "delete", "side": "ask", "price": 0.7}, {"op": "set", "side": "ask", "price": 0.71, "size": 36.0}, {"op": "set", "side": "ask", "price": 0.72, "size": 397.15999999999985}, {"op": "set", "side": "ask", "price": 0.73, "size": 14.840000000000032}]}
{"t": 1776976047.209746, "events": [{"op": "set", "side": "bid", "price": 0.26, "size": 907.6300000000001}, {"op": "set", "side": "bid", "price": 0.25, "size": 1360.0}, {"op": "set", "side": "ask", "price": 0.67, "size": 625.0}, {"op": "set", "side": "ask", "price": 0.68, "size": 274.14}, {"op": "set", "side": "ask", "price": 0.71, "size": 381.0}, {"op": "set", "side": "ask", "price": 0.72, "size": 1187.1599999999999}, {"op": "set", "side": "ask", "price": 0.73, "size": 350.84000000000003}]}
{"t": 1776976048.218187, "events": [{"op": "set", "side": "bid", "price": 0.25, "size": 1336.0}, {"op": "set", "side": "ask", "price": 0.71, "size": 345.0}]}
{"t": 1776976049.2295182, "events": [{"op": "delete", "side": "bid", "price": 0.25}, {"op": "set", "side": "bid", "price": 0.22, "size": 27.0}, {"op": "set", "side": "ask", "price": 0.67, "size": 500.0}, {"op": "set", "side": "ask", "price": 0.68, "size": 245.14}, {"op": "delete", "side": "ask", "price": 0.71}, {"op": "set", "side": "ask", "price": 0.72, "size": 985.1599999999999}, {"op": "set", "side": "ask", "price": 0.73, "size": 238.84000000000003}]}
{"t": 1776976050.238752, "events": [{"op": "set", "side": "bid", "price": 0.22, "size": 584.0}, {"op": "set", "side": "bid", "price": 0.23, "size": 779.0}]}
{"t": 1776976053.276522, "events": [{"op": "set", "side": "bid", "price": 0.22, "size": 557.0}, {"op": "set", "side": "ask", "price": 0.72, "size": 952.1599999999999}]}
{"t": 1776976054.2832232, "events": [{"op": "set", "side": "bid", "price": 0.24, "size": 25.0}, {"op": "set", "side": "ask", "price": 0.69, "size": 40.0}]}
{"t": 1776976058.306615, "events": [{"op": "set", "side": "bid", "price": 0.26, "size": 243.6300000000001}, {"op": "delete", "side": "bid", "price": 0.24}, {"op": "set", "side": "bid", "price": 0.22, "size": 27.0}, {"op": "delete", "side": "bid", "price": 0.23}, {"op": "set", "side": "ask", "price": 0.68, "size": 74.13999999999999}, {"op": "set", "side": "ask", "price": 0.72, "size": 397.15999999999985}, {"op": "set", "side": "ask", "price": 0.73, "size": 14.840000000000032}]}
{"t": 1776976061.337662, "events": [{"op": "set", "side": "bid", "price": 0.26, "size": 1243.63}, {"op": "set", "side": "ask", "price": 0.65, "size": 200.0}, {"op": "set", "side": "ask", "price": 0.67, "size": 633.0}, {"op": "set", "side": "ask", "price": 0.68, "size": 290.14}, {"op": "set", "side": "ask", "price": 0.69, "size": 406.0}, {"op": "set", "side": "ask", "price": 0.73, "size": 812.84}]}
{"t": 1776976062.354484, "events": [{"op": "set", "side": "ask", "price": 0.73, "size": 1148.8400000000001}]}
{"t": 1776976063.365494, "events": [{"op": "delete", "side": "bid", "price": 0.22}, {"op": "set", "side": "ask", "price": 0.69, "size": 366.0}]}
{"t": 1776976064.375992, "events": [{"op": "set", "side": "bid", "price": 0.22, "size": 27.0}, {"op": "set", "side": "ask", "price": 0.7, "size": 39.0}]}
{"t": 1776976065.3873029, "events": [{"op": "set", "side": "bid", "price": 0.26, "size": 907.6300000000001}, {"op": "set", "side": "ask", "price": 0.65, "size": 150.0}, {"op": "delete", "side": "ask", "price": 0.69}, {"op": "set", "side": "ask", "price": 0.73, "size": 350.84000000000015}]}
{"t": 1776976066.397533, "events": [{"op": "set", "side": "bid", "price": 0.22, "size": 584.0}, {"op": "set", "side": "bid", "price": 0.23, "size": 779.0}, {"op": "set", "side": "ask", "price": 0.7, "size": 405.0}, {"op": "set", "side": "ask", "price": 0.72, "size": 1195.1599999999999}]}
{"t": 1776976068.419334, "events": [{"op": "set", "side": "bid", "price": 0.22, "size": 557.0}, {"op": "set", "side": "ask", "price": 0.7, "size": 366.0}]}
{"t": 1776976069.436353, "events": [{"op": "set", "side": "bid", "price": 0.24, "size": 25.0}, {"op": "set", "side": "ask", "price": 0.71, "size": 36.0}]}
{"t": 1776976074.460224, "events": [{"op": "set", "side": "bid", "price": 0.26, "size": 853.6300000000001}, {"op": "delete", "side": "bid", "price": 0.22}, {"op": "delete", "side": "bid", "price": 0.23}, {"op": "set", "side": "bid", "price": 0.17, "size": 50.0}, {"op": "set", "side": "ask", "price": 0.67, "size": 500.0}, {"op": "delete", "side": "ask", "price": 0.7}, {"op": "set", "side": "ask", "price": 0.72, "size": 952.1599999999999}, {"op": "set", "side": "ask", "price": 0.73, "size": 238.84000000000015}]}
{"t": 1776976075.471221, "events": [{"op": "set", "side": "bid", "price": 0.24, "size": 668.0}, {"op": "set", "side": "ask", "price": 0.68, "size": 356.14}, {"op": "set", "side": "ask", "price": 0.71, "size": 425.0}]}
{"t": 1776976077.482344, "events": [{"op": "set", "side": "ask", "price": 0.68, "size": 264.14}, {"op": "set", "side": "ask", "price": 0.71, "size": 423.0}, {"op": "set", "side": "ask", "price": 0.72, "size": 878.1599999999999}, {"op": "set", "side": "ask", "price": 0.73, "size": 182.84000000000015}]}
{"t": 1776976078.494921, "events": [{"op": "set", "side": "bid", "price": 0.26, "size": 907.6300000000001}, {"op": "set", "side": "bid", "price": 0.24, "size": 779.0}, {"op": "set", "side": "bid", "price": 0.21, "size": 1007.0}, {"op": "set", "side": "bid", "price": 0.25, "size": 24.0}, {"op": "set", "side": "ask", "price": 0.67, "size": 611.0}, {"op": "set", "side": "ask", "price": 0.71, "size": 387.0}, {"op": "set", "side": "ask", "price": 0.72, "size": 910.1599999999999}]}
{"t": 1776976083.531923, "events": [{"op": "delete", "side": "bid", "price": 0.25}, {"op": "set", "side": "ask", "price": 0.72, "size": 878.1599999999999}]}
{"t": 1776976084.54107, "events": [{"op": "set", "side": "bid", "price": 0.25, "size": 24.0}, {"op": "set", "side": "ask", "price": 0.72, "size": 910.1599999999999}]}
{"t": 1776976085.548361, "events": [{"op": "set", "side": "bid", "price": 0.26, "size": 243.6300000000001}, {"op": "set", "side": "bid", "price": 0.21, "size": 450.0}, {"op": "delete", "side": "bid", "price": 0.24}, {"op": "delete", "side": "bid", "price": 0.17}, {"op": "set", "side": "ask", "price": 0.67, "size": 500.0}, {"op": "set", "side": "ask", "price": 0.68, "size": 24.139999999999986}, {"op": "delete", "side": "ask", "price": 0.71}, {"op": "set", "side": "ask", "price": 0.72, "size": 429.15999999999985}, {"op": "set", "side": "ask", "price": 0.73, "size": 14.840000000000146}]}
{"t": 1776976088.582797, "events": [{"op": "delete", "side": "bid", "price": 0.25}, {"op": "set", "side": "bid", "price": 0.22, "size": 27.0}]}
{"t": 1776976089.58958, "events": [{"op": "set", "side": "bid", "price": 0.26, "size": 907.6300000000001}, {"op": "set", "side": "bid", "price": 0.25, "size": 1336.0}, {"op": "set", "side": "ask", "price": 0.67, "size": 611.0}, {"op": "set", "side": "ask", "price": 0.68, "size": 301.14}, {"op": "set", "side": "ask", "price": 0.72, "size": 952.1599999999999}, {"op": "set", "side": "ask", "price": 0.73, "size": 239.84000000000015}, {"op": "set", "side": "ask", "price": 0.69, "size": 39.0}]}
{"t": 1776976091.599458, "events": [{"op": "delete", "side": "bid", "price": 0.25}, {"op": "set", "side": "ask", "price": 0.68, "size": 340.14}, {"op": "set", "side": "ask", "price": 0.73, "size": 238.84000000000015}]}
{"t": 1776976092.6074328, "events": [{"op": "set", "side": "bid", "price": 0.22, "size": 584.0}, {"op": "set", "side": "bid", "price": 0.23, "size": 779.0}, {"op": "set", "side": "bid", "price": 0.17, "size": 50.0}, {"op": "set", "side": "ask", "price": 0.65, "size": 200.0}, {"op": "set", "side": "ask", "price": 0.67, "size": 633.0}, {"op": "set", "side": "ask", "price": 0.68, "size": 290.14}, {"op": "set", "side": "ask", "price": 0.69, "size": 391.0}, {"op": "set", "side": "ask", "price": 0.72, "size": 967.1599999999999}]}
{"t": 1776976093.6152132, "events": [{"op": "set", "side": "bid", "price": 0.22, "size": 557.0}, {"op": "set", "side": "bid", "price": 0.24, "size": 25.0}, {"op": "set", "side": "ask", "price": 0.69, "size": 352.0}, {"op": "set", "side": "ask", "price": 0.7, "size": 38.0}]}
{"t": 1776976095.6349592, "events": [{"op": "delete", "side": "bid", "price": 0.22}, {"op": "delete", "side": "bid", "price": 0.23}, {"op": "set", "side": "ask", "price": 0.65, "size": 150.0}, {"op": "set", "side": "ask", "price": 0.67, "size": 500.0}, {"op": "set", "side": "ask", "price": 0.68, "size": 340.14}, {"op": "delete", "side": "ask", "price": 0.69}, {"op": "set", "side": "ask", "price": 0.72, "size": 952.1599999999999}]}
{"t": 1776976096.652119, "events": [{"op": "set", "side": "bid", "price": 0.26, "size": 855.6300000000001}]}
{"t": 1776976097.657048, "events": [{"op": "set", "side": "bid", "price": 0.24, "size": 668.0}, {"op": "set", "side": "ask", "price": 0.68, "size": 356.14}, {"op": "set", "side": "ask", "price": 0.7, "size": 427.0}]}
{"t": 1776976098.6700659, "events": [{"op": "set", "side": "bid", "price": 0.24, "size": 643.0}, {"op": "set", "side": "bid", "price": 0.25, "size": 24.0}, {"op": "set", "side": "ask", "price": 0.7, "size": 389.0}, {"op": "set", "side": "ask", "price": 0.71, "size": 36.0}]}
{"t": 1776976099.67869, "events": [{"op": "delete", "side": "bid", "price": 0.24}, {"op": "set", "side": "ask", "price": 0.68, "size": 301.14}, {"op": "delete", "side": "ask", "price": 0.7}]}
{"t": 1776976100.698726, "events": [{"op": "set", "side": "bid", "price": 0.26, "size": 907.6300000000001}, {"op": "set", "side": "bid", "price": 0.25, "size": 1360.0}, {"op": "set", "side": "ask", "price": 0.67, "size": 611.0}, {"op": "set", "side": "ask", "price": 0.71, "size": 443.0}, {"op": "set", "side": "ask", "price": 0.72, "size": 989.1599999999999}]}
{"t": 1776976103.7164748, "events": [{"op": "set", "side": "bid", "price": 0.25, "size": 1336.0}, {"op": "set", "side": "bid", "price": 0.22, "size": 27.0}, {"op": "set", "side": "ask", "price": 0.71, "size": 407.0}, {"op": "set", "side": "ask", "price": 0.72, "size": 1021.1599999999999}]}
{"t": 1776976113.775799, "events": [{"op": "delete", "side": "bid", "price": 0.25}, {"op": "set", "side": "bid", "price": 0.22, "size": 1363.0}, {"op": "delete", "side": "bid", "price": 0.17}, {"op": "set", "side": "bid", "price": 0.23, "size": 50.0}, {"op": "set", "side": "ask", "price": 0.65, "size": 216.0}, {"op": "set", "side": "ask", "price": 0.67, "size": 652.0}, {"op": "set", "side": "ask", "price": 0.68, "size": 298.14}, {"op": "delete", "side": "ask", "price": 0.71}, {"op": "set", "side": "ask", "price": 0.72, "size": 815.1599999999999}, {"op": "set", "side": "ask", "price": 0.73, "size": 171.84000000000015}, {"op": "set", "side": "ask", "price": 0.69, "size": 40.0}]}
{"t": 1776976116.79982, "events": [{"op": "set", "side": "bid", "price": 0.22, "size": 27.0}, {"op": "delete", "side": "bid", "price": 0.23}, {"op": "set", "side": "bid", "price": 0.17, "size": 50.0}, {"op": "set", "side": "ask", "price": 0.65, "size": 150.0}, {"op": "set", "side": "ask", "price": 0.67, "size": 633.0}, {"op": "set", "side": "ask", "price": 0.68, "size": 290.14}]}
{"t": 1776976117.808927, "events": [{"op": "set", "side": "bid", "price": 0.23, "size": 1336.0}, {"op": "set", "side": "ask", "price": 0.69, "size": 392.0}, {"op": "set", "side": "ask", "price": 0.72, "size": 967.1599999999999}, {"op": "set", "side": "ask", "price": 0.73, "size": 238.84000000000015}]}
{"t": 1776976118.820491, "events": [{"op": "delete", "side": "bid", "price": 0.22}, {"op": "set", "side": "ask", "price": 0.69, "size": 352.0}]}
{"t": 1776976119.83535, "events": [{"op": "set", "side": "bid", "price": 0.24, "size": 25.0}, {"op": "set", "side": "ask", "price": 0.65, "size": 200.0}, {"op": "set", "side": "ask", "price": 0.7, "size": 38.0}]}
{"t": 1776976128.8931751, "events": [{"op": "set", "side": "bid", "price": 0.26, "size": 857.6300000000001}, {"op": "set", "side": "bid", "price": 0.24, "size": 644.0}, {"op": "delete", "side": "bid", "price": 0.23}, {"op": "set", "side": "bid", "price": 0.22, "size": 27.0}, {"op": "set", "side": "ask", "price": 0.65, "size": 150.0}, {"op": "set", "side": "ask", "price": 0.67, "size": 500.0}, {"op": "set", "side": "ask", "price": 0.68, "size": 356.14}, {"op": "set", "side": "ask", "price": 0.69, "size": 40.0}, {"op": "set", "side": "ask", "price": 0.72, "size": 952.1599999999999}, {"op": "set", "side": "ask", "price": 0.7, "size": 389.0}]}
{"t": 1776976130.9047801, "events": [{"op": "set", "side": "bid", "price": 0.26, "size": 907.6300000000001}, {"op": "delete", "side": "bid", "price": 0.24}, {"op": "set", "side": "bid", "price": 0.22, "size": 1363.0}, {"op": "delete", "side": "bid", "price": 0.17}, {"op": "set", "side": "ask", "price": 0.67, "size": 611.0}, {"op": "set", "side": "ask", "price": 0.68, "size": 301.14}, {"op": "set", "side": "ask", "price": 0.69, "size": 448.0}, {"op": "set", "side": "ask", "price": 0.72, "size": 990.1599999999999}, {"op": "delete", "side": "ask", "price": 0.7}]}
{"t": 1776976133.922157, "events": [{"op": "set", "side": "bid", "price": 0.22, "size": 1336.0}, {"op": "set", "side": "bid", "price": 0.23, "size": 26.0}, {"op": "set", "side": "ask", "price": 0.69, "size": 408.0}, {"op": "set", "side": "ask", "price": 0.7, "size": 38.0}]}
{"t": 1776976135.934583, "events": [{"op": "set", "side": "bid", "price": 0.26, "size": 243.6300000000001}, {"op": "delete", "side": "bid", "price": 0.22}, {"op": "set", "side": "ask", "price": 0.67, "size": 500.0}, {"op": "set", "side": "ask", "price": 0.68, "size": 24.139999999999986}, {"op": "delete", "side": "ask", "price": 0.69}, {"op": "set", "side": "ask", "price": 0.72, "size": 397.15999999999985}, {"op": "set", "side": "ask", "price": 0.73, "size": 14.840000000000146}]}
{"t": 1776976137.96097, "events": [{"op": "delete", "side": "bid", "price": 0.23}, {"op": "delete", "side": "ask", "price": 0.7}]}
{"t": 1776976138.9725718, "events": [{"op": "set", "side": "bid", "price": 0.22, "size": 77.0}, {"op": "set", "side": "bid", "price": 0.23, "size": 16.0}, {"op": "set", "side": "ask", "price": 0.68, "size": 74.13999999999999}, {"op": "set", "side": "ask", "price": 0.69, "size": 40.0}]}
{"t": 1776976139.976351, "events": [{"op": "set", "side": "bid", "price": 0.26, "size": 907.6300000000001}, {"op": "set", "side": "bid", "price": 0.22, "size": 584.0}, {"op": "set", "side": "bid", "price": 0.23, "size": 795.0}, {"op": "set", "side": "bid", "price": 0.17, "size": 50.0}, {"op": "set", "side": "ask", "price": 0.67, "size": 633.0}, {"op": "set", "side": "ask", "price": 0.68, "size": 290.14}, {"op": "set", "side": "ask", "price": 0.69, "size": 406.0}, {"op": "set", "side": "ask", "price": 0.72, "size": 1195.1599999999999}, {"op": "set", "side": "ask", "price": 0.73, "size": 350.84000000000015}]}
{"t": 1776976143.994279, "events": [{"op": "set", "side": "bid", "price": 0.22, "size": 557.0}, {"op": "set", "side": "bid", "price": 0.24, "size": 25.0}, {"op": "set", "side": "ask", "price": 0.69, "size": 366.0}, {"op": "set", "side": "ask", "price": 0.7, "size": 38.0}]}
{"t": 1776976149.017121, "events": [{"op": "set", "side": "ask", "price": 0.65, "size": 200.0}]}
{"t": 1776976152.035327, "events": [{"op": "set", "side": "bid", "price": 0.26, "size": 243.6300000000001}, {"op": "set", "side": "bid", "price": 0.22, "size": 16.0}, {"op": "delete", "side": "bid", "price": 0.23}, {"op": "delete", "side": "bid", "price": 0.17}, {"op": "set", "side": "ask", "price": 0.65, "size": 150.0}, {"op": "set", "side": "ask", "price": 0.67, "size": 500.0}, {"op": "set", "side": "ask", "price": 0.68, "size": 24.139999999999986}, {"op": "delete", "side": "ask", "price": 0.69}, {"op": "set", "side": "ask", "price": 0.72, "size": 397.15999999999985}, {"op": "set", "side": "ask", "price": 0.73, "size": 14.840000000000146}]}
{"t": 1776976153.054967, "events": [{"op": "set", "side": "bid", "price": 0.26, "size": 907.6300000000001}, {"op": "set", "side": "bid", "price": 0.24, "size": 1361.0}, {"op": "delete", "side": "bid", "price": 0.22}, {"op": "set", "side": "ask", "price": 0.67, "size": 626.0}, {"op": "set", "side": "ask", "price": 0.68, "size": 276.14}, {"op": "set", "side": "ask", "price": 0.7, "size": 385.0}, {"op": "set", "side": "ask", "price": 0.72, "size": 1188.1599999999999}, {"op": "set", "side": "ask", "price": 0.73, "size": 350.84000000000015}]}
{"t": 1776976154.063997, "events": [{"op": "set", "side": "bid", "price": 0.24, "size": 1336.0}, {"op": "set", "side": "bid", "price": 0.25, "size": 24.0}, {"op": "set", "side": "ask", "price": 0.7, "size": 347.0}, {"op": "set", "side": "ask", "price": 0.71, "size": 36.0}]}
{"t": 1776976163.1601741, "events": [{"op": "delete", "side": "bid", "price": 0.25}, {"op": "delete", "side": "ask", "price": 0.71}]}
{"t": 1776976164.1660988, "events": [{"op": "set", "side": "bid", "price": 0.25, "size": 24.0}, {"op": "set", "side": "ask", "price": 0.71, "size": 36.0}]}
{"t": 1776976168.185441, "events": [{"op": "delete", "side": "bid", "price": 0.25}, {"op": "delete", "side": "ask", "price": 0.71}]}
{"t": 1776976169.201382, "events": [{"op": "set", "side": "bid", "price": 0.25, "size": 24.0}, {"op": "set", "side": "ask", "price": 0.71, "size": 36.0}]}
{"t": 1776976172.213068, "events": [{"op": "delete", "side": "bid", "price": 0.24}, {"op": "set", "side": "bid", "price": 0.22, "size": 1336.0}, {"op": "set", "side": "ask", "price": 0.67, "size": 500.0}, {"op": "set", "side": "ask", "price": 0.68, "size": 223.14}, {"op": "delete", "side": "ask", "price": 0.7}, {"op": "set", "side": "ask", "price": 0.71, "size": 402.0}, {"op": "set", "side": "ask", "price": 0.72, "size": 753.1599999999999}, {"op": "set", "side": "ask", "price": 0.73, "size": 569.8400000000001}]}
{"t": 1776976173.230133, "events": [{"op": "delete", "side": "bid", "price": 0.25}, {"op": "set", "side": "ask", "price": 0.71, "size": 366.0}, {"op": "set", "side": "ask", "price": 0.73, "size": 793.8400000000001}]}
{"t": 1776976174.237823, "events": [{"op": "set", "side": "bid", "price": 0.23, "size": 26.0}, {"op": "set", "side": "ask", "price": 0.72, "size": 786.1599999999999}]}
{"t": 1776976175.24962, "events": [{"op": "delete", "side": "bid", "price": 0.22}, {"op": "delete", "side": "ask", "price": 0.71}, {"op": "set", "side": "ask", "price": 0.73, "size": 569.8400000000001}]}
{"t": 1776976177.2679732, "events": [{"op": "set", "side": "bid", "price": 0.26, "size": 1579.63}, {"op": "set", "side": "ask", "price": 0.68, "size": 356.14}, {"op": "set", "side": "ask", "price": 0.72, "size": 819.1599999999999}]}
{"t": 1776976178.273995, "events": [{"op": "set", "side": "bid", "price": 0.26, "size": 2243.63}, {"op": "delete", "side": "bid", "price": 0.23}, {"op": "set", "side": "ask", "price": 0.72, "size": 786.1599999999999}, {"op": "set", "side": "ask", "price": 0.73, "size": 793.8400000000001}]}
{"t": 1776976179.287406, "events": [{"op": "set", "side": "bid", "price": 0.22, "size": 27.0}, {"op": "set", "side": "ask", "price": 0.69, "size": 39.0}]}
{"t": 1776976183.318472, "events": [{"op": "delete", "side": "bid", "price": 0.22}, {"op": "delete", "side": "ask", "price": 0.69}]}
{"t": 1776976184.330831, "events": [{"op": "set", "side": "bid", "price": 0.22, "size": 27.0}, {"op": "set", "side": "ask", "price": 0.69, "size": 39.0}]}
{"t": 1776976188.349905, "events": [{"op": "delete", "side": "bid", "price": 0.22}, {"op": "delete", "side": "ask", "price": 0.69}]}
{"t": 1776976189.36215, "events": [{"op": "set", "side": "bid", "price": 0.22, "size": 27.0}, {"op": "set", "side": "ask", "price": 0.69, "size": 39.0}]}
{"t": 1776976193.395335, "events": [{"op": "delete", "side": "bid", "price": 0.22}, {"op": "delete", "side": "ask", "price": 0.69}]}
{"t": 1776976194.405488, "events": [{"op": "set", "side": "bid", "price": 0.22, "size": 27.0}, {"op": "set", "side": "ask", "price": 0.69, "size": 39.0}]}
{"t": 1776976197.420757, "events": [{"op": "set", "side": "bid", "price": 0.26, "size": 907.6300000000001}, {"op": "set", "side": "ask", "price": 0.68, "size": 301.14}, {"op": "set", "side": "ask", "price": 0.72, "size": 753.1599999999999}, {"op": "set", "side": "ask", "price": 0.73, "size": 238.84000000000015}]}
{"t": 1776976198.435571, "events": [{"op": "set", "side": "bid", "price": 0.22, "size": 557.0}, {"op": "set", "side": "bid", "price": 0.24, "size": 25.0}, {"op": "set", "side": "bid", "price": 0.23, "size": 779.0}, {"op": "set", "side": "ask", "price": 0.67, "size": 611.0}, {"op": "set", "side": "ask", "price": 0.69, "size": 411.0}, {"op": "set", "side": "ask", "price": 0.72, "size": 991.1599999999999}, {"op": "set", "side": "ask", "price": 0.7, "size": 38.0}]}
{"t": 1776976203.4636748, "events": [{"op": "delete", "side": "bid", "price": 0.24}, {"op": "delete", "side": "ask", "price": 0.7}]}
{"t": 1776976204.476952, "events": [{"op": "set", "side": "bid", "price": 0.26, "size": 243.6300000000001}, {"op": "delete", "side": "bid", "price": 0.22}, {"op": "delete", "side": "bid", "price": 0.23}, {"op": "set", "side": "bid", "price": 0.24, "size": 25.0}, {"op": "set", "side": "ask", "price": 0.67, "size": 500.0}, {"op": "set", "side": "ask", "price": 0.68, "size": 24.139999999999986}, {"op": "delete", "side": "ask", "price": 0.69}, {"op": "set", "side": "ask", "price": 0.72, "size": 397.15999999999985}, {"op": "set", "side": "ask", "price": 0.73, "size": 14.840000000000146}, {"op": "set", "side": "ask", "price": 0.7, "size": 38.0}]}
{"t": 1776976207.508864, "events": [{"op": "set", "side": "bid", "price": 0.26, "size": 907.6300000000001}, {"op": "set", "side": "bid", "price": 0.24, "size": 582.0}, {"op": "set", "side": "bid", "price": 0.25, "size": 779.0}, {"op": "set", "side": "ask", "price": 0.67, "size": 626.0}, {"op": "set", "side": "ask", "price": 0.68, "size": 277.14}, {"op": "set", "side": "ask", "price": 0.7, "size": 387.0}, {"op": "set", "side": "ask", "price": 0.72, "size": 1189.1599999999999}, {"op": "set", "side": "ask", "price": 0.73, "size": 350.84000000000015}]}
{"t": 1776976208.525941, "events": [{"op": "set", "side": "bid", "price": 0.24, "size": 557.0}, {"op": "set", "side": "ask", "price": 0.7, "size": 349.0}]}
{"t": 1776976209.539958, "events": [{"op": "set", "side": "bid", "price": 0.25, "size": 803.0}, {"op": "set", "side": "ask", "price": 0.71, "size": 36.0}]}
{"t": 1776976213.5675368, "events": [{"op": "set", "side": "bid", "price": 0.17, "size": 16.0}]}
{"t": 1776976214.569775, "events": [{"op": "delete", "side": "bid", "price": 0.24}, {"op": "delete", "side": "ask", "price": 0.7}]}
{"t": 1776976215.5757089, "events": [{"op": "set", "side": "bid", "price": 0.21, "size": 1007.0}, {"op": "set", "side": "ask", "price": 0.67, "size": 633.0}, {"op": "set", "side": "ask", "price": 0.68, "size": 290.14}, {"op": "set", "side": "ask", "price": 0.71, "size": 389.0}, {"op": "set", "side": "ask", "price": 0.72, "size": 967.1599999999999}, {"op": "set", "side": "ask", "price": 0.73, "size": 238.84000000000015}]}
{"t": 1776976217.597552, "events": [{"op": "set", "side": "bid", "price": 0.25, "size": 24.0}, {"op": "set", "side": "bid", "price": 0.21, "size": 450.0}, {"op": "delete", "side": "bid", "price": 0.17}, {"op": "set", "side": "ask", "price": 0.67, "size": 500.0}, {"op": "set", "side": "ask", "price": 0.68, "size": 277.14}]}
{"t": 1776976218.6080482, "events": [{"op": "delete", "side": "bid", "price": 0.25}, {"op": "set", "side": "bid", "price": 0.24, "size": 25.0}, {"op": "set", "side": "bid", "price": 0.22, "size": 1336.0}, {"op": "set", "side": "bid", "price": 0.23, "size": 16.0}, {"op": "set", "side": "ask", "price": 0.68, "size": 245.14}, {"op": "set", "side": "ask", "price": 0.71, "size": 379.0}, {"op": "set", "side": "ask", "price": 0.72, "size": 787.1599999999999}, {"op": "set", "side": "ask", "price": 0.73, "size": 626.8400000000001}]}
{"t": 1776976220.6215591, "events": [{"op": "delete", "side": "bid", "price": 0.22}, {"op": "delete", "side": "ask", "price": 0.71}, {"op": "set", "side": "ask", "price": 0.73, "size": 458.84000000000015}]}
{"t": 1776976222.6332319, "events": [{"op": "set", "side": "bid", "price": 0.26, "size": 861.6300000000001}, {"op": "set", "side": "bid", "price": 0.24, "size": 672.0}, {"op": "delete", "side": "bid", "price": 0.23}, {"op": "set", "side": "ask", "price": 0.68, "size": 356.14}, {"op": "set", "side": "ask", "price": 0.72, "size": 819.1599999999999}, {"op": "set", "side": "ask", "price": 0.73, "size": 626.8400000000001}]}
{"t": 1776976223.6436858, "events": [{"op": "set", "side": "bid", "price": 0.26, "size": 2243.63}, {"op": "delete", "side": "bid", "price": 0.24}, {"op": "set", "side": "bid", "price": 0.22, "size": 27.0}, {"op": "set", "side": "bid", "price": 0.17, "size": 16.0}, {"op": "set", "side": "ask", "price": 0.68, "size": 467.14}, {"op": "set", "side": "ask", "price": 0.72, "size": 842.1599999999999}, {"op": "set", "side": "ask", "price": 0.73, "size": 793.8400000000001}, {"op": "set", "side": "ask", "price": 0.69, "size": 39.0}]}
{"t": 1776976228.677294, "events": [{"op": "delete", "side": "bid", "price": 0.22}]}
{"t": 1776976229.686453, "events": [{"op": "set", "side": "bid", "price": 0.22, "size": 27.0}]}
{"t": 1776976238.714187, "events": [{"op": "delete", "side": "bid", "price": 0.22}, {"op": "delete", "side": "ask", "price": 0.69}]}
{"t": 1776976239.7258828, "events": [{"op": "set", "side": "bid", "price": 0.22, "size": 27.0}, {"op": "set", "side": "ask", "price": 0.69, "size": 39.0}]}
{"t": 1776976253.8076642, "events": [{"op": "delete", "side": "bid", "price": 0.22}, {"op": "set", "side": "ask", "price": 0.65, "size": 166.0}, {"op": "delete", "side": "ask", "price": 0.69}]}
{"t": 1776976254.822479, "events": [{"op": "set", "side": "bid", "price": 0.26, "size": 1579.63}, {"op": "set", "side": "bid", "price": 0.22, "size": 27.0}, {"op": "set", "side": "ask", "price": 0.65, "size": 150.0}, {"op": "set", "side": "ask", "price": 0.72, "size": 754.1599999999999}, {"op": "set", "side": "ask", "price": 0.73, "size": 238.84000000000015}, {"op": "set", "side": "ask", "price": 0.69, "size": 39.0}]}
{"t": 1776976255.835129, "events": [{"op": "set", "side": "bid", "price": 0.26, "size": 907.6300000000001}, {"op": "set", "side": "bid", "price": 0.22, "size": 1363.0}, {"op": "delete", "side": "bid", "price": 0.17}, {"op": "set", "side": "ask", "price": 0.67, "size": 611.0}, {"op": "set", "side": "ask", "price": 0.68, "size": 301.14}, {"op": "set", "side": "ask", "price": 0.69, "size": 452.0}, {"op": "set", "side": "ask", "price": 0.72, "size": 992.1599999999999}]}
{"t": 1776976258.864931, "events": [{"op": "set", "side": "bid", "price": 0.22, "size": 1336.0}, {"op": "set", "side": "bid", "price": 0.23, "size": 26.0}, {"op": "set", "side": "ask", "price": 0.69, "size": 413.0}, {"op": "set", "side": "ask", "price": 0.7, "size": 38.0}]}
{"t": 1776976259.875783, "events": [{"op": "set", "side": "bid", "price": 0.26, "size": 861.6300000000001}, {"op": "delete", "side": "bid", "price": 0.22}, {"op": "set", "side": "ask", "price": 0.67, "size": 500.0}, {"op": "set", "side": "ask", "price": 0.68, "size": 245.14}, {"op": "delete", "side": "ask", "price": 0.69}, {"op": "set", "side": "ask", "price": 0.72, "size": 952.1599999999999}]}
{"t": 1776976260.885631, "events": [{"op": "set", "side": "bid", "price": 0.26, "size": 2243.63}, {"op": "set", "side": "ask", "price": 0.68, "size": 356.14}, {"op": "set", "side": "ask", "price": 0.7, "size": 427.0}]}
{"t": 1776976263.909769, "events": [{"op": "delete", "side": "bid", "price": 0.23}, {"op": "set", "side": "bid", "price": 0.22, "size": 28.0}, {"op": "set", "side": "ask", "price": 0.7, "size": 389.0}, {"op": "set", "side": "ask", "price": 0.71, "size": 35.0}]}
{"t": 1776976276.0147579, "events": [{"op": "set", "side": "bid", "price": 0.26, "size": 907.6300000000001}, {"op": "set", "side": "ask", "price": 0.68, "size": 301.14}, {"op": "delete", "side": "ask", "price": 0.7}, {"op": "set", "side": "ask", "price": 0.72, "size": 754.1599999999999}]}
{"t": 1776976277.039475, "events": [{"op": "set", "side": "bid", "price": 0.22, "size": 585.0}, {"op": "set", "side": "bid", "price": 0.23, "size": 779.0}, {"op": "set", "side": "ask", "price": 0.67, "size": 611.0}, {"op": "set", "side": "ask", "price": 0.71, "size": 448.0}, {"op": "set", "side": "ask", "price": 0.72, "size": 992.1599999999999}]}
{"t": 1776976279.0620182, "events": [{"op": "set", "side": "bid", "price": 0.22, "size": 557.0}, {"op": "set", "side": "bid", "price": 0.24, "size": 25.0}, {"op": "set", "side": "ask", "price": 0.71, "size": 413.0}]}
{"t": 1776976280.070851, "events": [{"op": "delete", "side": "bid", "price": 0.22}, {"op": "delete", "side": "bid", "price": 0.23}, {"op": "set", "side": "ask", "price": 0.67, "size": 500.0}, {"op": "set", "side": "ask", "price": 0.68, "size": 245.14}, {"op": "delete", "side": "ask", "price": 0.71}, {"op": "set", "side": "ask", "price": 0.72, "size": 1024.1599999999999}]}
{"t": 1776976281.087897, "events": [{"op": "set", "side": "bid", "price": 0.26, "size": 865.6300000000001}, {"op": "set", "side": "bid", "price": 0.24, "size": 673.0}, {"op": "set", "side": "ask", "price": 0.68, "size": 356.14}, {"op": "set", "side": "ask", "price": 0.72, "size": 818.1599999999999}, {"op": "set", "side": "ask", "price": 0.73, "size": 626.8400000000001}]}
{"t": 1776976284.125754, "events": [{"op": "set", "side": "bid", "price": 0.24, "size": 648.0}, {"op": "set", "side": "bid", "price": 0.25, "size": 24.0}, {"op": "set", "side": "ask", "price": 0.72, "size": 786.1599999999999}, {"op": "set", "side": "ask", "price": 0.69, "size": 40.0}]}
{"t": 1776976285.139929, "events": [{"op": "set", "side": "bid", "price": 0.26, "size": 243.6300000000001}, {"op": "delete", "side": "bid", "price": 0.24}, {"op": "set", "side": "ask", "price": 0.68, "size": 24.139999999999986}, {"op": "set", "side": "ask", "price": 0.72, "size": 397.15999999999985}, {"op": "set", "side": "ask", "price": 0.73, "size": 14.840000000000146}]}
{"t": 1776976287.161626, "events": [{"op": "set", "side": "bid", "price": 0.26, "size": 907.6300000000001}, {"op": "set", "side": "bid", "price": 0.25, "size": 1360.0}, {"op": "set", "side": "ask", "price": 0.67, "size": 627.0}, {"op": "set", "side": "ask", "price": 0.68, "size": 280.14}, {"op": "set", "side": "ask", "price": 0.69, "size": 391.0}, {"op": "set", "side": "ask", "price": 0.72, "size": 1189.1599999999999}, {"op": "set", "side": "ask", "price": 0.73, "size": 350.84000000000015}]}
{"t": 1776976289.1844962, "events": [{"op": "set", "side": "bid", "price": 0.25, "size": 1336.0}, {"op": "set", "side": "ask", "price": 0.69, "size": 351.0}, {"op": "set", "side": "ask", "price": 0.7, "size": 38.0}]}
{"t": 1776976290.196137, "events": [{"op": "set", "side": "bid", "price": 0.26, "size": 929.6300000000001}]}
{"t": 1776976301.276474, "events": [{"op": "set", "side": "bid", "price": 0.26, "size": 265.6300000000001}, {"op": "delete", "side": "bid", "price": 0.25}, {"op": "set", "side": "ask", "price": 0.67, "size": 500.0}, {"op": "set", "side": "ask", "price": 0.68, "size": 24.139999999999986}, {"op": "delete", "side": "ask", "price": 0.69}, {"op": "set", "side": "ask", "price": 0.72, "size": 397.15999999999985}, {"op": "set", "side": "ask", "price": 0.73, "size": 14.840000000000146}]}
{"t": 1776976303.3065321, "events": [{"op": "delete", "side": "ask", "price": 0.7}]}
{"t": 1776976304.313708, "events": [{"op": "set", "side": "bid", "price": 0.26, "size": 929.6300000000001}, {"op": "set", "side": "bid", "price": 0.22, "size": 1336.0}, {"op": "set", "side": "ask", "price": 0.67, "size": 611.0}, {"op": "set", "side": "ask", "price": 0.68, "size": 301.14}, {"op": "set", "side": "ask", "price": 0.72, "size": 928.1599999999999}, {"op": "set", "side": "ask", "price": 0.73, "size": 227.84000000000015}, {"op": "set", "side": "ask", "price": 0.69, "size": 40.0}]}
{"t": 1776976306.360851, "events": [{"op": "delete", "side": "bid", "price": 0.22}, {"op": "set", "side": "ask", "price": 0.67, "size": 500.0}]}
{"t": 1776976307.3653572, "events": [{"op": "set", "side": "bid", "price": 0.26, "size": 1601.63}, {"op": "set", "side": "ask", "price": 0.68, "size": 356.14}, {"op": "set", "side": "ask", "price": 0.69, "size": 429.0}, {"op": "set", "side": "ask", "price": 0.72, "size": 952.1599999999999}, {"op": "set", "side": "ask", "price": 0.73, "size": 238.84000000000015}]}
{"t": 1776976308.374354, "events": [{"op": "set", "side": "bid", "price": 0.26, "size": 2265.63}, {"op": "set", "side": "ask", "price": 0.69, "size": 389.0}]}
{"t": 1776976309.386129, "events": [{"op": "set", "side": "ask", "price": 0.7, "size": 37.0}]}
{"t": 1776976313.409361, "events": [{"op": "delete", "side": "ask", "price": 0.7}]}
{"t": 1776976314.4200819, "events": [{"op": "set", "side": "ask", "price": 0.7, "size": 37.0}]}
{"t": 1776976318.442741, "events": [{"op": "delete", "side": "ask", "price": 0.7}]}
{"t": 1776976319.457519, "events": [{"op": "set", "side": "ask", "price": 0.7, "size": 37.0}]}
{"t": 1776976323.4797351, "events": [{"op": "set", "side": "bid", "price": 0.26, "size": 929.6300000000001}, {"op": "set", "side": "ask", "price": 0.68, "size": 301.14}, {"op": "delete", "side": "ask", "price": 0.69}, {"op": "set", "side": "ask", "price": 0.72, "size": 928.1599999999999}]}
{"t": 1776976324.50117, "events": [{"op": "set", "side": "bid", "price": 0.22, "size": 1336.0}, {"op": "set", "side": "ask", "price": 0.67, "size": 611.0}, {"op": "set", "side": "ask", "price": 0.7, "size": 452.0}, {"op": "set", "side": "ask", "price": 0.72, "size": 993.1599999999999}]}
{"t": 1776976325.519989, "events": [{"op": "set", "side": "ask", "price": 0.7, "size": 415.0}, {"op": "set", "side": "ask", "price": 0.71, "size": 36.0}]}
{"t": 1776976332.56369, "events": [{"op": "delete", "side": "bid", "price": 0.22}, {"op": "set", "side": "ask", "price": 0.67, "size": 500.0}, {"op": "delete", "side": "ask", "price": 0.7}]}
{"t": 1776976333.587355, "events": [{"op": "set", "side": "bid", "price": 0.26, "size": 2265.63}, {"op": "set", "side": "ask", "price": 0.68, "size": 356.14}, {"op": "set", "side": "ask", "price": 0.71, "size": 389.0}, {"op": "set", "side": "ask", "price": 0.72, "size": 952.1599999999999}]}
{"t": 1776976334.603316, "events": [{"op": "set", "side": "ask", "price": 0.72, "size": 982.1599999999999}]}
{"t": 1776976335.619046, "events": [{"op": "set", "side": "bid", "price": 0.26, "size": 929.6300000000001}, {"op": "set", "side": "ask", "price": 0.68, "size": 301.14}, {"op": "delete", "side": "ask", "price": 0.71}, {"op": "set", "side": "ask", "price": 0.72, "size": 871.1599999999999}, {"op": "set", "side": "ask", "price": 0.73, "size": 182.84000000000015}]}
{"t": 1776976336.625223, "events": [{"op": "set", "side": "bid", "price": 0.22, "size": 1336.0}, {"op": "set", "side": "ask", "price": 0.67, "size": 611.0}]}
{"t": 1776976339.6474261, "events": [{"op": "delete", "side": "bid", "price": 0.22}, {"op": "set", "side": "ask", "price": 0.67, "size": 500.0}, {"op": "set", "side": "ask", "price": 0.72, "size": 841.1599999999999}]}
{"t": 1776976340.6580539, "events": [{"op": "set", "side": "bid", "price": 0.26, "size": 265.6300000000001}, {"op": "set", "side": "ask", "price": 0.68, "size": 24.139999999999986}, {"op": "set", "side": "ask", "price": 0.72, "size": 397.15999999999985}, {"op": "set", "side": "ask", "price": 0.73, "size": 14.840000000000146}, {"op": "set", "side": "ask", "price": 0.69, "size": 39.0}]}
{"t": 1776976341.674314, "events": [{"op": "set", "side": "bid", "price": 0.26, "size": 1601.63}, {"op": "set", "side": "ask", "price": 0.73, "size": 589.8400000000001}]}
{"t": 1776976342.686982, "events": [{"op": "set", "side": "bid", "price": 0.26, "size": 929.6300000000001}, {"op": "set", "side": "ask", "price": 0.73, "size": 350.84000000000015}]}
{"t": 1776976343.692986, "events": [{"op": "set", "side": "bid", "price": 0.22, "size": 1336.0}, {"op": "set", "side": "ask", "price": 0.67, "size": 627.0}, {"op": "set", "side": "ask", "price": 0.68, "size": 280.14}, {"op": "set", "side": "ask", "price": 0.69, "size": 392.0}, {"op": "set", "side": "ask", "price": 0.72, "size": 1190.1599999999999}]}
{"t": 1776976344.703347, "events": [{"op": "set", "side": "bid", "price": 0.26, "size": 243.6300000000001}, {"op": "delete", "side": "bid", "price": 0.22}, {"op": "set", "side": "ask", "price": 0.67, "size": 500.0}, {"op": "set", "side": "ask", "price": 0.68, "size": 24.139999999999986}, {"op": "delete", "side": "ask", "price": 0.69}, {"op": "set", "side": "ask", "price": 0.72, "size": 397.15999999999985}, {"op": "set", "side": "ask", "price": 0.73, "size": 14.840000000000146}, {"op": "set", "side": "ask", "price": 0.7, "size": 38.0}]}
{"t": 1776976345.71589, "events": [{"op": "set", "side": "bid", "price": 0.22, "size": 27.0}]}
{"t": 1776976348.738213, "events": [{"op": "set", "side": "bid", "price": 0.26, "size": 907.6300000000001}, {"op": "set", "side": "bid", "price": 0.22, "size": 584.0}, {"op": "set", "side": "bid", "price": 0.23, "size": 779.0}, {"op": "set", "side": "ask", "price": 0.67, "size": 627.0}, {"op": "set", "side": "ask", "price": 0.68, "size": 280.14}, {"op": "set", "side": "ask", "price": 0.7, "size": 390.0}, {"op": "set", "side": "ask", "price": 0.72, "size": 1190.1599999999999}, {"op": "set", "side": "ask", "price": 0.73, "size": 350.84000000000015}]}
{"t": 1776976350.768629, "events": [{"op": "set", "side": "bid", "price": 0.22, "size": 557.0}, {"op": "set", "side": "ask", "price": 0.7, "size": 352.0}]}
{"t": 1776976351.775647, "events": [{"op": "set", "side": "bid", "price": 0.26, "size": 243.6300000000001}, {"op": "set", "side": "bid", "price": 0.22, "size": 27.0}, {"op": "delete", "side": "bid", "price": 0.23}, {"op": "set", "side": "ask", "price": 0.67, "size": 500.0}, {"op": "set", "side": "ask", "price": 0.68, "size": 24.139999999999986}, {"op": "delete", "side": "ask", "price": 0.7}, {"op": "set", "side": "ask", "price": 0.72, "size": 397.15999999999985}, {"op": "set", "side": "ask", "price": 0.73, "size": 14.840000000000146}, {"op": "set", "side": "ask", "price": 0.69, "size": 40.0}]}
{"t": 1776976355.830212, "events": [{"op": "set", "side": "bid", "price": 0.22, "size": 1336.0}, {"op": "delete", "side": "ask", "price": 0.69}]}
{"t": 1776976356.839608, "events": [{"op": "set", "side": "bid", "price": 0.26, "size": 907.6300000000001}, {"op": "set", "side": "bid", "price": 0.23, "size": 26.0}, {"op": "set", "side": "ask", "price": 0.67, "size": 702.0}, {"op": "set", "side": "ask", "price": 0.68, "size": 430.14}, {"op": "set", "side": "ask", "price": 0.72, "size": 1214.1599999999999}, {"op": "set", "side": "ask", "price": 0.73, "size": 350.84000000000015}, {"op": "set", "side": "ask", "price": 0.69, "size": 40.0}]}
{"t": 1776976359.87871, "events": [{"op": "delete", "side": "bid", "price": 0.22}, {"op": "delete", "side": "bid", "price": 0.23}, {"op": "set", "side": "ask", "price": 0.67, "size": 500.0}, {"op": "delete", "side": "ask", "price": 0.69}, {"op": "set", "side": "ask", "price": 0.72, "size": 952.1599999999999}, {"op": "set", "side": "ask", "price": 0.73, "size": 238.84000000000015}]}
{"t": 1776976360.895073, "events": [{"op": "set", "side": "bid", "price": 0.26, "size": 2243.63}, {"op": "set", "side": "ask", "price": 0.68, "size": 467.14}, {"op": "set", "side": "ask", "price": 0.69, "size": 445.0}]}
{"t": 1776976361.903726, "events": [{"op": "set", "side": "bid", "price": 0.22, "size": 27.0}, {"op": "set", "side": "ask", "price": 0.7, "size": 37.0}]}
{"t": 1776976362.91397, "events": [{"op": "set", "side": "bid", "price": 0.26, "size": 907.6300000000001}, {"op": "delete", "side": "ask", "price": 0.69}]}
{"t": 1776976363.930155, "events": [{"op": "set", "side": "bid", "price": 0.22, "size": 1363.0}, {"op": "set", "side": "ask", "price": 0.7, "size": 482.0}]}
{"t": 1776976364.937811, "events": [{"op": "set", "side": "bid", "price": 0.22, "size": 1336.0}, {"op": "set", "side": "ask", "price": 0.7, "size": 445.0}]}
{"t": 1776976365.9445639, "events": [{"op": "set", "side": "bid", "price": 0.23, "size": 26.0}, {"op": "set", "side": "ask", "price": 0.71, "size": 36.0}]}
{"t": 1776976370.9749482, "events": [{"op": "delete", "side": "bid", "price": 0.23}, {"op": "delete", "side": "ask", "price": 0.71}]}
{"t": 1776976371.985274, "events": [{"op": "set", "side": "bid", "price": 0.23, "size": 26.0}, {"op": "set", "side": "ask", "price": 0.71, "size": 36.0}]}
{"t": 1776976375.010626, "events": [{"op": "delete", "side": "bid", "price": 0.23}, {"op": "delete", "side": "ask", "price": 0.71}]}
{"t": 1776976376.01981, "events": [{"op": "set", "side": "bid", "price": 0.23, "size": 26.0}, {"op": "set", "side": "ask", "price": 0.71, "size": 36.0}]}
{"t": 1776976385.0620549, "events": [{"op": "delete", "side": "bid", "price": 0.23}, {"op": "delete", "side": "ask", "price": 0.71}]}
{"t": 1776976386.068693, "events": [{"op": "set", "side": "bid", "price": 0.23, "size": 26.0}, {"op": "set", "side": "ask", "price": 0.71, "size": 36.0}]}
{"t": 1776976390.085834, "events": [{"op": "set", "side": "bid", "price": 0.26, "size": 1579.63}, {"op": "delete", "side": "bid", "price": 0.22}, {"op": "delete", "side": "bid", "price": 0.23}, {"op": "delete", "side": "ask", "price": 0.7}, {"op": "set", "side": "ask", "price": 0.71, "size": 445.0}]}
{"t": 1776976391.098208, "events": [{"op": "set", "side": "bid", "price": 0.26, "size": 2243.63}, {"op": "set", "side": "bid", "price": 0.22, "size": 27.0}, {"op": "set", "side": "ask", "price": 0.72, "size": 982.1599999999999}]}
{"t": 1776976393.108543, "events": [{"op": "set", "side": "bid", "price": 0.26, "size": 907.6300000000001}, {"op": "set", "side": "ask", "price": 0.68, "size": 430.14}, {"op": "delete", "side": "ask", "price": 0.71}, {"op": "set", "side": "ask", "price": 0.72, "size": 956.1599999999999}, {"op": "set", "side": "ask", "price": 0.73, "size": 182.84000000000015}]}
{"t": 1776976395.125777, "events": [{"op": "set", "side": "bid", "price": 0.22, "size": 1336.0}, {"op": "set", "side": "ask", "price": 0.67, "size": 694.0}, {"op": "set", "side": "ask", "price": 0.68, "size": 512.14}, {"op": "set", "side": "ask", "price": 0.72, "size": 926.1599999999999}]}
{"t": 1776976396.130979, "events": [{"op": "set", "side": "bid", "price": 0.23, "size": 26.0}, {"op": "set", "side": "ask", "price": 0.69, "size": 40.0}]}
{"t": 1776976400.151349, "events": [{"op": "delete", "side": "bid", "price": 0.23}, {"op": "delete", "side": "ask", "price": 0.69}]}
{"t": 1776976401.163003, "events": [{"op": "set", "side": "bid", "price": 0.23, "size": 26.0}, {"op": "set", "side": "ask", "price": 0.69, "size": 40.0}]}
{"t": 1776976405.183253, "events": [{"op": "delete", "side": "bid", "price": 0.23}, {"op": "delete", "side": "ask", "price": 0.69}]}
{"t": 1776976406.18958, "events": [{"op": "set", "side": "bid", "price": 0.23, "size": 26.0}, {"op": "set", "side": "ask", "price": 0.69, "size": 40.0}]}
{"t": 1776976415.243485, "events": [{"op": "delete", "side": "bid", "price": 0.22}, {"op": "delete", "side": "bid", "price": 0.23}, {"op": "set", "side": "ask", "price": 0.67, "size": 500.0}, {"op": "delete", "side": "ask", "price": 0.69}]}
{"t": 1776976416.25911, "events": [{"op": "set", "side": "bid", "price": 0.26, "size": 2243.63}, {"op": "set", "side": "bid", "price": 0.22, "size": 27.0}, {"op": "set", "side": "ask", "price": 0.68, "size": 467.14}, {"op": "set", "side": "ask", "price": 0.72, "size": 952.1599999999999}, {"op": "set", "side": "ask", "price": 0.73, "size": 238.84000000000015}, {"op": "set", "side": "ask", "price": 0.69, "size": 485.0}]}
{"t": 1776976420.296268, "events": [{"op": "delete", "side": "bid", "price": 0.22}, {"op": "set", "side": "ask", "price": 0.69, "size": 445.0}]}
{"t": 1776976421.30323, "events": [{"op": "set", "side": "bid", "price": 0.22, "size": 27.0}, {"op": "set", "side": "ask", "price": 0.7, "size": 38.0}]}
{"t": 1776976423.3098712, "events": [{"op": "set", "side": "bid", "price": 0.26, "size": 907.6300000000001}, {"op": "set", "side": "bid", "price": 0.22, "size": 1363.0}, {"op": "delete", "side": "ask", "price": 0.69}, {"op": "set", "side": "ask", "price": 0.7, "size": 483.0}]}
{"t": 1776976425.340163, "events": [{"op": "set", "side": "bid", "price": 0.26, "size": 243.6300000000001}, {"op": "set", "side": "bid", "price": 0.22, "size": 27.0}, {"op": "set", "side": "ask", "price": 0.68, "size": 24.139999999999986}, {"op": "delete", "side": "ask", "price": 0.7}, {"op": "set", "side": "ask", "price": 0.72, "size": 397.15999999999985}, {"op": "set", "side": "ask", "price": 0.73, "size": 14.840000000000146}, {"op": "set", "side": "ask", "price": 0.69, "size": 40.0}]}
{"t": 1776976427.360094, "events": [{"op": "set", "side": "bid", "price": 0.26, "size": 907.6300000000001}, {"op": "set", "side": "bid", "price": 0.22, "size": 1363.0}, {"op": "set", "side": "ask", "price": 0.67, "size": 703.0}, {"op": "set", "side": "ask", "price": 0.68, "size": 432.14}, {"op": "set", "side": "ask", "price": 0.72, "size": 1215.1599999999999}, {"op": "set", "side": "ask", "price": 0.73, "size": 350.84000000000015}]}
{"t": 1776976430.376935, "events": [{"op": "delete", "side": "bid", "price": 0.22}, {"op": "set", "side": "ask", "price": 0.67, "size": 500.0}, {"op": "delete", "side": "ask", "price": 0.69}]}
{"t": 1776976431.391558, "events": [{"op": "set", "side": "bid", "price": 0.26, "size": 2243.63}, {"op": "set", "side": "bid", "price": 0.22, "size": 27.0}, {"op": "set", "side": "ask", "price": 0.68, "size": 467.14}, {"op": "set", "side": "ask", "price": 0.72, "size": 952.1599999999999}, {"op": "set", "side": "ask", "price": 0.73, "size": 238.84000000000015}, {"op": "set", "side": "ask", "price": 0.69, "size": 485.0}]}
{"t": 1776976435.41402, "events": [{"op": "delete", "side": "bid", "price": 0.22}, {"op": "set", "side": "ask", "price": 0.69, "size": 445.0}]}
{"t": 1776976436.4190028, "events": [{"op": "set", "side": "bid", "price": 0.26, "size": 907.6300000000001}, {"op": "set", "side": "bid", "price": 0.22, "size": 28.0}, {"op": "set", "side": "ask", "price": 0.68, "size": 432.14}, {"op": "delete", "side": "ask", "price": 0.69}, {"op": "set", "side": "ask", "price": 0.72, "size": 928.1599999999999}, {"op": "set", "side": "ask", "price": 0.73, "size": 182.84000000000015}, {"op": "set", "side": "ask", "price": 0.7, "size": 37.0}]}
{"t": 1776976437.425882, "events": [{"op": "set", "side": "bid", "price": 0.22, "size": 1364.0}, {"op": "set", "side": "ask", "price": 0.67, "size": 696.0}, {"op": "set", "side": "ask", "price": 0.68, "size": 515.14}]}
{"t": 1776976438.4467258, "events": [{"op": "set", "side": "bid", "price": 0.22, "size": 28.0}, {"op": "set", "side": "ask", "price": 0.67, "size": 500.0}, {"op": "set", "side": "ask", "price": 0.68, "size": 467.14}]}
{"t": 1776976439.456811, "events": [{"op": "set", "side": "bid", "price": 0.26, "size": 2243.63}, {"op": "set", "side": "ask", "price": 0.7, "size": 482.0}, {"op": "set", "side": "ask", "price": 0.72, "size": 952.1599999999999}, {"op": "set", "side": "ask", "price": 0.73, "size": 238.84000000000015}]}
{"t": 1776976440.468045, "events": [{"op": "set", "side": "ask", "price": 0.7, "size": 445.0}, {"op": "set", "side": "ask", "price": 0.71, "size": 35.0}]}
{"t": 1776976441.477786, "events": [{"op": "set", "side": "bid", "price": 0.26, "size": 907.6300000000001}, {"op": "delete", "side": "ask", "price": 0.7}]}
{"t": 1776976442.480271, "events": [{"op": "set", "side": "bid", "price": 0.22, "size": 1364.0}, {"op": "set", "side": "ask", "price": 0.71, "size": 480.0}]}
{"t": 1776976443.4918458, "events": [{"op": "set", "side": "bid", "price": 0.22, "size": 28.0}]}
{"t": 1776976444.5010781, "events": [{"op": "set", "side": "bid", "price": 0.26, "size": 2243.63}]}
{"t": 1776976445.5077739, "events": [{"op": "set", "side": "ask", "price": 0.71, "size": 445.0}, {"op": "set", "side": "ask", "price": 0.69, "size": 39.0}]}
{"t": 1776976450.5300539, "events": [{"op": "delete", "side": "bid", "price": 0.22}]}
{"t": 1776976451.535392, "events": [{"op": "set", "side": "bid", "price": 0.26, "size": 907.6300000000001}, {"op": "set", "side": "bid", "price": 0.22, "size": 28.0}, {"op": "set", "side": "ask", "price": 0.68, "size": 432.14}, {"op": "delete", "side": "ask", "price": 0.71}, {"op": "set", "side": "ask", "price": 0.72, "size": 928.1599999999999}, {"op": "set", "side": "ask", "price": 0.73, "size": 182.84000000000015}]}
{"t": 1776976453.5542011, "events": [{"op": "set", "side": "bid", "price": 0.22, "size": 1364.0}, {"op": "set", "side": "ask", "price": 0.67, "size": 696.0}, {"op": "set", "side": "ask", "price": 0.68, "size": 516.14}]}
{"t": 1776976454.565593, "events": [{"op": "set", "side": "bid", "price": 0.22, "size": 28.0}, {"op": "set", "side": "ask", "price": 0.67, "size": 500.0}]}
{"t": 1776976455.5719721, "events": [{"op": "set", "side": "bid", "price": 0.26, "size": 2243.63}, {"op": "set", "side": "bid", "price": 0.22, "size": 27.0}, {"op": "set", "side": "ask", "price": 0.68, "size": 467.14}, {"op": "set", "side": "ask", "price": 0.69, "size": 445.0}, {"op": "set", "side": "ask", "price": 0.72, "size": 952.1599999999999}, {"op": "set", "side": "ask", "price": 0.73, "size": 238.84000000000015}, {"op": "set", "side": "ask", "price": 0.7, "size": 38.0}]}
{"t": 1776976457.590011, "events": [{"op": "set", "side": "bid", "price": 0.26, "size": 907.6300000000001}, {"op": "delete", "side": "ask", "price": 0.69}]}
{"t": 1776976459.62, "events": [{"op": "set", "side": "bid", "price": 0.22, "size": 1363.0}, {"op": "set", "side": "ask", "price": 0.7, "size": 483.0}]}
{"t": 1776976460.625124, "events": [{"op": "set", "side": "bid", "price": 0.22, "size": 1336.0}, {"op": "set", "side": "bid", "price": 0.23, "size": 27.0}, {"op": "set", "side": "ask", "price": 0.7, "size": 445.0}, {"op": "set", "side": "ask", "price": 0.71, "size": 36.0}]}
{"t": 1776976461.631319, "events": [{"op": "delete", "side": "bid", "price": 0.22}, {"op": "delete", "side": "ask", "price": 0.7}]}
{"t": 1776976462.638276, "events": [{"op": "set", "side": "bid", "price": 0.26, "size": 2243.63}, {"op": "set", "side": "ask", "price": 0.71, "size": 481.0}]}
{"t": 1776976465.66493, "events": [{"op": "set", "side": "bid", "price": 0.26, "size": 243.6300000000001}, {"op": "delete", "side": "bid", "price": 0.23}, {"op": "set", "side": "bid", "price": 0.22, "size": 27.0}, {"op": "set", "side": "ask", "price": 0.68, "size": 24.139999999999986}, {"op": "delete", "side": "ask", "price": 0.71}, {"op": "set", "side": "ask", "price": 0.72, "size": 397.15999999999985}, {"op": "set", "side": "ask", "price": 0.73, "size": 14.840000000000146}, {"op": "set", "side": "ask", "price": 0.69, "size": 39.0}]}
{"t": 1776976467.6886039, "events": [{"op": "set", "side": "bid", "price": 0.26, "size": 907.6300000000001}, {"op": "set", "side": "bid", "price": 0.22, "size": 1363.0}, {"op": "set", "side": "ask", "price": 0.67, "size": 704.0}, {"op": "set", "side": "ask", "price": 0.68, "size": 433.14}, {"op": "set", "side": "ask", "price": 0.72, "size": 1216.1599999999999}, {"op": "set", "side": "ask", "price": 0.73, "size": 350.84000000000015}]}
{"t": 1776976470.713255, "events": [{"op": "set", "side": "bid", "price": 0.22, "size": 1336.0}, {"op": "set", "side": "bid", "price": 0.23, "size": 27.0}, {"op": "set", "side": "ask", "price": 0.69, "size": 40.0}]}
{"t": 1776976472.725442, "events": [{"op": "delete", "side": "bid", "price": 0.22}, {"op": "set", "side": "ask", "price": 0.67, "size": 500.0}, {"op": "set", "side": "ask", "price": 0.72, "size": 952.1599999999999}, {"op": "set", "side": "ask", "price": 0.73, "size": 238.84000000000015}]}
{"t": 1776976473.738061, "events": [{"op": "set", "side": "bid", "price": 0.26, "size": 2243.63}, {"op": "set", "side": "ask", "price": 0.68, "size": 467.14}, {"op": "set", "side": "ask", "price": 0.69, "size": 485.0}]}
{"t": 1776976474.742902, "events": [{"op": "delete", "side": "bid", "price": 0.23}, {"op": "set", "side": "ask", "price": 0.69, "size": 445.0}]}
{"t": 1776976475.752197, "events": [{"op": "set", "side": "bid", "price": 0.22, "size": 28.0}, {"op": "set", "side": "ask", "price": 0.7, "size": 37.0}]}
{"t": 1776976477.761339, "events": [{"op": "set", "side": "bid", "price": 0.26, "size": 243.6300000000001}, {"op": "set", "side": "ask", "price": 0.68, "size": 24.139999999999986}, {"op": "delete", "side": "ask", "price": 0.69}, {"op": "set", "side": "ask", "price": 0.72, "size": 397.15999999999985}, {"op": "set", "side": "ask", "price": 0.73, "size": 14.840000000000146}]}
{"t": 1776976479.7830348, "events": [{"op": "delete", "side": "bid", "price": 0.22}, {"op": "delete", "side": "ask", "price": 0.7}]}
{"t": 1776976480.793513, "events": [{"op": "set", "side": "bid", "price": 0.26, "size": 907.6300000000001}, {"op": "set", "side": "bid", "price": 0.22, "size": 1363.0}, {"op": "set", "side": "ask", "price": 0.67, "size": 700.0}, {"op": "set", "side": "ask", "price": 0.68, "size": 427.14}, {"op": "set", "side": "ask", "price": 0.72, "size": 1213.1599999999999}, {"op": "set", "side": "ask", "price": 0.73, "size": 350.84000000000015}, {"op": "set", "side": "ask", "price": 0.69, "size": 39.0}]}
{"t": 1776976484.820907, "events": [{"op": "set", "side": "bid", "price": 0.22, "size": 27.0}, {"op": "set", "side": "ask", "price": 0.67, "size": 500.0}, {"op": "set", "side": "ask", "price": 0.72, "size": 952.1599999999999}, {"op": "set", "side": "ask", "price": 0.73, "size": 238.84000000000015}]}
{"t": 1776976485.858399, "events": [{"op": "set", "side": "bid", "price": 0.26, "size": 2243.63}, {"op": "set", "side": "bid", "price": 0.22, "size": 28.0}, {"op": "set", "side": "ask", "price": 0.68, "size": 467.14}, {"op": "set", "side": "ask", "price": 0.69, "size": 445.0}, {"op": "set", "side": "ask", "price": 0.7, "size": 37.0}]}
{"t": 1776976489.887844, "events": [{"op": "delete", "side": "bid", "price": 0.22}, {"op": "delete", "side": "ask", "price": 0.7}]}
{"t": 1776976490.901129, "events": [{"op": "set", "side": "bid", "price": 0.26, "size": 907.6300000000001}, {"op": "set", "side": "bid", "price": 0.22, "size": 28.0}, {"op": "set", "side": "ask", "price": 0.68, "size": 427.14}, {"op": "delete", "side": "ask", "price": 0.69}, {"op": "set", "side": "ask", "price": 0.7, "size": 37.0}]}
{"t": 1776976491.914994, "events": [{"op": "set", "side": "ask", "price": 0.72, "size": 929.1599999999999}, {"op": "set", "side": "ask", "price": 0.73, "size": 182.84000000000015}]}
{"t": 1776976492.923475, "events": [{"op": "set", "side": "bid", "price": 0.22, "size": 1364.0}, {"op": "set", "side": "ask", "price": 0.67, "size": 697.0}, {"op": "set", "side": "ask", "price": 0.68, "size": 519.14}]}
{"t": 1776976495.9455118, "events": [{"op": "set", "side": "bid", "price": 0.22, "size": 1336.0}, {"op": "set", "side": "bid", "price": 0.23, "size": 27.0}, {"op": "delete", "side": "ask", "price": 0.7}, {"op": "set", "side": "ask", "price": 0.69, "size": 40.0}]}
{"t": 1776976499.969461, "events": [{"op": "delete", "side": "bid", "price": 0.23}, {"op": "delete", "side": "ask", "price": 0.69}]}
{"t": 1776976500.976686, "events": [{"op": "set", "side": "bid", "price": 0.23, "size": 27.0}, {"op": "set", "side": "ask", "price": 0.69, "size": 40.0}]}
{"t": 1776976504.995602, "events": [{"op": "delete", "side": "bid", "price": 0.22}, {"op": "delete", "side": "bid", "price": 0.23}, {"op": "set", "side": "ask", "price": 0.67, "size": 500.0}, {"op": "delete", "side": "ask", "price": 0.69}]}
{"t": 1776976506.004798, "events": [{"op": "set", "side": "bid", "price": 0.26, "size": 1579.63}, {"op": "set", "side": "bid", "price": 0.22, "size": 27.0}, {"op": "set", "side": "ask", "price": 0.68, "size": 467.14}, {"op": "set", "side": "ask", "price": 0.72, "size": 952.1599999999999}, {"op": "set", "side": "ask", "price": 0.73, "size": 238.84000000000015}, {"op": "set", "side": "ask", "price": 0.69, "size": 484.0}]}
{"t": 1776976507.017001, "events": [{"op": "set", "side": "bid", "price": 0.26, "size": 2243.63}]}
{"t": 1776976510.0364318, "events": [{"op": "delete", "side": "bid", "price": 0.22}, {"op": "set", "side": "ask", "price": 0.69, "size": 445.0}]}
{"t": 1776976511.044847, "events": [{"op": "set", "side": "bid", "price": 0.22, "size": 28.0}, {"op": "set", "side": "ask", "price": 0.7, "size": 37.0}]}
{"t": 1776976517.098359, "events": [{"op": "set", "side": "bid", "price": 0.05, "size": 2502.0}, {"op": "delete", "side": "bid", "price": 0.03}, {"op": "set", "side": "ask", "price": 0.03, "size": 54.0}, {"op": "delete", "side": "ask", "price": 0.26}, {"op": "set", "side": "ask", "price": 0.27, "size": 7.0}, {"op": "set", "side": "ask", "price": 0.28, "size": 3235.0}]}
{"t": 1776976520.122738, "events": [{"op": "delete", "side": "bid", "price": 0.22}, {"op": "delete", "side": "ask", "price": 0.7}]}
{"t": 1776976521.1357608, "events": [{"op": "set", "side": "bid", "price": 0.26, "size": 907.6300000000001}, {"op": "set", "side": "bid", "price": 0.22, "size": 28.0}, {"op": "set", "side": "bid", "price": 0.06, "size": 61.0}, {"op": "delete", "side": "bid", "price": 0.04}, {"op": "set", "side": "ask", "price": 0.68, "size": 427.14}, {"op": "delete", "side": "ask", "price": 0.69}, {"op": "set", "side": "ask", "price": 0.72, "size": 930.1599999999999}, {"op": "set", "side": "ask", "price": 0.73, "size": 182.84000000000015}, {"op": "set", "side": "ask", "price": 0.7, "size": 37.0}]}
{"t": 1776976522.1437619, "events": [{"op": "set", "side": "bid", "price": 0.22, "size": 1364.0}, {"op": "set", "side": "ask", "price": 0.67, "size": 698.0}, {"op": "set", "side": "ask", "price": 0.68, "size": 521.14}]}
{"t": 1776976525.156095, "events": [{"op": "set", "side": "bid", "price": 0.22, "size": 1336.0}, {"op": "delete", "side": "ask", "price": 0.7}]}
{"t": 1776976526.162179, "events": [{"op": "set", "side": "bid", "price": 0.23, "size": 27.0}, {"op": "set", "side": "ask", "price": 0.69, "size": 40.0}]}
{"t": 1776976530.176915, "events": [{"op": "delete", "side": "bid", "price": 0.23}, {"op": "delete", "side": "ask", "price": 0.69}]}
{"t": 1776976531.1844459, "events": [{"op": "set", "side": "bid", "price": 0.23, "size": 27.0}, {"op": "set", "side": "ask", "price": 0.69, "size": 40.0}]}
{"t": 1776976535.199321, "events": [{"op": "delete", "side": "bid", "price": 0.23}, {"op": "delete", "side": "ask", "price": 0.69}]}
{"t": 1776976536.203557, "events": [{"op": "set", "side": "bid", "price": 0.26, "size": 243.6300000000001}, {"op": "delete", "side": "bid", "price": 0.22}, {"op": "set", "side": "bid", "price": 0.23, "size": 27.0}, {"op": "set", "side": "ask", "price": 0.67, "size": 500.0}, {"op": "set", "side": "ask", "price": 0.68, "size": 24.139999999999986}, {"op": "set", "side": "ask", "price": 0.72, "size": 397.15999999999985}, {"op": "set", "side": "ask", "price": 0.73, "size": 14.840000000000146}, {"op": "set", "side": "ask", "price": 0.69, "size": 40.0}]}
{"t": 1776976537.216504, "events": [{"op": "set", "side": "bid", "price": 0.26, "size": 907.6300000000001}, {"op": "set", "side": "bid", "price": 0.23, "size": 1363.0}, {"op": "set", "side": "ask", "price": 0.67, "size": 704.0}, {"op": "set", "side": "ask", "price": 0.68, "size": 433.14}, {"op": "set", "side": "ask", "price": 0.72, "size": 1215.1599999999999}, {"op": "set", "side": "ask", "price": 0.73, "size": 350.84000000000015}]}
{"t": 1776976540.237312, "events": [{"op": "delete", "side": "bid", "price": 0.23}, {"op": "set", "side": "ask", "price": 0.03, "size": 20.0}, {"op": "set", "side": "ask", "price": 0.67, "size": 500.0}, {"op": "delete", "side": "ask", "price": 0.69}, {"op": "set", "side": "ask", "price": 0.29, "size": 37.0}]}
{"t": 1776976541.245595, "events": [{"op": "set", "side": "bid", "price": 0.22, "size": 27.0}, {"op": "set", "side": "ask", "price": 0.69, "size": 40.0}]}
{"t": 1776976542.257569, "events": [{"op": "set", "side": "ask", "price": 0.72, "size": 952.1599999999999}, {"op": "set", "side": "ask", "price": 0.73, "size": 238.84000000000015}]}
{"t": 1776976544.27052, "events": [{"op": "set", "side": "bid", "price": 0.26, "size": 1579.63}, {"op": "set", "side": "ask", "price": 0.68, "size": 467.14}, {"op": "set", "side": "ask", "price": 0.69, "size": 485.0}]}
{"t": 1776976545.305117, "events": [{"op": "set", "side": "bid", "price": 0.26, "size": 907.6300000000001}, {"op": "set", "side": "bid", "price": 0.22, "size": 28.0}, {"op": "set", "side": "ask", "price": 0.69, "size": 445.0}, {"op": "set", "side": "ask", "price": 0.7, "size": 37.0}]}
{"t": 1776976547.325418, "events": [{"op": "set", "side": "bid", "price": 0.22, "size": 1364.0}]}
{"t": 1776976548.331649, "events": [{"op": "set", "side": "bid", "price": 0.22, "size": 28.0}, {"op": "delete", "side": "ask", "price": 0.69}]}
{"t": 1776976550.374534, "events": [{"op": "set", "side": "bid", "price": 0.26, "size": 2243.63}, {"op": "set", "side": "ask", "price": 0.71, "size": 34.0}, {"op": "set", "side": "ask", "price": 0.7, "size": 445.0}]}
{"t": 1776976552.38733, "events": [{"op": "set", "side": "bid", "price": 0.26, "size": 907.6300000000001}, {"op": "delete", "side": "ask", "price": 0.7}]}
{"t": 1776976553.394047, "events": [{"op": "set", "side": "bid", "price": 0.22, "size": 1364.0}, {"op": "set", "side": "ask", "price": 0.71, "size": 479.0}]}
{"t": 1776976555.404792, "events": [{"op": "set", "side": "bid", "price": 0.22, "size": 1336.0}, {"op": "set", "side": "ask", "price": 0.71, "size": 445.0}]}
{"t": 1776976556.4166641, "events": [{"op": "set", "side": "bid", "price": 0.23, "size": 26.0}, {"op": "set", "side": "ask", "price": 0.72, "size": 984.1599999999999}]}
{"t": 1776976560.430049, "events": [{"op": "delete", "side": "bid", "price": 0.22}, {"op": "delete", "side": "bid", "price": 0.23}, {"op": "delete", "side": "ask", "price": 0.71}, {"op": "set", "side": "ask", "price": 0.72, "size": 842.1599999999999}]}
{"t": 1776976561.438821, "events": [{"op": "set", "side": "bid", "price": 0.26, "size": 2243.63}, {"op": "set", "side": "bid", "price": 0.22, "size": 27.0}, {"op": "set", "side": "ask", "price": 0.73, "size": 626.8400000000001}, {"op": "set", "side": "ask", "price": 0.69, "size": 39.0}]}
{"t": 1776976565.468847, "events": [{"op": "set", "side": "bid", "price": 0.26, "size": 907.6300000000001}, {"op": "set", "side": "bid", "price": 0.22, "size": 1363.0}, {"op": "set", "side": "ask", "price": 0.72, "size": 952.1599999999999}, {"op": "set", "side": "ask", "price": 0.69, "size": 484.0}, {"op": "set", "side": "ask", "price": 0.73, "size": 238.84000000000015}]}
{"t": 1776976569.49947, "events": [{"op": "set", "side": "bid", "price": 0.26, "size": 243.6300000000001}, {"op": "set", "side": "bid", "price": 0.22, "size": 27.0}, {"op": "set", "side": "ask", "price": 0.68, "size": 24.139999999999986}, {"op": "set", "side": "ask", "price": 0.72, "size": 397.15999999999985}, {"op": "set", "side": "ask", "price": 0.69, "size": 39.0}, {"op": "set", "side": "ask", "price": 0.73, "size": 14.840000000000146}]}
{"t": 1776976572.538016, "events": [{"op": "set", "side": "bid", "price": 0.26, "size": 907.6300000000001}, {"op": "set", "side": "bid", "price": 0.22, "size": 1363.0}, {"op": "set", "side": "ask", "price": 0.67, "size": 706.0}, {"op": "set", "side": "ask", "price": 0.68, "size": 438.14}, {"op": "set", "side": "ask", "price": 0.72, "size": 1217.1599999999999}, {"op": "set", "side": "ask", "price": 0.73, "size": 350.84000000000015}]}
{"t": 1776976573.54511, "events": [{"op": "set", "side": "bid", "price": 0.22, "size": 27.0}, {"op": "set", "side": "ask", "price": 0.67, "size": 500.0}]}
{"t": 1776976574.550605, "events": [{"op": "set", "side": "bid", "price": 0.26, "size": 2243.63}, {"op": "set", "side": "ask", "price": 0.68, "size": 467.14}, {"op": "set", "side": "ask", "price": 0.72, "size": 952.1599999999999}, {"op": "set", "side": "ask", "price": 0.69, "size": 484.0}, {"op": "set", "side": "ask", "price": 0.73, "size": 238.84000000000015}]}
{"t": 1776976575.5694778, "events": [{"op": "delete", "side": "bid", "price": 0.22}, {"op": "set", "side": "ask", "price": 0.69, "size": 445.0}, {"op": "set", "side": "ask", "price": 0.73, "size": 230.04000000000013}]}
{"t": 1776976576.575867, "events": [{"op": "set", "side": "bid", "price": 0.26, "size": 907.6300000000001}, {"op": "set", "side": "bid", "price": 0.22, "size": 28.0}, {"op": "delete", "side": "ask", "price": 0.69}, {"op": "set", "side": "ask", "price": 0.7, "size": 37.0}]}
{"t": 1776976578.5899022, "events": [{"op": "set", "side": "bid", "price": 0.22, "size": 1364.0}, {"op": "set", "side": "ask", "price": 0.7, "size": 482.0}]}
{"t": 1776976579.598368, "events": [{"op": "set", "side": "bid", "price": 0.22, "size": 28.0}]}
{"t": 1776976580.610691, "events": [{"op": "set", "side": "bid", "price": 0.26, "size": 2243.63}, {"op": "set", "side": "ask", "price": 0.71, "size": 34.0}, {"op": "set", "side": "ask", "price": 0.7, "size": 445.0}]}
{"t": 1776976582.626801, "events": [{"op": "set", "side": "bid", "price": 0.26, "size": 907.6300000000001}, {"op": "set", "side": "bid", "price": 0.22, "size": 585.0}, {"op": "set", "side": "bid", "price": 0.23, "size": 779.0}, {"op": "set", "side": "ask", "price": 0.67, "size": 611.0}, {"op": "set", "side": "ask", "price": 0.68, "size": 301.14}, {"op": "set", "side": "ask", "price": 0.71, "size": 443.0}, {"op": "set", "side": "ask", "price": 0.72, "size": 990.1599999999999}, {"op": "delete", "side": "ask", "price": 0.7}]}
{"t": 1776976585.646488, "events": [{"op": "set", "side": "bid", "price": 0.22, "size": 557.0}, {"op": "set", "side": "bid", "price": 0.24, "size": 26.0}, {"op": "set", "side": "ask", "price": 0.71, "size": 409.0}, {"op": "set", "side": "ask", "price": 0.72, "size": 1021.1599999999999}]}
{"t": 1776976587.65838, "events": [{"op": "set", "side": "bid", "price": 0.26, "size": 858.6300000000001}, {"op": "set", "side": "bid", "price": 0.24, "size": 671.0}, {"op": "delete", "side": "bid", "price": 0.22}, {"op": "delete", "side": "bid", "price": 0.23}, {"op": "set", "side": "ask", "price": 0.67, "size": 500.0}, {"op": "set", "side": "ask", "price": 0.68, "size": 356.14}, {"op": "delete", "side": "ask", "price": 0.71}, {"op": "set", "side": "ask", "price": 0.72, "size": 817.1599999999999}, {"op": "set", "side": "ask", "price": 0.73, "size": 450.04000000000013}]}
{"t": 1776976588.667841, "events": [{"op": "set", "side": "ask", "price": 0.73, "size": 618.0400000000002}]}
{"t": 1776976590.681835, "events": [{"op": "set", "side": "bid", "price": 0.24, "size": 645.0}, {"op": "set", "side": "bid", "price": 0.25, "size": 24.0}, {"op": "set", "side": "ask", "price": 0.72, "size": 786.1599999999999}, {"op": "set", "side": "ask", "price": 0.69, "size": 40.0}]}
{"t": 1776976591.6983402, "events": [{"op": "delete", "side": "ask", "price": 0.27}, {"op": "set", "side": "ask", "price": 0.29, "size": 43.0}]}
{"t": 1776976592.712306, "events": [{"op": "set", "side": "bid", "price": 0.26, "size": 873.6300000000001}, {"op": "set", "side": "bid", "price": 0.25, "size": 676.0}, {"op": "delete", "side": "bid", "price": 0.24}, {"op": "set", "side": "ask", "price": 0.68, "size": 467.14}, {"op": "set", "side": "ask", "price": 0.69, "size": 485.0}, {"op": "set", "side": "ask", "price": 0.72, "size": 952.1599999999999}, {"op": "set", "side": "ask", "price": 0.73, "size": 230.0400000000002}]}
{"t": 1776976595.7320058, "events": [{"op": "set", "side": "bid", "price": 0.25, "size": 652.0}, {"op": "set", "side": "bid", "price": 0.22, "size": 27.0}, {"op": "set", "side": "ask", "price": 0.69, "size": 445.0}, {"op": "set", "side": "ask", "price": 0.7, "size": 38.0}]}
{"t": 1776976605.780865, "events": [{"op": "set", "side": "bid", "price": 0.26, "size": 907.6300000000001}, {"op": "delete", "side": "bid", "price": 0.25}, {"op": "set", "side": "bid", "price": 0.22, "size": 584.0}, {"op": "set", "side": "bid", "price": 0.23, "size": 779.0}, {"op": "set", "side": "ask", "price": 0.67, "size": 611.0}, {"op": "set", "side": "ask", "price": 0.68, "size": 301.14}, {"op": "set", "side": "ask", "price": 0.69, "size": 40.0}, {"op": "set", "side": "ask", "price": 0.72, "size": 991.1599999999999}, {"op": "set", "side": "ask", "price": 0.7, "size": 410.0}]}
{"t": 1776976607.800011, "events": [{"op": "set", "side": "bid", "price": 0.26, "size": 2243.63}, {"op": "set", "side": "bid", "price": 0.22, "size": 27.0}, {"op": "delete", "side": "bid", "price": 0.23}, {"op": "set", "side": "ask", "price": 0.67, "size": 500.0}, {"op": "set", "side": "ask", "price": 0.68, "size": 356.14}, {"op": "set", "side": "ask", "price": 0.69, "size": 429.0}, {"op": "set", "side": "ask", "price": 0.72, "size": 952.1599999999999}, {"op": "delete", "side": "ask", "price": 0.7}]}
{"t": 1776976610.818959, "events": [{"op": "set", "side": "bid", "price": 0.22, "size": 28.0}, {"op": "set", "side": "ask", "price": 0.69, "size": 389.0}, {"op": "set", "side": "ask", "price": 0.7, "size": 37.0}]}
{"t": 1776976619.87493, "events": [{"op": "delete", "side": "bid", "price": 0.22}, {"op": "delete", "side": "ask", "price": 0.7}]}
{"t": 1776976620.890514, "events": [{"op": "set", "side": "bid", "price": 0.22, "size": 28.0}, {"op": "set", "side": "ask", "price": 0.7, "size": 37.0}]}
{"t": 1776976623.9121861, "events": [{"op": "set", "side": "bid", "price": 0.26, "size": 1579.63}, {"op": "set", "side": "ask", "price": 0.68, "size": 301.14}, {"op": "delete", "side": "ask", "price": 0.69}, {"op": "set", "side": "ask", "price": 0.72, "size": 786.1599999999999}]}
{"t": 1776976624.9222841, "events": [{"op": "set", "side": "bid", "price": 0.26, "size": 907.6300000000001}, {"op": "set", "side": "bid", "price": 0.22, "size": 585.0}, {"op": "set", "side": "bid", "price": 0.23, "size": 779.0}, {"op": "set", "side": "ask", "price": 0.67, "size": 611.0}, {"op": "set", "side": "ask", "price": 0.7, "size": 448.0}, {"op": "set", "side": "ask", "price": 0.72, "size": 991.1599999999999}]}
{"t": 1776976625.935311, "events": [{"op": "set", "side": "bid", "price": 0.22, "size": 557.0}, {"op": "set", "side": "bid", "price": 0.24, "size": 26.0}, {"op": "set", "side": "ask", "price": 0.7, "size": 411.0}, {"op": "set", "side": "ask", "price": 0.71, "size": 36.0}]}
{"t": 1776976627.946018, "events": [{"op": "set", "side": "bid", "price": 0.26, "size": 243.6300000000001}, {"op": "delete", "side": "bid", "price": 0.22}, {"op": "delete", "side": "bid", "price": 0.23}, {"op": "set", "side": "ask", "price": 0.67, "size": 500.0}, {"op": "set", "side": "ask", "price": 0.68, "size": 24.139999999999986}, {"op": "delete", "side": "ask", "price": 0.7}, {"op": "set", "side": "ask", "price": 0.72, "size": 397.15999999999985}, {"op": "set", "side": "ask", "price": 0.73, "size": 6.040000000000191}]}
{"t": 1776976629.966581, "events": [{"op": "delete", "side": "bid", "price": 0.24}, {"op": "delete", "side": "ask", "price": 0.71}]}
{"t": 1776976630.9735959, "events": [{"op": "set", "side": "bid", "price": 0.22, "size": 27.0}, {"op": "set", "side": "ask", "price": 0.69, "size": 39.0}]}
{"t": 1776976631.9891021, "events": [{"op": "set", "side": "bid", "price": 0.26, "size": 907.6300000000001}, {"op": "set", "side": "bid", "price": 0.25, "size": 779.0}, {"op": "set", "side": "bid", "price": 0.24, "size": 557.0}, {"op": "set", "side": "ask", "price": 0.67, "size": 633.0}, {"op": "set", "side": "ask", "price": 0.68, "size": 290.14}, {"op": "set", "side": "ask", "price": 0.71, "size": 366.0}, {"op": "set", "side": "ask", "price": 0.72, "size": 1195.1599999999999}, {"op": "set", "side": "ask", "price": 0.73, "size": 342.0400000000002}]}
{"t": 1776976636.012798, "events": [{"op": "set", "side": "bid", "price": 0.25, "size": 803.0}, {"op": "delete", "side": "bid", "price": 0.22}, {"op": "delete", "side": "bid", "price": 0.24}, {"op": "set", "side": "ask", "price": 0.67, "size": 500.0}, {"op": "set", "side": "ask", "price": 0.68, "size": 245.14}, {"op": "delete", "side": "ask", "price": 0.69}, {"op": "delete", "side": "ask", "price": 0.71}, {"op": "set", "side": "ask", "price": 0.72, "size": 983.1599999999999}, {"op": "set", "side": "ask", "price": 0.73, "size": 230.0400000000002}]}
{"t": 1776976637.021386, "events": [{"op": "set", "side": "bid", "price": 0.21, "size": 1007.0}]}
{"t": 1776976640.0406752, "events": [{"op": "set", "side": "bid", "price": 0.25, "size": 779.0}, {"op": "set", "side": "ask", "price": 0.72, "size": 952.1599999999999}]}
{"t": 1776976641.045354, "events": [{"op": "set", "side": "bid", "price": 0.26, "size": 930.6300000000001}, {"op": "set", "side": "ask", "price": 0.69, "size": 39.0}]}
{"t": 1776976645.071788, "events": [{"op": "delete", "side": "ask", "price": 0.69}]}
{"t": 1776976646.075077, "events": [{"op": "set", "side": "ask", "price": 0.69, "size": 39.0}]}
{"t": 1776976648.087174, "events": [{"op": "delete", "side": "bid", "price": 0.25}, {"op": "set", "side": "bid", "price": 0.21, "size": 450.0}, {"op": "set", "side": "bid", "price": 0.22, "size": 1336.0}, {"op": "set", "side": "ask", "price": 0.67, "size": 633.0}, {"op": "set", "side": "ask", "price": 0.68, "size": 290.14}, {"op": "set", "side": "ask", "price": 0.69, "size": 392.0}, {"op": "set", "side": "ask", "price": 0.72, "size": 967.1599999999999}]}
{"t": 1776976650.106755, "events": [{"op": "delete", "side": "bid", "price": 0.22}, {"op": "set", "side": "ask", "price": 0.67, "size": 500.0}, {"op": "set", "side": "ask", "price": 0.68, "size": 245.14}, {"op": "set", "side": "ask", "price": 0.69, "size": 353.0}, {"op": "set", "side": "ask", "price": 0.72, "size": 841.1599999999999}, {"op": "set", "side": "ask", "price": 0.73, "size": 174.0400000000002}]}
{"t": 1776976651.118593, "events": [{"op": "set", "side": "bid", "price": 0.26, "size": 2266.63}, {"op": "set", "side": "ask", "price": 0.68, "size": 356.14}, {"op": "set", "side": "ask", "price": 0.69, "size": 389.0}, {"op": "set", "side": "ask", "price": 0.7, "size": 37.0}]}
{"t": 1776976653.130749, "events": [{"op": "set", "side": "bid", "price": 0.26, "size": 930.6300000000001}, {"op": "set", "side": "bid", "price": 0.22, "size": 1336.0}, {"op": "set", "side": "ask", "price": 0.67, "size": 611.0}, {"op": "set", "side": "ask", "price": 0.68, "size": 301.14}, {"op": "delete", "side": "ask", "price": 0.69}, {"op": "set", "side": "ask", "price": 0.72, "size": 991.1599999999999}, {"op": "set", "side": "ask", "price": 0.73, "size": 230.0400000000002}, {"op": "set", "side": "ask", "price": 0.7, "size": 448.0}]}
{"t": 1776976655.139762, "events": [{"op": "set", "side": "ask", "price": 0.7, "size": 411.0}]}
{"t": 1776976656.145735, "events": [{"op": "set", "side": "ask", "price": 0.71, "size": 36.0}]}
{"t": 1776976660.164791, "events": [{"op": "set", "side": "bid", "price": 0.26, "size": 2266.63}, {"op": "delete", "side": "bid", "price": 0.22}, {"op": "set", "side": "ask", "price": 0.67, "size": 500.0}, {"op": "set", "side": "ask", "price": 0.68, "size": 356.14}, {"op": "delete", "side": "ask", "price": 0.7}, {"op": "set", "side": "ask", "price": 0.71, "size": 425.0}, {"op": "set", "side": "ask", "price": 0.72, "size": 952.1599999999999}]}
{"t": 1776976661.1799512, "events": [{"op": "set", "side": "ask", "price": 0.71, "size": 389.0}]}
{"t": 1776976662.1883461, "events": [{"op": "set", "side": "ask", "price": 0.69, "size": 39.0}]}
{"t": 1776976665.228876, "events": [{"op": "delete", "side": "ask", "price": 0.69}]}
{"t": 1776976666.242671, "events": [{"op": "set", "side": "ask", "price": 0.69, "size": 39.0}]}
{"t": 1776976670.27538, "events": [{"op": "delete", "side": "ask", "price": 0.69}]}
{"t": 1776976671.281625, "events": [{"op": "set", "side": "ask", "price": 0.69, "size": 39.0}]}
{"t": 1776976675.3047261, "events": [{"op": "delete", "side": "ask", "price": 0.69}]}
{"t": 1776976676.313505, "events": [{"op": "set", "side": "ask", "price": 0.69, "size": 39.0}]}
{"t": 1776976680.334271, "events": [{"op": "delete", "side": "ask", "price": 0.69}]}
{"t": 1776976681.3585122, "events": [{"op": "set", "side": "ask", "price": 0.69, "size": 39.0}]}
{"t": 1776976688.379301, "events": [{"op": "set", "side": "bid", "price": 0.26, "size": 930.6300000000001}, {"op": "set", "side": "ask", "price": 0.68, "size": 301.14}, {"op": "delete", "side": "ask", "price": 0.71}, {"op": "set", "side": "ask", "price": 0.72, "size": 841.1599999999999}]}
{"t": 1776976689.3868952, "events": [{"op": "set", "side": "bid", "price": 0.22, "size": 1336.0}, {"op": "set", "side": "ask", "price": 0.67, "size": 611.0}, {"op": "set", "side": "ask", "price": 0.69, "size": 452.0}, {"op": "set", "side": "ask", "price": 0.72, "size": 992.1599999999999}]}
{"t": 1776976690.397115, "events": [{"op": "set", "side": "ask", "price": 0.69, "size": 413.0}]}
{"t": 1776976691.417778, "events": [{"op": "set", "side": "ask", "price": 0.7, "size": 38.0}]}
{"t": 1776976694.6291242, "events": [{"op": "set", "side": "bid", "price": 0.26, "size": 266.6300000000001}, {"op": "delete", "side": "bid", "price": 0.22}, {"op": "set", "side": "ask", "price": 0.67, "size": 500.0}, {"op": "set", "side": "ask", "price": 0.68, "size": 24.139999999999986}, {"op": "delete", "side": "ask", "price": 0.69}, {"op": "set", "side": "ask", "price": 0.72, "size": 397.15999999999985}, {"op": "set", "side": "ask", "price": 0.73, "size": 6.040000000000191}]}
{"t": 1776976695.801642, "events": [{"op": "delete", "side": "ask", "price": 0.7}, {"op": "set", "side": "ask", "price": 0.69, "size": 39.0}]}
{"t": 1776976698.8431628, "events": [{"op": "set", "side": "bid", "price": 0.26, "size": 930.6300000000001}, {"op": "set", "side": "bid", "price": 0.22, "size": 1336.0}, {"op": "set", "side": "ask", "price": 0.67, "size": 633.0}, {"op": "set", "side": "ask", "price": 0.68, "size": 290.14}, {"op": "set", "side": "ask", "price": 0.69, "size": 405.0}, {"op": "set", "side": "ask", "price": 0.72, "size": 1195.1599999999999}, {"op": "set", "side": "ask", "price": 0.73, "size": 342.0400000000002}]}
{"t": 1776976702.870096, "events": [{"op": "delete", "side": "bid", "price": 0.22}, {"op": "set", "side": "ask", "price": 0.67, "size": 500.0}, {"op": "delete", "side": "ask", "price": 0.69}]}
{"t": 1776976703.879584, "events": [{"op": "set", "side": "bid", "price": 0.26, "size": 2266.63}, {"op": "set", "side": "ask", "price": 0.68, "size": 356.14}, {"op": "set", "side": "ask", "price": 0.72, "size": 786.1599999999999}, {"op": "set", "side": "ask", "price": 0.73, "size": 785.0400000000002}, {"op": "set", "side": "ask", "price": 0.69, "size": 40.0}]}
{"t": 1776976705.8967402, "events": [{"op": "set", "side": "ask", "price": 0.69, "size": 39.0}]}
{"t": 1776976720.0040588, "events": [{"op": "set", "side": "bid", "price": 0.26, "size": 930.6300000000001}, {"op": "set", "side": "ask", "price": 0.73, "size": 342.0400000000002}]}
{"t": 1776976721.023626, "events": [{"op": "set", "side": "bid", "price": 0.22, "size": 1336.0}, {"op": "set", "side": "ask", "price": 0.67, "size": 611.0}, {"op": "set", "side": "ask", "price": 0.68, "size": 301.14}, {"op": "set", "side": "ask", "price": 0.69, "size": 453.0}, {"op": "set", "side": "ask", "price": 0.72, "size": 993.1599999999999}, {"op": "set", "side": "ask", "price": 0.73, "size": 230.0400000000002}]}
{"t": 1776976725.0786262, "events": [{"op": "set", "side": "ask", "price": 0.69, "size": 414.0}]}
{"t": 1776976727.112159, "events": [{"op": "set", "side": "ask", "price": 0.7, "size": 38.0}]}
