{"t": 1776975854.366905, "events": [{"op": "set", "side": "bid", "price": 0.03, "size": 25.0}]}
{"t": 1776975855.3857431, "events": [{"op": "delete", "side": "bid", "price": 0.04}, {"op": "set", "side": "ask", "price": 0.93, "size": 639.0}]}
{"t": 1776975856.396708, "events": [{"op": "set", "side": "bid", "price": 0.03, "size": 66.0}, {"op": "set", "side": "ask", "price": 0.93, "size": 809.0}]}
{"t": 1776975858.419916, "events": [{"op": "set", "side": "bid", "price": 0.03, "size": 41.0}, {"op": "set", "side": "bid", "price": 0.04, "size": 23.0}]}
{"t": 1776975859.432927, "events": [{"op": "delete", "side": "bid", "price": 0.03}, {"op": "set", "side": "bid", "price": 0.04, "size": 64.0}, {"op": "set", "side": "ask", "price": 0.93, "size": 390.0}]}
{"t": 1776975860.4405582, "events": [{"op": "set", "side": "ask", "price": 0.93, "size": 846.0}]}
{"t": 1776975863.466253, "events": [{"op": "set", "side": "bid", "price": 0.03, "size": 25.0}, {"op": "set", "side": "bid", "price": 0.04, "size": 41.0}]}
{"t": 1776975866.4869819, "events": [{"op": "set", "side": "bid", "price": 0.03, "size": 66.0}, {"op": "delete", "side": "bid", "price": 0.04}, {"op": "set", "side": "ask", "price": 0.93, "size": 872.0}]}
{"t": 1776975868.5054138, "events": [{"op": "set", "side": "bid", "price": 0.03, "size": 41.0}]}
{"t": 1776975869.519797, "events": [{"op": "delete", "side": "bid", "price": 0.03}, {"op": "set", "side": "bid", "price": 0.04, "size": 23.0}, {"op": "set", "side": "ask", "price": 0.93, "size": 728.0}]}
{"t": 1776975870.536895, "events": [{"op": "set", "side": "bid", "price": 0.04, "size": 64.0}, {"op": "set", "side": "ask", "price": 0.93, "size": 889.0}]}
{"t": 1776975873.562508, "events": [{"op": "set", "side": "bid", "price": 0.03, "size": 25.0}, {"op": "set", "side": "bid", "price": 0.04, "size": 41.0}]}
{"t": 1776975878.59487, "events": [{"op": "set", "side": "bid", "price": 0.06, "size": 55.0}, {"op": "delete", "side": "bid", "price": 0.04}, {"op": "set", "side": "bid", "price": 0.02, "size": 1000.0}, {"op": "set", "side": "ask", "price": 0.91, "size": 705.0}, {"op": "delete", "side": "ask", "price": 0.93}, {"op": "set", "side": "ask", "price": 0.92, "size": 36.0}]}
{"t": 1776975881.629726, "events": [{"op": "set", "side": "bid", "price": 0.06, "size": 86.0}, {"op": "set", "side": "bid", "price": 0.03, "size": 66.0}, {"op": "set", "side": "bid", "price": 0.02, "size": 1030.0}, {"op": "set", "side": "ask", "price": 0.9, "size": 10202.0}, {"op": "set", "side": "ask", "price": 0.91, "size": 1140.0}, {"op": "set", "side": "ask", "price": 0.92, "size": 840.0}, {"op": "set", "side": "ask", "price": 0.93, "size": 391.0}]}
{"t": 1776975883.6573179, "events": [{"op": "set", "side": "bid", "price": 0.03, "size": 41.0}, {"op": "set", "side": "bid", "price": 0.04, "size": 23.0}, {"op": "set", "side": "ask", "price": 0.92, "size": 804.0}, {"op": "set", "side": "ask", "price": 0.93, "size": 425.0}]}
{"t": 1776975889.700941, "events": [{"op": "delete", "side": "bid", "price": 0.03}, {"op": "set", "side": "bid", "price": 0.04, "size": 64.0}, {"op": "set", "side": "ask", "price": 0.9, "size": 9999.0}, {"op": "set", "side": "ask", "price": 0.91, "size": 1009.0}, {"op": "delete", "side": "ask", "price": 0.92}, {"op": "set", "side": "ask", "price": 0.93, "size": 499.0}]}
{"t": 1776975890.720798, "events": [{"op": "set", "side": "ask", "price": 0.93, "size": 576.0}]}
{"t": 1776975893.74344, "events": [{"op": "set", "side": "bid", "price": 0.03, "size": 25.0}, {"op": "set", "side": "bid", "price": 0.04, "size": 41.0}]}
{"t": 1776975913.861079, "events": [{"op": "delete", "side": "bid", "price": 0.04}, {"op": "set", "side": "ask", "price": 0.93, "size": 348.0}]}
{"t": 1776975914.8911412, "events": [{"op": "set", "side": "bid", "price": 0.03, "size": 66.0}, {"op": "set", "side": "ask", "price": 0.93, "size": 683.0}]}
{"t": 1776975916.9452019, "events": [{"op": "set", "side": "bid", "price": 0.02, "size": 1000.0}, {"op": "set", "side": "ask", "price": 0.93, "size": 367.0}]}
{"t": 1776975917.960892, "events": [{"op": "set", "side": "bid", "price": 0.06, "size": 172.0}, {"op": "set", "side": "bid", "price": 0.03, "size": 79.0}, {"op": "set", "side": "ask", "price": 0.93, "size": 757.0}]}
{"t": 1776975918.9692569, "events": [{"op": "set", "side": "bid", "price": 0.03, "size": 54.0}, {"op": "set", "side": "bid", "price": 0.04, "size": 24.0}]}
{"t": 1776975940.061205, "events": [{"op": "set", "side": "bid", "price": 0.06, "size": 55.0}, {"op": "delete", "side": "bid", "price": 0.03}, {"op": "set", "side": "ask", "price": 0.91, "size": 705.0}, {"op": "delete", "side": "ask", "price": 0.93}]}
{"t": 1776975941.0863051, "events": [{"op": "set", "side": "ask", "price": 0.92, "size": 36.0}]}
{"t": 1776975943.110956, "events": [{"op": "set", "side": "bid", "price": 0.06, "size": 86.0}, {"op": "set", "side": "bid", "price": 0.04, "size": 41.0}, {"op": "set", "side": "bid", "price": 0.02, "size": 1030.0}, {"op": "set", "side": "ask", "price": 0.9, "size": 10202.0}, {"op": "set", "side": "ask", "price": 0.91, "size": 1140.0}, {"op": "set", "side": "ask", "price": 0.92, "size": 804.0}, {"op": "set", "side": "ask", "price": 0.93, "size": 391.0}]}
{"t": 1776975944.1347961, "events": [{"op": "set", "side": "bid", "price": 0.03, "size": 25.0}, {"op": "set", "side": "ask", "price": 0.93, "size": 425.0}]}
{"t": 1776975945.176098, "events": [{"op": "delete", "side": "bid", "price": 0.04}, {"op": "set", "side": "ask", "price": 0.9, "size": 9999.0}, {"op": "delete", "side": "ask", "price": 0.92}]}
{"t": 1776975947.2255669, "events": [{"op": "set", "side": "ask", "price": 0.91, "size": 1009.0}, {"op": "set", "side": "ask", "price": 0.93, "size": 320.0}]}
{"t": 1776975948.2322109, "events": [{"op": "set", "side": "bid", "price": 0.03, "size": 41.0}]}
{"t": 1776975949.255933, "events": [{"op": "set", "side": "bid", "price": 0.04, "size": 23.0}, {"op": "set", "side": "ask", "price": 0.93, "size": 576.0}]}
{"t": 1776975951.2976189, "events": [{"op": "set", "side": "bid", "price": 0.06, "size": 55.0}, {"op": "delete", "side": "bid", "price": 0.03}, {"op": "set", "side": "bid", "price": 0.02, "size": 1000.0}, {"op": "set", "side": "ask", "price": 0.91, "size": 705.0}, {"op": "delete", "side": "ask", "price": 0.93}]}
{"t": 1776975952.314472, "events": [{"op": "set", "side": "ask", "price": 0.92, "size": 36.0}]}
{"t": 1776975953.32274, "events": [{"op": "set", "side": "bid", "price": 0.03, "size": 25.0}, {"op": "delete", "side": "bid", "price": 0.04}]}
{"t": 1776975954.332581, "events": [{"op": "set", "side": "bid", "price": 0.06, "size": 86.0}, {"op": "set", "side": "bid", "price": 0.04, "size": 41.0}, {"op": "set", "side": "bid", "price": 0.02, "size": 1030.0}, {"op": "set", "side": "ask", "price": 0.9, "size": 10202.0}, {"op": "set", "side": "ask", "price": 0.91, "size": 1140.0}, {"op": "set", "side": "ask", "price": 0.92, "size": 804.0}, {"op": "set", "side": "ask", "price": 0.93, "size": 425.0}]}
{"t": 1776975959.372451, "events": [{"op": "set", "side": "bid", "price": 0.03, "size": 66.0}, {"op": "delete", "side": "bid", "price": 0.04}, {"op": "set", "side": "ask", "price": 0.9, "size": 9999.0}, {"op": "set", "side": "ask", "price": 0.91, "size": 1009.0}, {"op": "delete", "side": "ask", "price": 0.92}, {"op": "set", "side": "ask", "price": 0.93, "size": 576.0}]}
{"t": 1776975963.398977, "events": [{"op": "set", "side": "bid", "price": 0.03, "size": 41.0}]}
{"t": 1776975964.407889, "events": [{"op": "set", "side": "bid", "price": 0.04, "size": 23.0}]}
{"t": 1776975971.450849, "events": [{"op": "delete", "side": "bid", "price": 0.03}, {"op": "set", "side": "ask", "price": 0.93, "size": 499.0}]}
{"t": 1776975972.4612129, "events": [{"op": "set", "side": "ask", "price": 0.93, "size": 348.0}]}
{"t": 1776975973.468818, "events": [{"op": "set", "side": "bid", "price": 0.04, "size": 41.0}]}
{"t": 1776975974.486274, "events": [{"op": "set", "side": "bid", "price": 0.03, "size": 25.0}, {"op": "set", "side": "ask", "price": 0.93, "size": 683.0}]}
{"t": 1776975977.5051599, "events": [{"op": "delete", "side": "bid", "price": 0.04}, {"op": "set", "side": "ask", "price": 0.93, "size": 582.0}]}
{"t": 1776975978.524107, "events": [{"op": "set", "side": "bid", "price": 0.03, "size": 41.0}, {"op": "set", "side": "ask", "price": 0.93, "size": 757.0}]}
{"t": 1776975979.530004, "events": [{"op": "set", "side": "bid", "price": 0.04, "size": 23.0}]}
{"t": 1776975989.593303, "events": [{"op": "set", "side": "bid", "price": 0.06, "size": 120.0}, {"op": "delete", "side": "bid", "price": 0.03}, {"op": "set", "side": "bid", "price": 0.02, "size": 1054.0}, {"op": "set", "side": "ask", "price": 0.93, "size": 381.0}]}
{"t": 1776975990.615396, "events": [{"op": "set", "side": "bid", "price": 0.06, "size": 173.0}, {"op": "set", "side": "ask", "price": 0.93, "size": 809.0}]}
{"t": 1776975993.639185, "events": [{"op": "delete", "side": "bid", "price": 0.04}]}
{"t": 1776975994.652439, "events": [{"op": "set", "side": "bid", "price": 0.03, "size": 25.0}]}
{"t": 1776976002.718677, "events": [{"op": "set", "side": "bid", "price": 0.06, "size": 92.0}, {"op": "set", "side": "bid", "price": 0.03, "size": 73.0}, {"op": "set", "side": "bid", "price": 0.02, "size": 1036.0}, {"op": "set", "side": "ask", "price": 0.93, "size": 846.0}]}
{"t": 1776976003.738184, "events": [{"op": "set", "side": "bid", "price": 0.03, "size": 48.0}, {"op": "set", "side": "bid", "price": 0.04, "size": 23.0}]}
{"t": 1776976005.821455, "events": [{"op": "set", "side": "bid", "price": 0.06, "size": 86.0}, {"op": "delete", "side": "bid", "price": 0.03}, {"op": "set", "side": "bid", "price": 0.04, "size": 64.0}, {"op": "set", "side": "bid", "price": 0.02, "size": 1030.0}, {"op": "set", "side": "ask", "price": 0.93, "size": 872.0}]}
{"t": 1776976008.8495371, "events": [{"op": "set", "side": "bid", "price": 0.03, "size": 25.0}, {"op": "set", "side": "bid", "price": 0.04, "size": 41.0}]}
{"t": 1776976011.8745532, "events": [{"op": "delete", "side": "bid", "price": 0.04}, {"op": "set", "side": "ask", "price": 0.93, "size": 402.0}]}
{"t": 1776976012.8924701, "events": [{"op": "set", "side": "bid", "price": 0.03, "size": 66.0}]}
{"t": 1776976013.8963861, "events": [{"op": "set", "side": "bid", "price": 0.03, "size": 41.0}, {"op": "set", "side": "bid", "price": 0.04, "size": 23.0}, {"op": "set", "side": "ask", "price": 0.93, "size": 889.0}]}
{"t": 1776976021.967751, "events": [{"op": "delete", "side": "bid", "price": 0.03}, {"op": "set", "side": "ask", "price": 0.93, "size": 405.0}]}
{"t": 1776976022.983882, "events": [{"op": "set", "side": "bid", "price": 0.04, "size": 64.0}, {"op": "set", "side": "ask", "price": 0.93, "size": 901.0}]}
{"t": 1776976023.989538, "events": [{"op": "set", "side": "bid", "price": 0.03, "size": 25.0}, {"op": "set", "side": "bid", "price": 0.04, "size": 41.0}]}
{"t": 1776976028.033005, "events": [{"op": "delete", "side": "bid", "price": 0.03}]}
{"t": 1776976029.046649, "events": [{"op": "set", "side": "bid", "price": 0.03, "size": 25.0}]}
{"t": 1776976030.0649989, "events": [{"op": "delete", "side": "bid", "price": 0.04}, {"op": "set", "side": "ask", "price": 0.93, "size": 751.0}]}
{"t": 1776976031.0763671, "events": [{"op": "set", "side": "bid", "price": 0.03, "size": 66.0}, {"op": "set", "side": "ask", "price": 0.93, "size": 910.0}]}
{"t": 1776976033.0979562, "events": [{"op": "set", "side": "bid", "price": 0.03, "size": 41.0}]}
{"t": 1776976034.1065989, "events": [{"op": "set", "side": "bid", "price": 0.04, "size": 23.0}]}
{"t": 1776976038.1259038, "events": [{"op": "delete", "side": "bid", "price": 0.04}]}
{"t": 1776976039.130999, "events": [{"op": "delete", "side": "bid", "price": 0.03}, {"op": "set", "side": "bid", "price": 0.04, "size": 23.0}, {"op": "set", "side": "ask", "price": 0.93, "size": 409.0}]}
{"t": 1776976040.136569, "events": [{"op": "set", "side": "bid", "price": 0.06, "size": 173.0}, {"op": "set", "side": "bid", "price": 0.02, "size": 1054.0}, {"op": "set", "side": "ask", "price": 0.93, "size": 917.0}]}
{"t": 1776976041.146323, "events": [{"op": "set", "side": "bid", "price": 0.06, "size": 92.0}, {"op": "set", "side": "bid", "price": 0.02, "size": 1036.0}, {"op": "set", "side": "ask", "price": 0.93, "size": 410.0}]}
{"t": 1776976042.1519518, "events": [{"op": "set", "side": "bid", "price": 0.04, "size": 71.0}, {"op": "set", "side": "ask", "price": 0.93, "size": 921.0}]}
{"t": 1776976043.1629992, "events": [{"op": "set", "side": "bid", "price": 0.04, "size": 48.0}]}
{"t": 1776976044.185159, "events": [{"op": "set", "side": "bid", "price": 0.06, "size": 55.0}, {"op": "set", "side": "bid", "price": 0.03, "size": 25.0}, {"op": "delete", "side": "bid", "price": 0.04}, {"op": "set", "side": "bid", "price": 0.02, "size": 1000.0}, {"op": "set", "side": "ask", "price": 0.91, "size": 705.0}, {"op": "delete", "side": "ask", "price": 0.93}]}
{"t": 1776976045.204722, "events": [{"op": "set", "side": "ask", "price": 0.92, "size": 36.0}]}
{"t": 1776976047.209746, "events": [{"op": "set", "side": "bid", "price": 0.06, "size": 86.0}, {"op": "set", "side": "bid", "price": 0.03, "size": 66.0}, {"op": "set", "side": "bid", "price": 0.02, "size": 1030.0}, {"op": "set", "side": "ask", "price": 0.9, "size": 10202.0}, {"op": "set", "side": "ask", "price": 0.91, "size": 1140.0}, {"op": "set", "side": "ask", "price": 0.92, "size": 840.0}, {"op": "set", "side": "ask", "price": 0.93, "size": 391.0}]}
{"t": 1776976048.218187, "events": [{"op": "set", "side": "bid", "price": 0.03, "size": 41.0}, {"op": "set", "side": "ask", "price": 0.92, "size": 804.0}]}
{"t": 1776976049.2295182, "events": [{"op": "delete", "side": "bid", "price": 0.03}, {"op": "set", "side": "bid", "price": 0.04, "size": 23.0}, {"op": "set", "side": "ask", "price": 0.93, "size": 425.0}]}
{"t": 1776976050.238752, "events": [{"op": "set", "side": "bid", "price": 0.06, "size": 120.0}, {"op": "set", "side": "bid", "price": 0.02, "size": 1054.0}]}
{"t": 1776976051.266421, "events": [{"op": "set", "side": "bid", "price": 0.06, "size": 173.0}]}
{"t": 1776976053.276522, "events": [{"op": "delete", "side": "bid", "price": 0.04}]}
{"t": 1776976054.2832232, "events": [{"op": "set", "side": "bid", "price": 0.03, "size": 25.0}]}
{"t": 1776976058.306615, "events": [{"op": "set", "side": "bid", "price": 0.06, "size": 55.0}, {"op": "set", "side": "bid", "price": 0.02, "size": 1000.0}, {"op": "set", "side": "ask", "price": 0.9, "size": 9999.0}, {"op": "set", "side": "ask", "price": 0.91, "size": 705.0}, {"op": "delete", "side": "ask", "price": 0.92}, {"op": "delete", "side": "ask", "price": 0.93}]}
{"t": 1776976059.3257349, "events": [{"op": "set", "side": "ask", "price": 0.92, "size": 36.0}]}
{"t": 1776976061.337662, "events": [{"op": "set", "side": "bid", "price": 0.06, "size": 86.0}, {"op": "set", "side": "bid", "price": 0.03, "size": 66.0}, {"op": "set", "side": "bid", "price": 0.02, "size": 1030.0}, {"op": "set", "side": "ask", "price": 0.9, "size": 10202.0}, {"op": "set", "side": "ask", "price": 0.91, "size": 1140.0}, {"op": "set", "side": "ask", "price": 0.92, "size": 840.0}, {"op": "set", "side": "ask", "price": 0.93, "size": 391.0}]}
{"t": 1776976063.365494, "events": [{"op": "set", "side": "bid", "price": 0.03, "size": 41.0}, {"op": "set", "side": "ask", "price": 0.92, "size": 804.0}]}
{"t": 1776976064.375992, "events": [{"op": "set", "side": "bid", "price": 0.04, "size": 23.0}, {"op": "set", "side": "ask", "price": 0.93, "size": 425.0}]}
{"t": 1776976065.3873029, "events": [{"op": "delete", "side": "bid", "price": 0.03}, {"op": "set", "side": "ask", "price": 0.9, "size": 9999.0}, {"op": "set", "side": "ask", "price": 0.91, "size": 1009.0}, {"op": "delete", "side": "ask", "price": 0.92}, {"op": "set", "side": "ask", "price": 0.93, "size": 320.0}]}
{"t": 1776976066.397533, "events": [{"op": "set", "side": "bid", "price": 0.04, "size": 64.0}, {"op": "set", "side": "ask", "price": 0.93, "size": 576.0}]}
{"t": 1776976068.419334, "events": [{"op": "set", "side": "bid", "price": 0.04, "size": 41.0}]}
{"t": 1776976069.436353, "events": [{"op": "set", "side": "bid", "price": 0.03, "size": 25.0}]}
{"t": 1776976074.460224, "events": [{"op": "delete", "side": "bid", "price": 0.04}, {"op": "set", "side": "ask", "price": 0.93, "size": 348.0}]}
{"t": 1776976075.471221, "events": [{"op": "set", "side": "bid", "price": 0.03, "size": 66.0}, {"op": "set", "side": "ask", "price": 0.93, "size": 683.0}]}
{"t": 1776976077.482344, "events": [{"op": "set", "side": "bid", "price": 0.02, "size": 1000.0}, {"op": "set", "side": "ask", "price": 0.93, "size": 367.0}]}
{"t": 1776976078.494921, "events": [{"op": "set", "side": "bid", "price": 0.06, "size": 172.0}, {"op": "set", "side": "bid", "price": 0.03, "size": 54.0}, {"op": "set", "side": "bid", "price": 0.04, "size": 24.0}, {"op": "set", "side": "ask", "price": 0.93, "size": 757.0}]}
{"t": 1776976083.531923, "events": [{"op": "delete", "side": "bid", "price": 0.04}]}
{"t": 1776976084.54107, "events": [{"op": "set", "side": "bid", "price": 0.04, "size": 24.0}]}
{"t": 1776976085.548361, "events": [{"op": "set", "side": "bid", "price": 0.06, "size": 55.0}, {"op": "delete", "side": "bid", "price": 0.03}, {"op": "set", "side": "ask", "price": 0.91, "size": 705.0}, {"op": "delete", "side": "ask", "price": 0.93}]}
{"t": 1776976086.5729961, "events": [{"op": "set", "side": "ask", "price": 0.92, "size": 36.0}]}
{"t": 1776976088.582797, "events": [{"op": "set", "side": "bid", "price": 0.06, "size": 86.0}, {"op": "set", "side": "bid", "price": 0.03, "size": 25.0}, {"op": "set", "side": "bid", "price": 0.04, "size": 41.0}, {"op": "set", "side": "bid", "price": 0.02, "size": 1030.0}, {"op": "set", "side": "ask", "price": 0.9, "size": 10202.0}, {"op": "set", "side": "ask", "price": 0.91, "size": 1140.0}, {"op": "set", "side": "ask", "price": 0.92, "size": 804.0}, {"op": "set", "side": "ask", "price": 0.93, "size": 425.0}]}
{"t": 1776976091.599458, "events": [{"op": "delete", "side": "bid", "price": 0.04}, {"op": "set", "side": "ask", "price": 0.9, "size": 9999.0}, {"op": "delete", "side": "ask", "price": 0.92}]}
{"t": 1776976092.6074328, "events": [{"op": "set", "side": "bid", "price": 0.03, "size": 66.0}, {"op": "set", "side": "ask", "price": 0.91, "size": 1009.0}, {"op": "set", "side": "ask", "price": 0.93, "size": 320.0}]}
{"t": 1776976093.6152132, "events": [{"op": "set", "side": "bid", "price": 0.03, "size": 41.0}, {"op": "set", "side": "bid", "price": 0.04, "size": 23.0}, {"op": "set", "side": "ask", "price": 0.93, "size": 576.0}]}
{"t": 1776976095.6349592, "events": [{"op": "delete", "side": "bid", "price": 0.03}, {"op": "set", "side": "ask", "price": 0.93, "size": 499.0}]}
{"t": 1776976096.652119, "events": [{"op": "set", "side": "ask", "price": 0.93, "size": 348.0}]}
{"t": 1776976097.657048, "events": [{"op": "set", "side": "bid", "price": 0.04, "size": 64.0}]}
{"t": 1776976098.6700659, "events": [{"op": "set", "side": "bid", "price": 0.03, "size": 25.0}, {"op": "set", "side": "bid", "price": 0.04, "size": 41.0}, {"op": "set", "side": "ask", "price": 0.93, "size": 683.0}]}
{"t": 1776976099.67869, "events": [{"op": "delete", "side": "bid", "price": 0.04}, {"op": "set", "side": "ask", "price": 0.93, "size": 367.0}]}
{"t": 1776976100.698726, "events": [{"op": "set", "side": "bid", "price": 0.03, "size": 66.0}]}
{"t": 1776976101.709044, "events": [{"op": "set", "side": "ask", "price": 0.93, "size": 757.0}]}
{"t": 1776976103.7164748, "events": [{"op": "set", "side": "bid", "price": 0.03, "size": 41.0}, {"op": "set", "side": "bid", "price": 0.04, "size": 23.0}]}
{"t": 1776976104.730009, "events": [{"op": "set", "side": "bid", "price": 0.02, "size": 30.0}]}
{"t": 1776976113.775799, "events": [{"op": "delete", "side": "bid", "price": 0.03}, {"op": "set", "side": "bid", "price": 0.01, "size": 12160.0}, {"op": "set", "side": "bid", "price": 0.04, "size": 41.0}, {"op": "set", "side": "bid", "price": 0.02, "size": 26.0}, {"op": "set", "side": "ask", "price": 0.93, "size": 809.0}]}
{"t": 1776976116.79982, "events": [{"op": "delete", "side": "bid", "price": 0.04}, {"op": "set", "side": "bid", "price": 0.01, "size": 12130.0}, {"op": "set", "side": "ask", "price": 0.93, "size": 390.0}]}
{"t": 1776976117.808927, "events": [{"op": "set", "side": "bid", "price": 0.06, "size": 173.0}, {"op": "set", "side": "bid", "price": 0.02, "size": 80.0}, {"op": "set", "side": "ask", "price": 0.93, "size": 846.0}]}
{"t": 1776976118.820491, "events": [{"op": "set", "side": "bid", "price": 0.02, "size": 54.0}]}
{"t": 1776976119.83535, "events": [{"op": "set", "side": "bid", "price": 0.03, "size": 25.0}]}
{"t": 1776976128.8931751, "events": [{"op": "set", "side": "bid", "price": 0.06, "size": 92.0}, {"op": "set", "side": "bid", "price": 0.03, "size": 48.0}, {"op": "set", "side": "bid", "price": 0.01, "size": 12166.0}, {"op": "set", "side": "bid", "price": 0.04, "size": 23.0}, {"op": "delete", "side": "bid", "price": 0.02}, {"op": "set", "side": "ask", "price": 0.93, "size": 872.0}]}
{"t": 1776976130.9047801, "events": [{"op": "set", "side": "bid", "price": 0.06, "size": 86.0}, {"op": "set", "side": "bid", "price": 0.04, "size": 64.0}, {"op": "delete", "side": "bid", "price": 0.03}, {"op": "set", "side": "bid", "price": 0.01, "size": 12160.0}, {"op": "set", "side": "ask", "price": 0.93, "size": 402.0}]}
{"t": 1776976131.9146821, "events": [{"op": "set", "side": "ask", "price": 0.93, "size": 889.0}]}
{"t": 1776976133.922157, "events": [{"op": "set", "side": "bid", "price": 0.04, "size": 41.0}, {"op": "set", "side": "bid", "price": 0.02, "size": 26.0}]}
{"t": 1776976135.934583, "events": [{"op": "set", "side": "bid", "price": 0.06, "size": 55.0}, {"op": "delete", "side": "bid", "price": 0.04}, {"op": "set", "side": "bid", "price": 0.01, "size": 12130.0}, {"op": "set", "side": "ask", "price": 0.91, "size": 705.0}, {"op": "set", "side": "ask", "price": 0.93, "size": 34.0}]}
{"t": 1776976136.9557, "events": [{"op": "delete", "side": "ask", "price": 0.93}, {"op": "set", "side": "ask", "price": 0.92, "size": 36.0}]}
{"t": 1776976137.96097, "events": [{"op": "delete", "side": "bid", "price": 0.02}]}
{"t": 1776976138.9725718, "events": [{"op": "set", "side": "bid", "price": 0.06, "size": 86.0}, {"op": "set", "side": "bid", "price": 0.02, "size": 67.0}, {"op": "set", "side": "bid", "price": 0.01, "size": 12160.0}, {"op": "set", "side": "ask", "price": 0.9, "size": 10202.0}, {"op": "set", "side": "ask", "price": 0.93, "size": 391.0}]}
{"t": 1776976139.976351, "events": [{"op": "set", "side": "ask", "price": 0.91, "size": 1140.0}, {"op": "set", "side": "ask", "price": 0.92, "size": 804.0}, {"op": "set", "side": "ask", "price": 0.93, "size": 425.0}]}
{"t": 1776976143.994279, "events": [{"op": "set", "side": "bid", "price": 0.03, "size": 25.0}, {"op": "set", "side": "bid", "price": 0.02, "size": 41.0}]}
{"t": 1776976152.035327, "events": [{"op": "set", "side": "bid", "price": 0.06, "size": 55.0}, {"op": "delete", "side": "bid", "price": 0.02}, {"op": "set", "side": "bid", "price": 0.01, "size": 12130.0}, {"op": "set", "side": "ask", "price": 0.9, "size": 9999.0}, {"op": "set", "side": "ask", "price": 0.91, "size": 705.0}, {"op": "delete", "side": "ask", "price": 0.92}, {"op": "delete", "side": "ask", "price": 0.93}]}
{"t": 1776976153.054967, "events": [{"op": "set", "side": "ask", "price": 0.92, "size": 36.0}]}
{"t": 1776976154.063997, "events": [{"op": "delete", "side": "bid", "price": 0.03}, {"op": "set", "side": "bid", "price": 0.02, "size": 26.0}]}
{"t": 1776976155.081144, "events": [{"op": "set", "side": "bid", "price": 0.06, "size": 86.0}, {"op": "set", "side": "bid", "price": 0.03, "size": 41.0}, {"op": "set", "side": "bid", "price": 0.01, "size": 12160.0}, {"op": "set", "side": "ask", "price": 0.89, "size": 555.0}, {"op": "set", "side": "ask", "price": 0.9, "size": 10267.0}, {"op": "set", "side": "ask", "price": 0.91, "size": 1140.0}, {"op": "set", "side": "ask", "price": 0.92, "size": 232.0}]}
{"t": 1776976159.129062, "events": [{"op": "set", "side": "bid", "price": 0.04, "size": 24.0}, {"op": "delete", "side": "bid", "price": 0.02}]}
{"t": 1776976163.1601741, "events": [{"op": "delete", "side": "bid", "price": 0.04}]}
{"t": 1776976164.1660988, "events": [{"op": "set", "side": "bid", "price": 0.04, "size": 24.0}]}
{"t": 1776976168.185441, "events": [{"op": "delete", "side": "bid", "price": 0.04}]}
{"t": 1776976169.201382, "events": [{"op": "set", "side": "bid", "price": 0.04, "size": 24.0}]}
{"t": 1776976172.213068, "events": [{"op": "delete", "side": "bid", "price": 0.03}, {"op": "set", "side": "ask", "price": 0.89, "size": 453.0}, {"op": "set", "side": "ask", "price": 0.9, "size": 9999.0}, {"op": "set", "side": "ask", "price": 0.91, "size": 1009.0}]}
{"t": 1776976173.230133, "events": [{"op": "set", "side": "bid", "price": 0.04, "size": 41.0}, {"op": "set", "side": "ask", "price": 0.92, "size": 252.0}, {"op": "set", "side": "ask", "price": 0.93, "size": 159.0}]}
{"t": 1776976174.237823, "events": [{"op": "set", "side": "bid", "price": 0.02, "size": 26.0}, {"op": "set", "side": "ask", "price": 0.93, "size": 192.0}]}
{"t": 1776976175.24962, "events": [{"op": "delete", "side": "bid", "price": 0.04}, {"op": "set", "side": "bid", "price": 0.01, "size": 12130.0}, {"op": "delete", "side": "ask", "price": 0.92}, {"op": "set", "side": "ask", "price": 0.93, "size": 144.0}]}
{"t": 1776976177.2679732, "events": [{"op": "set", "side": "bid", "price": 0.06, "size": 120.0}, {"op": "set", "side": "bid", "price": 0.02, "size": 80.0}, {"op": "set", "side": "ask", "price": 0.93, "size": 276.0}]}
{"t": 1776976178.273995, "events": [{"op": "set", "side": "bid", "price": 0.06, "size": 173.0}, {"op": "set", "side": "bid", "price": 0.02, "size": 54.0}, {"op": "set", "side": "ask", "price": 0.93, "size": 411.0}]}
{"t": 1776976179.287406, "events": [{"op": "set", "side": "bid", "price": 0.03, "size": 25.0}]}
{"t": 1776976183.318472, "events": [{"op": "delete", "side": "bid", "price": 0.03}]}
{"t": 1776976184.330831, "events": [{"op": "set", "side": "bid", "price": 0.03, "size": 25.0}]}
{"t": 1776976188.349905, "events": [{"op": "delete", "side": "bid", "price": 0.03}]}
{"t": 1776976189.36215, "events": [{"op": "set", "side": "bid", "price": 0.03, "size": 25.0}]}
{"t": 1776976193.395335, "events": [{"op": "delete", "side": "bid", "price": 0.03}]}
{"t": 1776976194.405488, "events": [{"op": "set", "side": "bid", "price": 0.03, "size": 25.0}]}
{"t": 1776976197.420757, "events": [{"op": "set", "side": "bid", "price": 0.06, "size": 92.0}, {"op": "delete", "side": "bid", "price": 0.02}, {"op": "set", "side": "ask", "price": 0.93, "size": 316.0}]}
{"t": 1776976198.435571, "events": [{"op": "set", "side": "bid", "price": 0.03, "size": 48.0}, {"op": "set", "side": "bid", "price": 0.04, "size": 24.0}, {"op": "set", "side": "bid", "price": 0.01, "size": 12166.0}, {"op": "set", "side": "ask", "price": 0.93, "size": 564.0}]}
{"t": 1776976203.4636748, "events": [{"op": "delete", "side": "bid", "price": 0.04}]}
{"t": 1776976204.476952, "events": [{"op": "set", "side": "bid", "price": 0.06, "size": 55.0}, {"op": "delete", "side": "bid", "price": 0.03}, {"op": "set", "side": "bid", "price": 0.04, "size": 23.0}, {"op": "set", "side": "bid", "price": 0.01, "size": 12130.0}, {"op": "set", "side": "ask", "price": 0.91, "size": 705.0}, {"op": "delete", "side": "ask", "price": 0.93}]}
{"t": 1776976205.4979851, "events": [{"op": "set", "side": "ask", "price": 0.92, "size": 36.0}]}
{"t": 1776976207.508864, "events": [{"op": "set", "side": "bid", "price": 0.06, "size": 86.0}, {"op": "set", "side": "bid", "price": 0.04, "size": 64.0}, {"op": "set", "side": "bid", "price": 0.01, "size": 12160.0}, {"op": "set", "side": "ask", "price": 0.9, "size": 10202.0}, {"op": "set", "side": "ask", "price": 0.91, "size": 1140.0}, {"op": "set", "side": "ask", "price": 0.92, "size": 840.0}, {"op": "set", "side": "ask", "price": 0.93, "size": 391.0}]}
{"t": 1776976208.525941, "events": [{"op": "set", "side": "bid", "price": 0.04, "size": 41.0}, {"op": "set", "side": "ask", "price": 0.92, "size": 804.0}]}
{"t": 1776976209.539958, "events": [{"op": "set", "side": "bid", "price": 0.02, "size": 26.0}, {"op": "set", "side": "ask", "price": 0.93, "size": 425.0}]}
{"t": 1776976213.5675368, "events": [{"op": "delete", "side": "bid", "price": 0.06}]}
{"t": 1776976214.569775, "events": [{"op": "delete", "side": "bid", "price": 0.04}]}
{"t": 1776976215.5757089, "events": [{"op": "set", "side": "bid", "price": 0.02, "size": 145.0}, {"op": "set", "side": "bid", "price": 0.01, "size": 12159.0}]}
{"t": 1776976218.6080482, "events": [{"op": "set", "side": "bid", "price": 0.03, "size": 185.0}, {"op": "set", "side": "bid", "price": 0.02, "size": 381.0}, {"op": "set", "side": "bid", "price": 0.01, "size": 12474.0}, {"op": "set", "side": "ask", "price": 0.91, "size": 1137.0}, {"op": "set", "side": "ask", "price": 0.92, "size": 600.0}, {"op": "set", "side": "ask", "price": 0.93, "size": 295.0}]}
{"t": 1776976219.616928, "events": [{"op": "set", "side": "bid", "price": 0.04, "size": 23.0}, {"op": "set", "side": "bid", "price": 0.02, "size": 355.0}]}
{"t": 1776976222.6332319, "events": [{"op": "set", "side": "bid", "price": 0.04, "size": 103.0}, {"op": "delete", "side": "bid", "price": 0.03}, {"op": "delete", "side": "bid", "price": 0.02}, {"op": "set", "side": "bid", "price": 0.01, "size": 12222.0}, {"op": "set", "side": "ask", "price": 0.9, "size": 9999.0}, {"op": "set", "side": "ask", "price": 0.91, "size": 997.0}, {"op": "delete", "side": "ask", "price": 0.92}, {"op": "set", "side": "ask", "price": 0.93, "size": 261.0}]}
{"t": 1776976223.6436858, "events": [{"op": "set", "side": "bid", "price": 0.04, "size": 99.0}, {"op": "set", "side": "bid", "price": 0.05, "size": 80.0}, {"op": "set", "side": "bid", "price": 0.02, "size": 26.0}, {"op": "set", "side": "bid", "price": 0.01, "size": 12201.0}, {"op": "set", "side": "ask", "price": 0.9, "size": 10202.0}, {"op": "set", "side": "ask", "price": 0.91, "size": 1134.0}, {"op": "set", "side": "ask", "price": 0.93, "size": 296.0}, {"op": "set", "side": "ask", "price": 0.92, "size": 598.0}]}
{"t": 1776976228.677294, "events": [{"op": "set", "side": "ask", "price": 0.92, "size": 618.0}]}
{"t": 1776976230.6889348, "events": [{"op": "delete", "side": "ask", "price": 0.34}, {"op": "set", "side": "ask", "price": 0.05, "size": 40.0}]}
{"t": 1776976238.714187, "events": [{"op": "delete", "side": "bid", "price": 0.02}]}
{"t": 1776976239.7258828, "events": [{"op": "set", "side": "bid", "price": 0.02, "size": 26.0}]}
{"t": 1776976253.8076642, "events": [{"op": "delete", "side": "bid", "price": 0.05}, {"op": "delete", "side": "bid", "price": 0.02}]}
{"t": 1776976254.822479, "events": [{"op": "delete", "side": "bid", "price": 0.04}, {"op": "set", "side": "bid", "price": 0.01, "size": 12159.0}, {"op": "set", "side": "bid", "price": 0.02, "size": 126.0}, {"op": "set", "side": "ask", "price": 0.91, "size": 997.0}]}
{"t": 1776976255.835129, "events": [{"op": "set", "side": "bid", "price": 0.02, "size": 203.0}, {"op": "set", "side": "bid", "price": 0.01, "size": 12229.0}, {"op": "set", "side": "ask", "price": 0.9, "size": 10199.0}, {"op": "set", "side": "ask", "price": 0.91, "size": 1135.0}, {"op": "set", "side": "ask", "price": 0.93, "size": 301.0}]}
{"t": 1776976259.875783, "events": [{"op": "set", "side": "bid", "price": 0.01, "size": 12159.0}, {"op": "set", "side": "ask", "price": 0.91, "size": 997.0}]}
{"t": 1776976260.885631, "events": [{"op": "set", "side": "bid", "price": 0.03, "size": 232.0}, {"op": "set", "side": "bid", "price": 0.02, "size": 430.0}, {"op": "set", "side": "bid", "price": 0.01, "size": 12542.0}, {"op": "set", "side": "ask", "price": 0.91, "size": 1136.0}, {"op": "set", "side": "ask", "price": 0.92, "size": 619.0}]}
{"t": 1776976261.898574, "events": [{"op": "set", "side": "bid", "price": 0.04, "size": 23.0}]}
{"t": 1776976276.0147579, "events": [{"op": "delete", "side": "bid", "price": 0.03}, {"op": "set", "side": "bid", "price": 0.02, "size": 100.0}, {"op": "set", "side": "bid", "price": 0.01, "size": 12226.0}, {"op": "set", "side": "ask", "price": 0.9, "size": 9999.0}, {"op": "set", "side": "ask", "price": 0.91, "size": 705.0}, {"op": "set", "side": "ask", "price": 0.92, "size": 140.0}, {"op": "set", "side": "ask", "price": 0.93, "size": 295.0}]}
{"t": 1776976277.039475, "events": [{"op": "set", "side": "bid", "price": 0.04, "size": 80.0}, {"op": "set", "side": "ask", "price": 0.93, "size": 260.0}, {"op": "set", "side": "ask", "price": 0.94, "size": 360.0}, {"op": "set", "side": "ask", "price": 0.95, "size": 160.0}]}
{"t": 1776976280.070851, "events": [{"op": "delete", "side": "bid", "price": 0.04}, {"op": "set", "side": "bid", "price": 0.01, "size": 12159.0}, {"op": "delete", "side": "ask", "price": 0.94}, {"op": "delete", "side": "ask", "price": 0.95}]}
{"t": 1776976281.087897, "events": [{"op": "set", "side": "bid", "price": 0.03, "size": 25.0}, {"op": "set", "side": "bid", "price": 0.02, "size": 236.0}, {"op": "set", "side": "bid", "price": 0.01, "size": 12470.0}, {"op": "set", "side": "ask", "price": 0.9, "size": 10195.0}, {"op": "set", "side": "ask", "price": 0.91, "size": 1130.0}, {"op": "set", "side": "ask", "price": 0.92, "size": 396.0}, {"op": "set", "side": "ask", "price": 0.93, "size": 155.0}]}
{"t": 1776976285.139929, "events": [{"op": "delete", "side": "bid", "price": 0.02}, {"op": "set", "side": "bid", "price": 0.01, "size": 12130.0}, {"op": "set", "side": "ask", "price": 0.9, "size": 9999.0}, {"op": "set", "side": "ask", "price": 0.91, "size": 705.0}, {"op": "set", "side": "ask", "price": 0.92, "size": 20.0}, {"op": "set", "side": "ask", "price": 0.93, "size": 35.0}]}
{"t": 1776976286.152321, "events": [{"op": "delete", "side": "bid", "price": 0.03}, {"op": "set", "side": "bid", "price": 0.02, "size": 126.0}]}
{"t": 1776976288.1785212, "events": [{"op": "set", "side": "bid", "price": 0.02, "size": 404.0}, {"op": "set", "side": "bid", "price": 0.01, "size": 12562.0}, {"op": "set", "side": "ask", "price": 0.9, "size": 10190.0}, {"op": "set", "side": "ask", "price": 0.91, "size": 1129.0}, {"op": "set", "side": "ask", "price": 0.92, "size": 401.0}, {"op": "set", "side": "ask", "price": 0.93, "size": 161.0}]}
{"t": 1776976301.276474, "events": [{"op": "set", "side": "bid", "price": 0.02, "size": 126.0}, {"op": "set", "side": "bid", "price": 0.01, "size": 12130.0}, {"op": "set", "side": "ask", "price": 0.9, "size": 9999.0}, {"op": "set", "side": "ask", "price": 0.91, "size": 705.0}, {"op": "set", "side": "ask", "price": 0.92, "size": 20.0}, {"op": "set", "side": "ask", "price": 0.93, "size": 35.0}]}
{"t": 1776976304.313708, "events": [{"op": "set", "side": "bid", "price": 0.02, "size": 401.0}, {"op": "set", "side": "bid", "price": 0.01, "size": 12560.0}, {"op": "set", "side": "ask", "price": 0.9, "size": 10191.0}, {"op": "set", "side": "ask", "price": 0.91, "size": 1131.0}, {"op": "set", "side": "ask", "price": 0.92, "size": 402.0}, {"op": "set", "side": "ask", "price": 0.93, "size": 161.0}]}
{"t": 1776976307.3653572, "events": [{"op": "set", "side": "bid", "price": 0.03, "size": 382.0}, {"op": "set", "side": "bid", "price": 0.02, "size": 498.0}, {"op": "set", "side": "bid", "price": 0.01, "size": 12554.0}, {"op": "set", "side": "ask", "price": 0.9, "size": 10193.0}, {"op": "set", "side": "ask", "price": 0.91, "size": 1134.0}, {"op": "set", "side": "ask", "price": 0.92, "size": 616.0}, {"op": "set", "side": "ask", "price": 0.93, "size": 314.0}]}
{"t": 1776976308.374354, "events": [{"op": "set", "side": "bid", "price": 0.04, "size": 23.0}, {"op": "set", "side": "bid", "price": 0.02, "size": 472.0}]}
{"t": 1776976323.4797351, "events": [{"op": "set", "side": "bid", "price": 0.03, "size": 71.0}, {"op": "delete", "side": "bid", "price": 0.02}, {"op": "set", "side": "bid", "price": 0.01, "size": 12170.0}, {"op": "set", "side": "ask", "price": 0.9, "size": 9999.0}, {"op": "set", "side": "ask", "price": 0.91, "size": 705.0}, {"op": "set", "side": "ask", "price": 0.92, "size": 136.0}, {"op": "set", "side": "ask", "price": 0.93, "size": 293.0}]}
{"t": 1776976324.50117, "events": [{"op": "set", "side": "bid", "price": 0.04, "size": 87.0}, {"op": "set", "side": "ask", "price": 0.94, "size": 358.0}, {"op": "set", "side": "ask", "price": 0.95, "size": 167.0}]}
{"t": 1776976325.519989, "events": [{"op": "set", "side": "bid", "price": 0.04, "size": 64.0}, {"op": "set", "side": "ask", "price": 0.93, "size": 258.0}]}
{"t": 1776976331.5557609, "events": [{"op": "set", "side": "ask", "price": 0.95, "size": 147.04}]}
{"t": 1776976332.56369, "events": [{"op": "delete", "side": "bid", "price": 0.04}, {"op": "delete", "side": "bid", "price": 0.03}, {"op": "set", "side": "ask", "price": 0.93, "size": 126.0}, {"op": "delete", "side": "ask", "price": 0.94}, {"op": "delete", "side": "ask", "price": 0.95}]}
{"t": 1776976333.587355, "events": [{"op": "set", "side": "bid", "price": 0.02, "size": 607.0}, {"op": "set", "side": "bid", "price": 0.01, "size": 13549.0}, {"op": "set", "side": "ask", "price": 0.9, "size": 10189.0}, {"op": "set", "side": "ask", "price": 0.91, "size": 1127.0}, {"op": "set", "side": "ask", "price": 0.92, "size": 401.0}, {"op": "set", "side": "ask", "price": 0.93, "size": 161.0}]}
{"t": 1776976334.603316, "events": [{"op": "set", "side": "ask", "price": 0.92, "size": 136.0}]}
{"t": 1776976335.619046, "events": [{"op": "set", "side": "bid", "price": 0.03, "size": 1.0}, {"op": "set", "side": "bid", "price": 0.02, "size": 382.0}, {"op": "set", "side": "bid", "price": 0.01, "size": 12696.0}, {"op": "set", "side": "ask", "price": 0.9, "size": 10000.0}, {"op": "set", "side": "ask", "price": 0.91, "size": 1038.0}]}
{"t": 1776976336.625223, "events": [{"op": "set", "side": "ask", "price": 0.92, "size": 509.0}, {"op": "set", "side": "ask", "price": 0.93, "size": 701.0}]}
{"t": 1776976339.6474261, "events": [{"op": "delete", "side": "bid", "price": 0.03}, {"op": "set", "side": "ask", "price": 0.92, "size": 136.0}]}
{"t": 1776976340.6580539, "events": [{"op": "set", "side": "bid", "price": 0.02, "size": 26.0}, {"op": "set", "side": "bid", "price": 0.01, "size": 12130.0}, {"op": "set", "side": "ask", "price": 0.9, "size": 9999.0}, {"op": "set", "side": "ask", "price": 0.91, "size": 705.0}, {"op": "set", "side": "ask", "price": 0.92, "size": 20.0}, {"op": "set", "side": "ask", "price": 0.93, "size": 35.0}]}
{"t": 1776976341.674314, "events": [{"op": "set", "side": "ask", "price": 0.92, "size": 396.0}]}
{"t": 1776976344.703347, "events": [{"op": "set", "side": "ask", "price": 0.92, "size": 20.0}]}
{"t": 1776976348.738213, "events": [{"op": "set", "side": "bid", "price": 0.01, "size": 12282.0}, {"op": "set", "side": "ask", "price": 0.9, "size": 10000.0}, {"op": "set", "side": "ask", "price": 0.91, "size": 1034.0}, {"op": "set", "side": "ask", "price": 0.92, "size": 494.0}, {"op": "set", "side": "ask", "price": 0.93, "size": 326.0}]}
{"t": 1776976349.756854, "events": [{"op": "set", "side": "ask", "price": 0.94, "size": 49.0}]}
{"t": 1776976351.775647, "events": [{"op": "set", "side": "bid", "price": 0.01, "size": 12130.0}, {"op": "set", "side": "ask", "price": 0.9, "size": 9999.0}, {"op": "set", "side": "ask", "price": 0.91, "size": 705.0}, {"op": "delete", "side": "ask", "price": 0.92}, {"op": "delete", "side": "ask", "price": 0.93}, {"op": "set", "side": "ask", "price": 0.94, "size": 20.0}]}
{"t": 1776976352.80179, "events": [{"op": "set", "side": "ask", "price": 0.92, "size": 37.0}]}
{"t": 1776976355.830212, "events": [{"op": "delete", "side": "ask", "price": 0.92}]}
{"t": 1776976356.839608, "events": [{"op": "set", "side": "bid", "price": 0.01, "size": 12276.0}, {"op": "set", "side": "ask", "price": 0.9, "size": 10000.0}, {"op": "set", "side": "ask", "price": 0.91, "size": 1035.0}, {"op": "set", "side": "ask", "price": 0.92, "size": 533.0}, {"op": "set", "side": "ask", "price": 0.93, "size": 326.0}]}
{"t": 1776976359.87871, "events": [{"op": "set", "side": "bid", "price": 0.01, "size": 12271.0}]}
{"t": 1776976360.895073, "events": [{"op": "set", "side": "ask", "price": 0.91, "size": 1038.0}, {"op": "set", "side": "ask", "price": 0.92, "size": 498.0}, {"op": "set", "side": "ask", "price": 0.93, "size": 666.0}]}
{"t": 1776976362.91397, "events": [{"op": "set", "side": "bid", "price": 0.01, "size": 12268.0}, {"op": "set", "side": "ask", "price": 0.92, "size": 496.0}, {"op": "set", "side": "ask", "price": 0.94, "size": 52.0}]}
{"t": 1776976363.930155, "events": [{"op": "set", "side": "ask", "price": 0.92, "size": 499.0}]}
{"t": 1776976390.085834, "events": [{"op": "set", "side": "bid", "price": 0.01, "size": 12266.0}]}
{"t": 1776976393.108543, "events": [{"op": "set", "side": "bid", "price": 0.01, "size": 12265.0}]}
{"t": 1776976425.340163, "events": [{"op": "set", "side": "bid", "price": 0.01, "size": 12130.0}, {"op": "set", "side": "ask", "price": 0.9, "size": 9999.0}, {"op": "set", "side": "ask", "price": 0.91, "size": 705.0}, {"op": "set", "side": "ask", "price": 0.92, "size": 37.0}, {"op": "delete", "side": "ask", "price": 0.93}, {"op": "set", "side": "ask", "price": 0.94, "size": 20.0}]}
{"t": 1776976428.364198, "events": [{"op": "set", "side": "bid", "price": 0.01, "size": 12265.0}, {"op": "set", "side": "ask", "price": 0.9, "size": 10000.0}, {"op": "set", "side": "ask", "price": 0.91, "size": 1037.0}, {"op": "set", "side": "ask", "price": 0.92, "size": 536.0}, {"op": "set", "side": "ask", "price": 0.93, "size": 326.0}]}
{"t": 1776976430.376935, "events": [{"op": "set", "side": "ask", "price": 0.92, "size": 499.0}]}
{"t": 1776976431.391558, "events": [{"op": "set", "side": "ask", "price": 0.91, "size": 1038.0}, {"op": "set", "side": "ask", "price": 0.93, "size": 666.0}, {"op": "set", "side": "ask", "price": 0.94, "size": 51.0}]}
{"t": 1776976465.66493, "events": [{"op": "set", "side": "bid", "price": 0.01, "size": 12130.0}, {"op": "set", "side": "ask", "price": 0.9, "size": 9999.0}, {"op": "set", "side": "ask", "price": 0.91, "size": 705.0}, {"op": "set", "side": "ask", "price": 0.92, "size": 37.0}, {"op": "delete", "side": "ask", "price": 0.93}, {"op": "set", "side": "ask", "price": 0.94, "size": 20.0}]}
{"t": 1776976467.6886039, "events": [{"op": "set", "side": "bid", "price": 0.01, "size": 12265.0}, {"op": "set", "side": "ask", "price": 0.9, "size": 10000.0}, {"op": "set", "side": "ask", "price": 0.91, "size": 1037.0}, {"op": "set", "side": "ask", "price": 0.92, "size": 536.0}, {"op": "set", "side": "ask", "price": 0.93, "size": 326.0}]}
{"t": 1776976470.713255, "events": [{"op": "set", "side": "ask", "price": 0.92, "size": 499.0}, {"op": "set", "side": "ask", "price": 0.94, "size": 51.0}]}
{"t": 1776976472.725442, "events": [{"op": "set", "side": "ask", "price": 0.91, "size": 1038.0}, {"op": "set", "side": "ask", "price": 0.93, "size": 666.0}]}
{"t": 1776976477.761339, "events": [{"op": "set", "side": "bid", "price": 0.01, "size": 12130.0}, {"op": "set", "side": "ask", "price": 0.9, "size": 9999.0}, {"op": "set", "side": "ask", "price": 0.91, "size": 705.0}, {"op": "delete", "side": "ask", "price": 0.92}, {"op": "delete", "side": "ask", "price": 0.93}, {"op": "set", "side": "ask", "price": 0.94, "size": 20.0}]}
{"t": 1776976478.778097, "events": [{"op": "set", "side": "ask", "price": 0.92, "size": 37.0}]}
{"t": 1776976479.7830348, "events": [{"op": "delete", "side": "ask", "price": 0.92}]}
{"t": 1776976480.793513, "events": [{"op": "set", "side": "bid", "price": 0.01, "size": 12265.0}, {"op": "set", "side": "ask", "price": 0.9, "size": 10000.0}, {"op": "set", "side": "ask", "price": 0.91, "size": 1037.0}, {"op": "set", "side": "ask", "price": 0.92, "size": 536.0}, {"op": "set", "side": "ask", "price": 0.93, "size": 326.0}]}
{"t": 1776976485.858399, "events": [{"op": "set", "side": "ask", "price": 0.91, "size": 1038.0}, {"op": "set", "side": "ask", "price": 0.92, "size": 499.0}, {"op": "set", "side": "ask", "price": 0.93, "size": 666.0}, {"op": "set", "side": "ask", "price": 0.94, "size": 50.0}]}
{"t": 1776976536.203557, "events": [{"op": "set", "side": "bid", "price": 0.01, "size": 12130.0}, {"op": "set", "side": "ask", "price": 0.9, "size": 9999.0}, {"op": "set", "side": "ask", "price": 0.91, "size": 705.0}, {"op": "set", "side": "ask", "price": 0.92, "size": 37.0}, {"op": "delete", "side": "ask", "price": 0.93}, {"op": "set", "side": "ask", "price": 0.94, "size": 20.0}]}
{"t": 1776976537.216504, "events": [{"op": "set", "side": "bid", "price": 0.01, "size": 12265.0}, {"op": "set", "side": "ask", "price": 0.9, "size": 10000.0}, {"op": "set", "side": "ask", "price": 0.91, "size": 1037.0}, {"op": "set", "side": "ask", "price": 0.92, "size": 536.0}, {"op": "set", "side": "ask", "price": 0.93, "size": 326.0}]}
{"t": 1776976540.237312, "events": [{"op": "set", "side": "ask", "price": 0.92, "size": 499.0}]}
{"t": 1776976541.245595, "events": [{"op": "set", "side": "ask", "price": 0.94, "size": 51.0}]}
{"t": 1776976544.27052, "events": [{"op": "set", "side": "ask", "price": 0.91, "size": 1038.0}, {"op": "set", "side": "ask", "price": 0.93, "size": 666.0}]}
{"t": 1776976560.430049, "events": [{"op": "set", "side": "bid", "price": 0.01, "size": 12264.0}]}
{"t": 1776976569.49947, "events": [{"op": "set", "side": "bid", "price": 0.01, "size": 12130.0}, {"op": "set", "side": "ask", "price": 0.9, "size": 9999.0}, {"op": "set", "side": "ask", "price": 0.91, "size": 705.0}, {"op": "delete", "side": "ask", "price": 0.92}, {"op": "delete", "side": "ask", "price": 0.93}, {"op": "set", "side": "ask", "price": 0.94, "size": 20.0}]}
{"t": 1776976570.521151, "events": [{"op": "set", "side": "ask", "price": 0.92, "size": 37.0}]}
{"t": 1776976572.538016, "events": [{"op": "set", "side": "bid", "price": 0.01, "size": 12264.0}, {"op": "set", "side": "ask", "price": 0.9, "size": 10000.0}, {"op": "set", "side": "ask", "price": 0.91, "size": 1037.0}, {"op": "set", "side": "ask", "price": 0.92, "size": 536.0}, {"op": "set", "side": "ask", "price": 0.93, "size": 326.0}]}
{"t": 1776976574.550605, "events": [{"op": "set", "side": "ask", "price": 0.91, "size": 1038.0}, {"op": "set", "side": "ask", "price": 0.93, "size": 666.0}]}
{"t": 1776976575.5694778, "events": [{"op": "set", "side": "ask", "price": 0.92, "size": 499.0}]}
{"t": 1776976576.575867, "events": [{"op": "set", "side": "ask", "price": 0.94, "size": 51.0}]}
{"t": 1776976627.946018, "events": [{"op": "set", "side": "bid", "price": 0.01, "size": 12130.0}, {"op": "set", "side": "ask", "price": 0.9, "size": 9999.0}, {"op": "set", "side": "ask", "price": 0.91, "size": 705.0}, {"op": "set", "side": "ask", "price": 0.92, "size": 37.0}, {"op": "delete", "side": "ask", "price": 0.93}, {"op": "set", "side": "ask", "price": 0.94, "size": 20.0}]}
{"t": 1776976632.999614, "events": [{"op": "set", "side": "bid", "price": 0.01, "size": 12264.0}, {"op": "set", "side": "ask", "price": 0.9, "size": 10000.0}, {"op": "set", "side": "ask", "price": 0.91, "size": 1037.0}, {"op": "set", "side": "ask", "price": 0.92, "size": 536.0}, {"op": "set", "side": "ask", "price": 0.93, "size": 326.0}]}
{"t": 1776976636.012798, "events": [{"op": "set", "side": "ask", "price": 0.92, "size": 499.0}, {"op": "set", "side": "ask", "price": 0.94, "size": 51.0}]}
{"t": 1776976637.021386, "events": [{"op": "set", "side": "ask", "price": 0.91, "size": 1038.0}, {"op": "set", "side": "ask", "price": 0.93, "size": 666.0}]}
{"t": 1776976694.6291242, "events": [{"op": "set", "side": "bid", "price": 0.01, "size": 12130.0}, {"op": "set", "side": "ask", "price": 0.9, "size": 9999.0}, {"op": "set", "side": "ask", "price": 0.91, "size": 705.0}, {"op": "set", "side": "ask", "price": 0.92, "size": 37.0}, {"op": "delete", "side": "ask", "price": 0.93}, {"op": "set", "side": "ask", "price": 0.94, "size": 20.0}]}
{"t": 1776976699.857614, "events": [{"op": "set", "side": "bid", "price": 0.01, "size": 12264.0}, {"op": "set", "side": "ask", "price": 0.9, "size": 10000.0}, {"op": "set", "side": "ask", "price": 0.91, "size": 1037.0}, {"op": "set", "side": "ask", "price": 0.92, "size": 536.0}, {"op": "set", "side": "ask", "price": 0.93, "size": 326.0}]}
{"t": 1776976702.870096, "events": [{"op": "set", "side": "ask", "price": 0.92, "size": 499.0}]}
{"t": 1776976703.879584, "events": [{"op": "set", "side": "ask", "price": 0.91, "size": 1038.0}, {"op": "set", "side": "ask", "price": 0.93, "size": 666.0}, {"op": "set", "side": "ask", "price": 0.94, "size": 51.0}]}
{"t": 1776976717.992575, "events": [{"op": "set", "side": "ask", "price": 0.91, "size": 1040.0}]}
{"t": 1776976724.061188, "events": [{"op": "set", "side": "ask", "price": 0.91, "size": 1038.0}]}
{"t": 1776976761.639429, "events": [{"op": "set", "side": "ask", "price": 0.89, "size": 300.0}]}
{"t": 1776976790.891396, "events": [{"op": "set", "side": "ask", "price": 0.92, "size": 500.0}]}
{"t": 1776976798.966105, "events": [{"op": "set", "side": "bid", "price": 0.01, "size": 12130.0}, {"op": "set", "side": "ask", "price": 0.9, "size": 9999.0}, {"op": "set", "side": "ask", "price": 0.91, "size": 705.0}, {"op": "delete", "side": "ask", "price": 0.92}, {"op": "delete", "side": "ask", "price": 0.93}]}
{"t": 1776976799.984837, "events": [{"op": "set", "side": "ask", "price": 0.94, "size": 20.0}, {"op": "set", "side": "ask", "price": 0.92, "size": 37.0}]}
{"t": 1776976802.004491, "events": [{"op": "delete", "side": "ask", "price": 0.92}, {"op": "set", "side": "ask", "price": 0.93, "size": 34.0}]}
{"t": 1776976804.039381, "events": [{"op": "set", "side": "bid", "price": 0.01, "size": 12264.0}, {"op": "set", "side": "ask", "price": 0.9, "size": 10000.0}, {"op": "set", "side": "ask", "price": 0.91, "size": 1038.0}, {"op": "set", "side": "ask", "price": 0.93, "size": 360.0}, {"op": "set", "side": "ask", "price": 0.92, "size": 499.0}]}
{"t": 1776976806.063827, "events": [{"op": "set", "side": "ask", "price": 0.93, "size": 326.0}]}
{"t": 1776976807.082735, "events": [{"op": "set", "side": "ask", "price": 0.94, "size": 51.0}]}
{"t": 1776976809.098349, "events": [{"op": "set", "side": "ask", "price": 0.92, "size": 500.0}, {"op": "set", "side": "ask", "price": 0.93, "size": 666.0}]}
{"t": 1776976811.119054, "events": [{"op": "set", "side": "ask", "price": 0.92, "size": 502.0}]}
{"t": 1776976823.281095, "events": [{"op": "set", "side": "bid", "price": 0.01, "size": 12130.0}, {"op": "set", "side": "ask", "price": 0.9, "size": 9999.0}, {"op": "set", "side": "ask", "price": 0.91, "size": 705.0}, {"op": "set", "side": "ask", "price": 0.92, "size": 39.0}, {"op": "delete", "side": "ask", "price": 0.93}, {"op": "set", "side": "ask", "price": 0.94, "size": 20.0}]}
{"t": 1776976826.322222, "events": [{"op": "set", "side": "bid", "price": 0.01, "size": 12264.0}, {"op": "set", "side": "ask", "price": 0.9, "size": 10000.0}, {"op": "set", "side": "ask", "price": 0.91, "size": 1038.0}, {"op": "set", "side": "ask", "price": 0.92, "size": 538.0}, {"op": "set", "side": "ask", "price": 0.93, "size": 326.0}]}
{"t": 1776976827.333923, "events": [{"op": "set", "side": "ask", "price": 0.92, "size": 536.0}]}
{"t": 1776976831.380969, "events": [{"op": "set", "side": "ask", "price": 0.92, "size": 500.0}, {"op": "set", "side": "ask", "price": 0.93, "size": 666.0}, {"op": "set", "side": "ask", "price": 0.94, "size": 51.0}]}
{"t": 1776976863.631295, "events": [{"op": "set", "side": "bid", "price": 0.01, "size": 12263.0}]}
{"t": 1776976873.730138, "events": [{"op": "set", "side": "bid", "price": 0.01, "size": 12130.0}, {"op": "set", "side": "ask", "price": 0.9, "size": 9999.0}, {"op": "set", "side": "ask", "price": 0.91, "size": 705.0}, {"op": "delete", "side": "ask", "price": 0.92}, {"op": "delete", "side": "ask", "price": 0.93}, {"op": "set", "side": "ask", "price": 0.94, "size": 20.0}]}
{"t": 1776976874.749619, "events": [{"op": "set", "side": "ask", "price": 0.92, "size": 37.0}]}
{"t": 1776976876.771445, "events": [{"op": "set", "side": "bid", "price": 0.01, "size": 12263.0}, {"op": "set", "side": "ask", "price": 0.9, "size": 10000.0}, {"op": "set", "side": "ask", "price": 0.91, "size": 1038.0}, {"op": "set", "side": "ask", "price": 0.92, "size": 536.0}, {"op": "set", "side": "ask", "price": 0.93, "size": 326.0}]}
{"t": 1776976880.821571, "events": [{"op": "set", "side": "ask", "price": 0.92, "size": 537.0}, {"op": "set", "side": "ask", "price": 0.93, "size": 666.0}]}
{"t": 1776976881.847991, "events": [{"op": "set", "side": "ask", "price": 0.92, "size": 500.0}, {"op": "set", "side": "ask", "price": 0.94, "size": 52.0}]}
{"t": 1776976970.939878, "events": [{"op": "set", "side": "ask", "price": 0.92, "size": 502.0}]}
{"t": 1776976976.001222, "events": [{"op": "set", "side": "ask", "price": 0.92, "size": 501.0}, {"op": "set", "side": "ask", "price": 0.93, "size": 326.0}]}
{"t": 1776977018.454496, "events": [{"op": "set", "side": "ask", "price": 0.94, "size": 32.0}]}
{"t": 1776977019.458981, "events": [{"op": "set", "side": "bid", "price": 0.01, "size": 12330.0}, {"op": "delete", "side": "ask", "price": 0.94}, {"op": "set", "side": "ask", "price": 0.95, "size": 20.0}]}
{"t": 1776977020.4724438, "events": [{"op": "set", "side": "ask", "price": 0.94, "size": 31.0}]}
{"t": 1776977022.481051, "events": [{"op": "set", "side": "bid", "price": 0.01, "size": 12329.0}]}
{"t": 1776977023.497673, "events": [{"op": "set", "side": "ask", "price": 0.92, "size": 502.0}]}
{"t": 1776977027.54447, "events": [{"op": "set", "side": "bid", "price": 0.01, "size": 12197.0}, {"op": "set", "side": "ask", "price": 0.9, "size": 9999.0}, {"op": "set", "side": "ask", "price": 0.91, "size": 705.0}, {"op": "set", "side": "ask", "price": 0.92, "size": 2.0}, {"op": "delete", "side": "ask", "price": 0.93}, {"op": "delete", "side": "ask", "price": 0.94}]}
{"t": 1776977028.556958, "events": [{"op": "set", "side": "ask", "price": 0.92, "size": 39.0}]}
{"t": 1776977031.587998, "events": [{"op": "set", "side": "bid", "price": 0.01, "size": 12329.0}, {"op": "set", "side": "ask", "price": 0.9, "size": 10000.0}, {"op": "set", "side": "ask", "price": 0.91, "size": 1038.0}, {"op": "set", "side": "ask", "price": 0.92, "size": 539.0}, {"op": "set", "side": "ask", "price": 0.93, "size": 327.0}]}
{"t": 1776977032.5981371, "events": [{"op": "set", "side": "ask", "price": 0.92, "size": 502.0}]}
{"t": 1776977033.6091561, "events": [{"op": "set", "side": "ask", "price": 0.94, "size": 31.0}]}
{"t": 1776977037.65825, "events": [{"op": "set", "side": "bid", "price": 0.01, "size": 12328.0}, {"op": "set", "side": "ask", "price": 0.93, "size": 326.0}]}
{"t": 1776977052.744798, "events": [{"op": "set", "side": "ask", "price": 0.9, "size": 9999.0}, {"op": "delete", "side": "ask", "price": 0.94}]}
{"t": 1776977053.757576, "events": [{"op": "set", "side": "ask", "price": 0.94, "size": 31.0}]}
{"t": 1776977057.7837021, "events": [{"op": "delete", "side": "ask", "price": 0.94}]}
{"t": 1776977058.819532, "events": [{"op": "set", "side": "ask", "price": 0.94, "size": 31.0}]}
{"t": 1776977061.843796, "events": [{"op": "set", "side": "ask", "price": 0.95, "size": 181.0}]}
{"t": 1776977062.857884, "events": [{"op": "delete", "side": "ask", "price": 0.94}]}
{"t": 1776977130.577865, "events": [{"op": "set", "side": "bid", "price": 0.01, "size": 12197.0}, {"op": "set", "side": "ask", "price": 0.91, "size": 705.0}, {"op": "set", "side": "ask", "price": 0.92, "size": 2.0}, {"op": "delete", "side": "ask", "price": 0.93}]}
{"t": 1776977132.614957, "events": [{"op": "set", "side": "ask", "price": 0.93, "size": 36.0}]}
{"t": 1776977137.645556, "events": [{"op": "delete", "side": "ask", "price": 0.93}]}
{"t": 1776977138.660905, "events": [{"op": "set", "side": "ask", "price": 0.93, "size": 36.0}]}
{"t": 1776977142.697314, "events": [{"op": "delete", "side": "ask", "price": 0.93}]}
{"t": 1776977143.710815, "events": [{"op": "set", "side": "ask", "price": 0.93, "size": 36.0}]}
{"t": 1776977147.77382, "events": [{"op": "set", "side": "ask", "price": 0.93, "size": 122.24}, {"op": "delete", "side": "ask", "price": 0.95}]}
{"t": 1776977162.883772, "events": [{"op": "set", "side": "bid", "price": 0.01, "size": 12217.0}]}
{"t": 1776977272.737962, "events": [{"op": "delete", "side": "bid", "price": 0.02}, {"op": "set", "side": "bid", "price": 0.03, "size": 18.0}]}
{"t": 1776977273.756143, "events": [{"op": "set", "side": "bid", "price": 0.02, "size": 26.0}]}
{"t": 1776977277.790047, "events": [{"op": "delete", "side": "bid", "price": 0.02}]}
{"t": 1776977278.801497, "events": [{"op": "set", "side": "bid", "price": 0.02, "size": 26.0}]}
{"t": 1776977282.825737, "events": [{"op": "delete", "side": "bid", "price": 0.02}]}
{"t": 1776977283.8374531, "events": [{"op": "delete", "side": "bid", "price": 0.03}, {"op": "set", "side": "bid", "price": 0.02, "size": 26.0}]}
{"t": 1776977284.8543308, "events": [{"op": "set", "side": "bid", "price": 0.03, "size": 18.0}]}
{"t": 1776977287.8663838, "events": [{"op": "delete", "side": "bid", "price": 0.02}]}
{"t": 1776977288.873503, "events": [{"op": "set", "side": "bid", "price": 0.02, "size": 26.0}]}
{"t": 1776977302.961094, "events": [{"op": "delete", "side": "bid", "price": 0.02}]}
{"t": 1776977303.9781928, "events": [{"op": "set", "side": "bid", "price": 0.02, "size": 26.0}]}
{"t": 1776977308.005868, "events": [{"op": "delete", "side": "bid", "price": 0.02}]}
{"t": 1776977309.012993, "events": [{"op": "set", "side": "bid", "price": 0.02, "size": 26.0}]}
{"t": 1776977318.0772748, "events": [{"op": "delete", "side": "bid", "price": 0.02}]}
{"t": 1776977319.093371, "events": [{"op": "set", "side": "bid", "price": 0.02, "size": 26.0}]}
{"t": 1776977323.1296482, "events": [{"op": "delete", "side": "bid", "price": 0.02}]}
{"t": 1776977324.143703, "events": [{"op": "set", "side": "bid", "price": 0.02, "size": 26.0}]}
{"t": 1776977333.203201, "events": [{"op": "delete", "side": "bid", "price": 0.02}]}
{"t": 1776977334.2134001, "events": [{"op": "set", "side": "bid", "price": 0.02, "size": 26.0}]}
{"t": 1776977372.4514198, "events": [{"op": "set", "side": "ask", "price": 0.91, "size": 685.0}, {"op": "set", "side": "ask", "price": 0.07, "size": 38.0}]}
{"t":1776978859.757362,"e":[[1,0,0.02,213.0],[1,0,0.01,12250.0],[1,1,0.91,935.0],[1,1,0.93,496.24],[1,1,0.94,749.0]]}
{"t":1776978860.778573,"e":[[1,1,0.93,462.24]]}
{"t":1776978862.78689,"e":[[1,0,0.02,212.0],[1,1,0.91,686.0],[1,1,0.92,377.0],[1,1,0.93,336.24],[1,1,0.94,499.0]]}
{"t":1776978869.856717,"e":[[1,0,0.02,26.0],[1,0,0.01,12244.0],[1,1,0.91,685.0],[1,1,0.92,2.0],[1,1,0.93,121.24000000000001],[0,1,0.94]]}
{"t":1776978872.894586,"e":[[1,0,0.02,210.0],[1,0,0.01,12250.0],[1,1,0.91,935.0],[1,1,0.93,497.24],[1,1,0.94,749.0]]}
{"t":1776978873.903151,"e":[[1,1,0.93,462.24]]}
{"t":1776978880.958843,"e":[[1,0,0.02,208.0],[1,1,0.91,686.0],[1,1,0.93,336.24],[1,1,0.94,499.0]]}
{"t":1776978881.977016,"e":[[1,1,0.92,377.0]]}
{"t":1776978892.061598,"e":[[1,0,0.02,206.0],[1,1,0.91,685.0],[1,1,0.92,2.0],[1,1,0.93,211.24],[1,1,0.94,281.0],[1,1,0.95,374.0]]}
{"t":1776978894.083298,"e":[[1,0,0.02,210.0],[1,1,0.94,250.0]]}
{"t":1776978901.116956,"e":[[1,0,0.02,206.0],[0,1,0.95]]}
{"t":1776978902.12876,"e":[[1,0,0.02,204.0],[1,1,0.94,281.0]]}
{"t":1776978903.141529,"e":[[1,1,0.91,686.0],[1,1,0.92,377.0],[1,1,0.93,336.24],[1,1,0.94,530.0]]}
{"t":1776978906.199552,"e":[[1,1,0.91,685.0],[1,1,0.92,2.0],[1,1,0.93,86.24000000000001],[1,1,0.94,156.0]]}
{"t":1776978907.2094898,"e":[[1,0,0.02,208.0],[1,1,0.94,125.0],[1,1,0.95,624.0]]}
{"t":1776978909.223537,"e":[[1,0,0.02,26.0],[1,0,0.01,12244.0],[1,1,0.94,30.0],[0,1,0.95]]}
{"t":1776978910.24915,"e":[[1,0,0.05,100.0],[1,1,0.91,935.0],[1,1,0.93,462.24],[1,1,0.94,654.0]]}
{"t":1776978911.2565901,"e":[[0,0,0.02],[1,1,0.91,686.0],[1,1,0.93,461.24],[1,1,0.94,280.0]]}
{"t":1776978912.262826,"e":[[1,0,0.04,256.0],[1,0,0.02,26.0],[1,0,0.01,12337.0]]}
{"t":1776978916.3533041,"e":[[1,1,0.94,779.0]]}
{"t":1776978919.371219,"e":[[1,0,0.02,25.0]]}
{"t":1776978924.409956,"e":[[1,0,0.01,12244.0],[1,0,0.04,254.0],[1,0,0.02,119.0]]}
{"t":1776978929.4566789,"e":[[1,0,0.03,24.0],[1,0,0.02,93.0],[1,1,0.94,280.0]]}
{"t":1776978930.468961,"e":[[1,0,0.04,253.0],[1,1,0.94,779.0]]}
{"t":1776978933.487251,"e":[[1,0,0.03,93.0],[1,0,0.04,249.0],[0,0,0.02],[1,1,0.91,935.0],[1,1,0.93,496.24],[1,1,0.94,749.0]]}
{"t":1776978934.500247,"e":[[1,0,0.02,25.0]]}
{"t":1776978936.5240052,"e":[[0,0,0.03]]}
{"t":1776978937.528013,"e":[[1,0,0.04,248.0],[1,0,0.02,118.0],[1,1,0.91,686.0],[1,1,0.92,377.0],[1,1,0.93,370.24],[1,1,0.94,499.0]]}
{"t":1776978939.546706,"e":[[1,0,0.03,24.0],[0,0,0.02],[1,1,0.91,685.0],[1,1,0.92,2.0],[1,1,0.93,336.24],[1,1,0.94,531.0]]}
{"t":1776978940.554606,"e":[[1,0,0.01,12337.0],[1,0,0.04,247.0],[1,1,0.93,211.24],[1,1,0.94,656.0]]}
{"t":1776978941.6031182,"e":[[1,0,0.01,12223.0]]}
{"t":1776978942.8010938,"e":[[1,0,0.03,29.0],[1,0,0.01,12130.0],[1,1,0.94,282.0]]}
{"t":1776978943.870709,"e":[[1,0,0.03,98.0],[1,0,0.04,251.0],[1,0,0.02,26.0],[1,1,0.94,656.0]]}
{"t":1776978944.886556,"e":[[1,1,0.94,282.0]]}
{"t":1776978945.9015749,"e":[[1,1,0.94,656.0]]}
{"t":1776978948.94264,"e":[[0,0,0.02]]}
{"t":1776978949.955148,"e":[[1,0,0.02,26.0]]}
{"t":1776978960.003504,"e":[[1,0,0.04,248.0]]}
{"t":1776978964.042811,"e":[[1,0,0.04,247.0],[1,1,0.92,18.0]]}
{"t":1776978975.102098,"e":[[1,0,0.04,246.0],[1,1,0.94,282.0]]}
{"t":1776978976.111923,"e":[[1,1,0.94,656.0]]}
{"t":1776978979.146398,"e":[[1,0,0.03,5.0],[1,0,0.04,5.0],[0,0,0.02],[1,1,0.93,86.24000000000001],[1,1,0.94,32.0]]}
{"t":1776978980.1624022,"e":[[1,0,0.04,28.0],[1,0,0.02,16.0],[1,1,0.93,120.24000000000001],[0,1,0.94]]}
{"t":1776978983.1908631,"e":[[1,0,0.03,98.0],[1,0,0.04,264.0],[1,1,0.91,935.0],[1,1,0.93,496.24],[1,1,0.94,749.0]]}
{"t":1776978984.203895,"e":[[1,0,0.03,122.0],[1,0,0.04,241.0],[1,1,0.93,462.24],[1,1,0.94,781.0]]}
{"t":1776978987.2190342,"e":[[1,1,0.91,686.0],[1,1,0.93,461.24],[1,1,0.94,282.0]]}
{"t":1776978988.237164,"e":[[1,0,0.04,244.0],[1,1,0.94,781.0]]}
{"t":1776978995.287495,"e":[[1,0,0.04,242.0],[1,1,0.94,282.0]]}
{"t":1776978996.2944121,"e":[[1,0,0.03,117.0],[1,1,0.94,781.0]]}
{"t":1776978997.310787,"e":[[1,0,0.01,12244.0]]}
{"t":1776978998.314678,"e":[[1,1,0.94,282.0]]}
{"t":1776978999.3208299,"e":[[1,1,0.94,781.0]]}
{"t":1776979001.330666,"e":[[1,0,0.04,241.0],[1,1,0.94,282.0]]}
{"t":1776979002.34357,"e":[[1,1,0.94,781.0]]}
{"t":1776979005.3668659,"e":[[1,1,0.94,282.0]]}
{"t":1776979006.375099,"e":[[1,0,0.03,24.0],[1,0,0.04,5.0],[1,1,0.91,685.0],[1,1,0.93,86.24000000000001],[0,1,0.94]]}
{"t":1776979007.3899689,"e":[[1,1,0.93,120.24000000000001]]}
{"t":1776979008.3985898,"e":[[0,0,0.03]]}
{"t":1776979009.408774,"e":[[1,0,0.03,25.0],[1,0,0.04,236.0],[1,0,0.02,109.0],[1,1,0.91,935.0],[1,1,0.93,496.24],[1,1,0.94,749.0]]}
{"t":1776979010.423535,"e":[[1,1,0.93,462.24],[1,1,0.94,781.0]]}
{"t":1776979012.437783,"e":[[1,0,0.03,118.0],[1,0,0.04,240.0],[1,0,0.02,16.0],[1,1,0.91,686.0],[1,1,0.93,461.24],[1,1,0.94,282.0]]}
{"t":1776979014.457608,"e":[[1,0,0.03,93.0],[1,0,0.04,262.0]]}
{"t":1776979015.468698,"e":[[1,1,0.94,781.0]]}
{"t":1776979016.473633,"e":[[0,0,0.03],[1,0,0.02,109.0]]}
{"t":1776979019.489304,"e":[[1,0,0.03,24.0],[1,0,0.04,239.0]]}
{"t":1776979021.503144,"e":[[1,0,0.04,5.0],[1,0,0.02,16.0],[1,1,0.91,685.0],[1,1,0.93,120.24000000000001],[0,1,0.94]]}
{"t":1776979024.5338361,"e":[[1,0,0.03,25.0]]}
{"t":1776979025.549849,"e":[[1,0,0.03,118.0],[1,0,0.04,234.0],[1,1,0.91,935.0],[1,1,0.93,462.24],[1,1,0.94,781.0]]}
{"t":1776979028.569408,"e":[[1,0,0.03,93.0]]}
{"t":1776979029.587926,"e":[[1,0,0.03,24.0]]}
{"t":1776979030.603501,"e":[[1,0,0.04,237.0],[1,0,0.02,109.0],[1,1,0.91,686.0],[1,1,0.93,461.24]]}
{"t":1776979031.612365,"e":[[1,0,0.04,232.0]]}
{"t":1776979032.6179898,"e":[[0,0,0.04],[1,1,0.94,282.0]]}
{"t":1776979033.631568,"e":[[1,0,0.03,231.0],[1,1,0.94,781.0]]}
{"t":1776979039.688419,"e":[[1,0,0.03,24.0],[1,1,0.94,282.0]]}
{"t":1776979040.7005498,"e":[[1,0,0.01,12337.0],[1,0,0.02,246.0],[1,1,0.94,781.0]]}
{"t":1776979041.708986,"e":[[1,0,0.01,12244.0],[1,0,0.02,109.0],[1,1,0.94,282.0]]}
{"t":1776979042.716481,"e":[[1,0,0.03,254.0],[1,1,0.94,781.0]]}
{"t":1776979043.7256699,"e":[[1,0,0.03,230.0]]}
{"t":1776979046.756191,"e":[[0,0,0.03],[1,1,0.94,282.0]]}
{"t":1776979047.772817,"e":[[1,0,0.03,24.0],[1,0,0.02,245.0],[1,0,0.01,12337.0],[1,1,0.94,781.0]]}
{"t":1776979048.783055,"e":[[0,0,0.03],[1,0,0.02,109.0],[1,0,0.01,12244.0],[1,1,0.94,282.0]]}
{"t":1776979049.796087,"e":[[1,0,0.03,253.0],[1,1,0.94,781.0]]}
{"t":1776979050.810624,"e":[[1,1,0.94,282.0]]}
{"t":1776979051.816988,"e":[[1,1,0.94,781.0]]}
{"t":1776979053.8394592,"e":[[1,0,0.03,229.0],[1,0,0.01,12130.0]]}
{"t":1776979054.852349,"e":[[1,0,0.03,234.0]]}
{"t":1776979063.923606,"e":[[1,0,0.03,232.0],[1,0,0.04,22.0],[1,1,0.94,282.0]]}
{"t":1776979064.9312482,"e":[[1,1,0.94,781.0]]}
{"t":1776979066.949738,"e":[[1,0,0.02,16.0],[1,1,0.94,282.0]]}
{"t":1776979067.955457,"e":[[1,0,0.03,98.0],[1,0,0.04,248.0],[1,1,0.94,781.0]]}
{"t":1776979068.960734,"e":[[1,0,0.03,122.0],[1,0,0.04,226.0],[1,1,0.94,282.0]]}
{"t":1776979069.968309,"e":[[1,1,0.94,781.0]]}
{"t":1776979073.985497,"e":[[1,0,0.03,98.0]]}
{"t":1776979074.997067,"e":[[1,0,0.03,122.0],[0,0,0.04],[1,1,0.94,282.0]]}
{"t":1776979076.0149,"e":[[1,0,0.03,254.0],[1,0,0.02,109.0],[1,1,0.94,781.0]]}
{"t":1776979077.01964,"e":[[1,1,0.94,282.0]]}
{"t":1776979078.0877068,"e":[[1,1,0.94,781.0]]}
{"t":1776979079.104359,"e":[[1,0,0.03,230.0],[1,1,0.94,282.0]]}
{"t":1776979080.118677,"e":[[1,0,0.03,229.0],[1,0,0.04,22.0],[1,1,0.94,781.0]]}
{"t":1776979081.134896,"e":[[1,0,0.03,5.0],[1,0,0.02,16.0],[1,1,0.91,685.0],[1,1,0.93,86.24000000000001],[1,1,0.94,32.0]]}
{"t":1776979082.147449,"e":[[1,0,0.04,246.0],[0,0,0.02],[1,1,0.92,2.0],[1,1,0.93,119.24000000000001],[0,1,0.94]]}
{"t":1776979083.1631098,"e":[[1,1,0.94,499.0]]}
{"t":1776979084.171616,"e":[[1,0,0.03,98.0],[1,0,0.04,220.0],[1,0,0.02,25.0],[1,1,0.91,935.0],[1,1,0.93,462.24],[1,1,0.94,781.0]]}
{"t":1776979087.206999,"e":[[0,0,0.04],[1,1,0.91,686.0],[1,1,0.93,461.24],[1,1,0.94,282.0]]}
{"t":1776979088.2138398,"e":[[1,0,0.03,228.0],[1,0,0.02,118.0],[1,1,0.94,781.0]]}
{"t":1776979089.221153,"e":[[1,0,0.02,93.0]]}
{"t":1776979094.259354,"e":[[1,0,0.03,223.0]]}
{"t":1776979096.274104,"e":[[0,0,0.03],[0,0,0.02],[1,1,0.94,282.0]]}
{"t":1776979097.281425,"e":[[1,0,0.02,26.0],[1,0,0.01,12438.0],[1,1,0.94,781.0]]}
{"t":1776979099.301047,"e":[[0,0,0.02]]}
{"t":1776979102.3232388,"e":[[1,0,0.01,12130.0],[1,1,0.91,685.0],[1,1,0.93,86.24000000000001],[1,1,0.94,32.0]]}
{"t":1776979103.338912,"e":[[1,0,0.02,26.0],[1,1,0.93,120.24000000000001],[0,1,0.94]]}
{"t":1776979107.379297,"e":[[1,0,0.02,243.0],[1,0,0.01,12223.0],[1,1,0.91,935.0],[1,1,0.93,462.24],[1,1,0.94,749.0]]}
{"t":1776979109.390201,"e":[[1,0,0.02,217.0]]}
{"t":1776979111.404879,"e":[[1,0,0.02,26.0],[1,0,0.01,12130.0],[1,1,0.91,685.0],[1,1,0.93,120.24000000000001],[0,1,0.94]]}
{"t":1776979114.437589,"e":[[1,0,0.02,216.0],[1,0,0.01,12223.0],[1,1,0.91,935.0],[1,1,0.93,462.24],[1,1,0.94,749.0]]}
{"t":1776979115.4443111,"e":[[1,0,0.02,231.0]]}
{"t":1776979118.460242,"e":[[1,0,0.03,24.0],[1,0,0.02,230.0],[1,1,0.91,686.0],[1,1,0.92,377.0],[1,1,0.93,336.24],[1,1,0.94,531.0]]}
{"t":1776979128.537746,"e":[[0,0,0.03]]}
{"t":1776979129.54734,"e":[[1,0,0.03,24.0]]}
{"t":1776979130.556236,"e":[[1,0,0.01,12130.0],[1,0,0.02,15.0],[1,1,0.91,685.0],[1,1,0.92,2.0],[1,1,0.93,120.24000000000001],[0,1,0.94]]}
{"t":1776979133.575329,"e":[[1,0,0.03,237.0],[1,0,0.02,108.0],[1,1,0.91,935.0],[1,1,0.93,496.24],[1,1,0.94,749.0]]}
{"t":1776979134.59286,"e":[[1,0,0.03,213.0],[1,1,0.93,462.24]]}
{"t":1776979135.5978959,"e":[[1,0,0.03,25.0],[1,0,0.02,15.0],[1,1,0.91,685.0],[1,1,0.93,120.24000000000001],[0,1,0.94]]}
{"t":1776979138.624363,"e":[[1,0,0.03,213.0],[1,0,0.02,108.0],[1,1,0.91,935.0],[1,1,0.93,462.24],[1,1,0.94,749.0]]}
{"t":1776979147.682015,"e":[[0,0,0.03],[1,0,0.02,227.0],[1,0,0.01,12223.0],[1,1,0.91,686.0],[1,1,0.92,377.0],[1,1,0.93,336.24],[1,1,0.94,499.0]]}
{"t":1776979148.6882508,"e":[[1,1,0.94,531.0]]}
{"t":1776979149.697856,"e":[[1,0,0.03,24.0]]}
{"t":1776979150.7065759,"e":[[1,0,0.01,12130.0],[1,0,0.02,108.0],[1,1,0.91,685.0],[1,1,0.92,2.0],[1,1,0.93,86.24000000000001],[1,1,0.94,157.0]]}
{"t":1776979151.711597,"e":[[1,0,0.03,238.0],[1,1,0.94,749.0]]}
{"t":1776979152.716915,"e":[[1,1,0.94,781.0]]}
{"t":1776979153.7202702,"e":[[1,0,0.03,214.0],[1,0,0.02,93.0]]}
{"t":1776979154.725871,"e":[[1,0,0.03,238.0],[1,0,0.01,12235.0]]}
{"t":1776979158.738472,"e":[[1,0,0.03,214.0]]}
{"t":1776979159.749865,"e":[[1,0,0.03,238.0]]}
{"t":1776979162.765724,"e":[[1,0,0.03,24.0],[0,0,0.02],[0,1,0.94]]}
{"t":1776979163.793617,"e":[[0,0,0.03],[1,1,0.93,120.24000000000001]]}
{"t":1776979164.808703,"e":[[1,0,0.02,26.0]]}
{"t":1776979166.8385139,"e":[[1,0,0.02,235.0],[1,0,0.01,12328.0],[1,1,0.91,935.0],[1,1,0.93,462.24],[1,1,0.94,749.0]]}
{"t":1776979168.883063,"e":[[0,0,0.02]]}
{"t":1776979169.900068,"e":[[1,0,0.02,26.0],[1,0,0.01,12530.0],[1,1,0.91,686.0],[1,1,0.92,377.0],[1,1,0.93,336.24],[1,1,0.94,531.0]]}
{"t":1776979171.93222,"e":[[1,0,0.02,237.0],[1,0,0.01,12328.0],[1,1,0.91,685.0],[1,1,0.92,2.0],[1,1,0.93,86.24000000000001],[1,1,0.94,781.0]]}
{"t":1776979173.9502,"e":[[1,0,0.02,211.0]]}
{"t":1776979174.9592881,"e":[[1,0,0.03,24.0]]}
{"t":1776979189.069438,"e":[[0,0,0.03]]}
{"t":1776979190.0817358,"e":[[1,0,0.03,24.0]]}
{"t":1776979192.094267,"e":[[0,0,0.02],[1,1,0.94,282.0]]}
{"t":1776979193.106602,"e":[[1,0,0.03,233.0],[1,1,0.91,686.0],[1,1,0.93,461.24],[1,1,0.94,781.0]]}
{"t":1776979194.1217432,"e":[[1,0,0.03,209.0]]}
{"t":1776979208.261129,"e":[[0,0,0.03],[1,0,0.02,26.0],[1,0,0.01,12235.0],[1,1,0.91,685.0],[1,1,0.93,86.24000000000001],[0,1,0.94]]}
{"t":1776979209.2903218,"e":[[1,1,0.93,120.24000000000001]]}
{"t":1776979210.3045912,"e":[[1,0,0.01,12525.0],[1,1,0.91,935.0],[1,1,0.93,496.24],[1,1,0.94,749.0]]}
{"t":1776979212.337474,"e":[[1,0,0.01,12420.0]]}
{"t":1776979213.3565571,"e":[[1,0,0.03,5.0],[1,0,0.02,229.0],[1,0,0.01,12223.0],[1,1,0.91,686.0],[1,1,0.92,377.0],[1,1,0.93,370.24],[1,1,0.94,499.0]]}
{"t":1776979214.370697,"e":[[1,0,0.03,29.0],[1,0,0.02,203.0],[1,1,0.93,336.24],[1,1,0.94,531.0]]}
{"t":1776979215.387918,"e":[[1,0,0.03,232.0],[0,0,0.02],[1,1,0.91,685.0],[1,1,0.92,2.0],[1,1,0.93,211.24],[1,1,0.94,656.0]]}
{"t":1776979217.412131,"e":[[1,1,0.94,282.0]]}
{"t":1776979218.4224992,"e":[[1,0,0.03,234.0],[1,1,0.94,657.0]]}
{"t":1776979219.4379961,"e":[[1,0,0.03,210.0],[1,0,0.02,26.0]]}
{"t":1776979223.484946,"e":[[1,0,0.01,12130.0],[1,1,0.94,282.0]]}
{"t":1776979224.5004532,"e":[[1,0,0.04,22.0],[1,0,0.02,93.0],[1,1,0.93,461.24],[1,1,0.94,781.0]]}
{"t":1776979229.535329,"e":[[0,0,0.04]]}
{"t":1776979233.564033,"e":[[1,0,0.03,205.0]]}
{"t":1776979234.5730119,"e":[[0,0,0.03],[1,0,0.02,26.0],[1,0,0.01,12524.0],[1,1,0.94,282.0]]}
{"t":1776979235.5862029,"e":[[1,1,0.94,781.0]]}
{"t":1776979238.613157,"e":[[0,0,0.02]]}
{"t":1776979244.683896,"e":[[1,0,0.02,26.0],[1,0,0.01,12523.0],[1,1,0.94,282.0]]}
{"t":1776979245.703907,"e":[[1,1,0.94,781.0]]}
{"t":1776979248.733121,"e":[[0,0,0.02]]}
{"t":1776979250.753281,"e":[[1,0,0.02,26.0],[1,0,0.01,12234.0],[1,1,0.93,120.24000000000001],[0,1,0.94]]}
{"t":1776979251.799284,"e":[[1,0,0.01,12522.0],[1,1,0.91,935.0],[1,1,0.94,375.0]]}
{"t":1776979252.8169029,"e":[[1,1,0.94,1124.0]]}
{"t":1776979253.834037,"e":[[0,0,0.02],[1,1,0.93,86.24000000000001]]}
{"t":1776979256.887512,"e":[[1,0,0.02,25.0],[1,0,0.01,12519.0],[1,1,0.93,461.24],[1,1,0.94,781.0]]}
{"t":1776979258.914689,"e":[[0,0,0.02]]}
{"t":1776979260.946314,"e":[[1,0,0.02,26.0],[1,1,0.91,685.0],[1,1,0.94,407.0]]}
{"t":1776979261.959753,"e":[[1,0,0.01,12521.0],[1,1,0.94,781.0]]}
{"t":1776979262.975913,"e":[[1,0,0.01,12519.0],[1,1,0.94,282.0]]}
{"t":1776979263.983315,"e":[[1,0,0.02,200.0],[1,0,0.01,12327.0],[1,1,0.94,781.0]]}
{"t":1776979277.085877,"e":[[0,0,0.02],[1,0,0.01,12519.0],[1,1,0.94,282.0]]}
{"t":1776979278.1032362,"e":[[1,0,0.02,26.0],[1,1,0.94,781.0]]}
{"t":1776979279.118171,"e":[[0,0,0.02]]}
{"t":1776979286.150522,"e":[[1,0,0.02,26.0],[1,0,0.01,12234.0],[1,1,0.93,120.24000000000001],[0,1,0.94]]}
{"t":1776979287.159824,"e":[[1,0,0.02,220.0],[1,0,0.01,12327.0],[1,1,0.91,935.0],[1,1,0.93,495.24],[1,1,0.94,749.0]]}
{"t":1776979289.188255,"e":[[1,0,0.02,194.0],[1,1,0.93,461.24]]}
{"t":1776979297.236424,"e":[[0,0,0.02],[1,1,0.91,685.0],[1,1,0.93,336.24],[1,1,0.94,499.0]]}
{"t":1776979298.2418702,"e":[[1,0,0.02,26.0],[1,0,0.01,12514.0],[1,1,0.92,377.0],[1,1,0.94,531.0]]}
{"t":1776979305.292248,"e":[[1,0,0.01,12327.0],[1,1,0.92,2.0],[1,1,0.93,86.24000000000001],[1,1,0.94,157.0]]}
{"t":1776979306.3138518,"e":[[1,0,0.01,12516.0]]}
{"t":1776979307.324513,"e":[[1,1,0.94,782.0]]}
{"t":1776979308.3388212,"e":[[1,0,0.01,12327.0],[1,1,0.94,407.0]]}
{"t":1776979309.357186,"e":[[1,0,0.02,195.0],[1,1,0.91,935.0]]}
{"t":1776979310.3758469,"e":[[1,0,0.03,24.0],[1,1,0.94,1156.0]]}
{"t":1776979311.392843,"e":[[1,0,0.01,12223.0]]}
{"t":1776979312.400474,"e":[[1,0,0.03,31.0]]}
{"t":1776979314.407458,"e":[[1,0,0.03,7.0]]}
{"t":1776979317.421278,"e":[[0,0,0.02],[1,1,0.94,407.0]]}
{"t":1776979318.4339468,"e":[[1,0,0.03,200.0],[1,0,0.04,22.0],[1,1,0.94,1156.0]]}
{"t":1776979319.449306,"e":[[0,0,0.04],[1,1,0.94,407.0]]}
{"t":1776979320.462201,"e":[[1,0,0.04,22.0],[1,1,0.94,1156.0]]}
{"t":1776979322.47595,"e":[[1,0,0.03,7.0],[1,0,0.01,12130.0],[1,1,0.91,685.0],[1,1,0.94,32.0]]}
{"t":1776979323.49665,"e":[[1,1,0.93,120.24000000000001],[0,1,0.94]]}
{"t":1776979324.505394,"e":[[1,0,0.04,23.0]]}
{"t":1776979326.529491,"e":[[0,0,0.03]]}
{"t":1776979327.535894,"e":[[1,0,0.01,12235.0]]}
{"t":1776979328.557861,"e":[[1,0,0.04,213.0],[1,0,0.01,12328.0],[1,1,0.91,935.0],[1,1,0.93,461.24],[1,1,0.94,781.0]]}
{"t":1776979329.566271,"e":[[1,0,0.04,190.0],[1,0,0.02,25.0]]}
{"t":1776979333.597672,"e":[[0,0,0.04],[0,0,0.02],[1,1,0.91,685.0]]}
{"t":1776979334.6102242,"e":[[1,0,0.03,24.0],[1,0,0.02,192.0]]}
{"t":1776979336.631683,"e":[[0,0,0.02],[1,1,0.94,282.0]]}
{"t":1776979337.6378639,"e":[[1,0,0.03,215.0],[1,1,0.94,781.0]]}
{"t":1776979338.647239,"e":[[1,0,0.03,191.0]]}
{"t":1776979341.685932,"e":[[0,0,0.03],[1,0,0.02,26.0],[1,0,0.01,12513.0],[1,1,0.94,282.0]]}
{"t":1776979342.6955898,"e":[[1,1,0.94,781.0]]}
{"t":1776979344.71202,"e":[[0,0,0.02]]}
{"t":1776979355.772204,"e":[[1,0,0.02,26.0],[1,0,0.01,12512.0],[1,1,0.94,282.0]]}
{"t":1776979356.792733,"e":[[1,1,0.94,781.0]]}
{"t":1776979357.799739,"e":[[1,0,0.01,12235.0],[1,1,0.93,120.24000000000001],[0,1,0.94]]}
{"t":1776979358.815964,"e":[[1,0,0.02,187.0],[1,0,0.01,12328.0],[1,1,0.91,935.0],[1,1,0.93,461.24],[1,1,0.94,749.0]]}
{"t":1776979360.8311691,"e":[[1,0,0.02,26.0],[1,0,0.01,12509.0],[1,1,0.91,685.0],[1,1,0.92,377.0],[1,1,0.93,336.24],[1,1,0.94,531.0]]}
{"t":1776979363.856852,"e":[[0,0,0.02]]}
{"t":1776979364.873816,"e":[[1,0,0.02,26.0]]}
{"t":1776979368.940614,"e":[[0,0,0.02]]}
{"t":1776979369.955647,"e":[[1,0,0.02,26.0]]}
{"t":1776979373.992595,"e":[[0,0,0.02],[1,0,0.01,12130.0],[1,1,0.92,2.0],[1,1,0.93,120.24000000000001],[0,1,0.94]]}
{"t":1776979375.017025,"e":[[1,0,0.03,5.0],[1,0,0.02,26.0]]}
{"t":1776979378.053979,"e":[[1,0,0.03,190.0],[1,0,0.02,119.0],[1,1,0.91,935.0],[1,1,0.93,495.24],[1,1,0.94,749.0]]}
{"t":1776979379.0686111,"e":[[1,0,0.02,93.0],[1,1,0.93,461.24]]}
{"t":1776979382.096734,"e":[[0,0,0.02],[1,1,0.91,685.0]]}
{"t":1776979383.121564,"e":[[1,0,0.03,189.0],[1,0,0.02,26.0],[1,0,0.01,12223.0],[1,1,0.92,377.0],[1,1,0.93,336.24],[1,1,0.94,531.0]]}
{"t":1776979384.14145,"e":[[0,0,0.02]]}
{"t":1776979385.153574,"e":[[1,0,0.02,26.0],[1,0,0.01,12130.0],[1,1,0.92,2.0],[1,1,0.93,86.24000000000001]]}
{"t":1776979386.1697469,"e":[[1,0,0.03,191.0],[1,0,0.02,119.0],[1,1,0.93,120.24000000000001],[1,1,0.94,750.0]]}
{"t":1776979389.2100039,"e":[[1,0,0.03,189.0],[1,0,0.02,93.0],[1,1,0.93,86.24000000000001]]}
{"t":1776979390.232039,"e":[[1,0,0.03,212.0],[1,1,0.91,935.0],[1,1,0.93,461.24],[1,1,0.94,781.0]]}
{"t":1776979391.2484758,"e":[[0,0,0.02],[1,1,0.91,685.0],[1,1,0.94,282.0]]}
{"t":1776979392.2631328,"e":[[1,0,0.03,210.0],[1,0,0.01,12223.0],[1,1,0.94,781.0]]}
{"t":1776979393.279681,"e":[[1,0,0.03,24.0],[1,0,0.01,12235.0],[1,1,0.93,86.24000000000001],[1,1,0.94,32.0]]}
{"t":1776979394.2924511,"e":[[0,0,0.03],[1,0,0.02,26.0],[1,1,0.93,120.24000000000001],[0,1,0.94]]}
{"t":1776979396.311556,"e":[[1,0,0.02,209.0],[1,0,0.01,12328.0],[1,1,0.91,935.0],[1,1,0.93,495.24],[1,1,0.94,749.0]]}
{"t":1776979399.3492742,"e":[[1,0,0.02,183.0],[1,1,0.91,685.0],[1,1,0.93,461.24]]}
{"t":1776979400.3651772,"e":[[1,0,0.03,24.0],[1,0,0.02,182.0],[1,1,0.92,377.0],[1,1,0.93,336.24],[1,1,0.94,531.0]]}
{"t":1776979401.3824892,"e":[[0,0,0.02],[1,1,0.92,2.0],[1,1,0.93,86.24000000000001]]}
{"t":1776979402.4014459,"e":[[1,0,0.03,208.0],[1,1,0.94,157.0]]}
{"t":1776979404.426751,"e":[[0,0,0.03],[1,0,0.02,26.0],[1,0,0.01,12235.0],[1,1,0.93,120.24000000000001],[0,1,0.94]]}
{"t":1776979407.472841,"e":[[1,0,0.02,208.0],[1,0,0.01,12328.0],[1,1,0.91,935.0],[1,1,0.93,495.24],[1,1,0.94,749.0]]}
{"t":1776979409.501695,"e":[[1,0,0.02,182.0],[1,1,0.93,461.24]]}
{"t":1776979411.523812,"e":[[0,0,0.02],[1,1,0.91,685.0],[1,1,0.93,336.24],[1,1,0.94,499.0]]}
{"t":1776979412.536916,"e":[[1,0,0.02,26.0],[1,0,0.01,12504.0],[1,1,0.92,377.0],[1,1,0.94,531.0]]}
{"t":1776979413.552841,"e":[[1,0,0.01,12328.0],[1,1,0.92,2.0],[1,1,0.93,86.24000000000001],[1,1,0.94,157.0]]}
{"t":1776979414.5676858,"e":[[1,0,0.02,209.0],[1,1,0.94,782.0]]}
{"t":1776979415.581123,"e":[[1,1,0.94,407.0]]}
{"t":1776979416.597232,"e":[[1,1,0.91,935.0],[1,1,0.94,1156.0]]}
{"t":1776979417.614811,"e":[[1,1,0.94,407.0]]}
{"t":1776979418.630077,"e":[[1,1,0.94,1156.0]]}
{"t":1776979419.641139,"e":[[1,0,0.03,24.0],[1,0,0.02,183.0],[1,1,0.94,407.0]]}
{"t":1776979420.653142,"e":[[1,1,0.94,1156.0]]}
{"t":1776979421.670975,"e":[[1,0,0.03,206.0],[0,0,0.02],[1,0,0.01,12235.0],[1,1,0.91,685.0],[0,1,0.94]]}
{"t":1776979422.737395,"e":[[1,1,0.93,119.24000000000001],[1,1,0.94,749.0]]}
{"t":1776979423.803242,"e":[[1,0,0.03,182.0],[1,1,0.93,86.24000000000001]]}
{"t":1776979424.820554,"e":[[1,0,0.03,180.0],[1,0,0.01,12328.0],[1,1,0.91,935.0],[1,1,0.93,461.24]]}
{"t":1776979427.8736582,"e":[[0,0,0.03],[1,1,0.91,685.0],[1,1,0.93,336.24],[1,1,0.94,499.0]]}
{"t":1776979428.889528,"e":[[1,0,0.01,12502.0],[1,1,0.92,377.0],[1,1,0.94,531.0]]}
{"t":1776979429.907721,"e":[[1,0,0.02,26.0]]}
{"t":1776979433.948595,"e":[[0,0,0.02]]}
{"t":1776979434.964669,"e":[[1,0,0.02,26.0]]}
{"t":1776979438.989151,"e":[[0,0,0.02]]}
{"t":1776979440.0022578,"e":[[1,0,0.02,26.0],[1,0,0.01,12235.0],[1,1,0.92,2.0],[1,1,0.93,86.24000000000001],[0,1,0.94]]}
{"t":1776979441.0259671,"e":[[1,1,0.93,120.24000000000001]]}
{"t":1776979444.0454779,"e":[[1,0,0.02,178.0],[1,0,0.01,12328.0],[1,1,0.91,935.0],[1,1,0.93,461.24],[1,1,0.94,749.0]]}
{"t":1776979447.071342,"e":[[0,0,0.02],[1,1,0.91,685.0],[1,1,0.93,336.24],[1,1,0.94,499.0]]}
{"t":1776979448.087373,"e":[[1,0,0.02,26.0],[1,1,0.94,531.0]]}
{"t":1776979449.0931761,"e":[[0,0,0.02],[1,0,0.01,12501.0],[1,1,0.92,377.0]]}
{"t":1776979450.115507,"e":[[1,0,0.02,26.0]]}
{"t":1776979456.160528,"e":[[1,0,0.02,205.0],[1,0,0.01,12328.0],[1,1,0.92,2.0],[1,1,0.93,86.24000000000001],[1,1,0.94,157.0]]}
{"t":1776979457.176476,"e":[[1,1,0.94,782.0]]}
{"t":1776979459.1927302,"e":[[1,0,0.02,179.0],[1,1,0.94,407.0]]}
{"t":1776979460.207338,"e":[[1,0,0.03,24.0],[1,1,0.91,935.0],[1,1,0.94,1156.0]]}
{"t":1776979464.24783,"e":[[1,0,0.03,178.0],[1,0,0.02,26.0],[1,1,0.94,407.0]]}
{"t":1776979465.266315,"e":[[1,1,0.94,1156.0]]}
{"t":1776979469.288507,"e":[[0,0,0.02]]}
{"t":1776979470.303412,"e":[[0,0,0.03],[1,1,0.94,407.0]]}
{"t":1776979471.320408,"e":[[1,0,0.02,26.0],[1,0,0.01,12501.0],[1,1,0.94,1156.0]]}
{"t":1776979473.350267,"e":[[1,0,0.01,12328.0],[1,1,0.94,407.0]]}
{"t":1776979474.363505,"e":[[1,0,0.02,203.0],[1,1,0.94,1156.0]]}
{"t":1776979479.396012,"e":[[1,0,0.02,177.0]]}
{"t":1776979480.4028952,"e":[[0,0,0.02],[1,1,0.94,407.0]]}
{"t":1776979481.411958,"e":[[1,0,0.02,26.0],[1,0,0.01,12500.0],[1,1,0.94,1156.0]]}
{"t":1776979484.4918249,"e":[[0,0,0.02]]}
{"t":1776979492.5401459,"e":[[1,0,0.01,12395.0]]}
{"t":1776979494.5550778,"e":[[1,0,0.03,5.0]]}
{"t":1776979499.5889611,"e":[[1,0,0.04,24.0],[1,0,0.01,12130.0],[1,1,0.91,685.0],[0,1,0.94]]}
{"t":1776979500.617687,"e":[[1,1,0.93,120.24000000000001]]}
{"t":1776979502.631507,"e":[[1,0,0.03,98.0],[1,0,0.04,197.0],[1,1,0.94,749.0]]}
{"t":1776979503.652458,"e":[[1,1,0.91,935.0],[1,1,0.93,495.24]]}
{"t":1776979504.666689,"e":[[1,0,0.04,173.0],[1,0,0.02,26.0],[1,1,0.93,461.24],[1,1,0.94,781.0]]}
{"t":1776979517.7607381,"e":[[1,0,0.03,178.0],[0,0,0.04],[1,0,0.02,119.0],[1,1,0.91,685.0],[1,1,0.94,282.0]]}
{"t":1776979518.7784152,"e":[[1,0,0.02,93.0],[1,1,0.94,781.0]]}
{"t":1776979528.87501,"e":[[1,0,0.03,177.0],[1,0,0.04,22.0],[0,0,0.02],[1,1,0.94,282.0]]}
{"t":1776979529.893357,"e":[[1,0,0.01,12223.0],[1,1,0.94,781.0]]}
{"t":1776979533.9308631,"e":[[0,0,0.04],[1,0,0.03,98.0],[1,0,0.01,12130.0],[1,1,0.94,282.0]]}
{"t":1776979534.9474502,"e":[[1,0,0.04,195.0],[1,1,0.94,781.0]]}
{"t":1776979535.953092,"e":[[1,0,0.03,93.0]]}
{"t":1776979537.968929,"e":[[1,0,0.01,12235.0]]}
{"t":1776979538.976236,"e":[[1,0,0.04,172.0]]}
{"t":1776979539.9942951,"e":[[1,0,0.02,25.0]]}
{"t":1776979543.091128,"e":[[0,0,0.03],[0,0,0.04],[1,1,0.94,282.0]]}
{"t":1776979544.107719,"e":[[1,0,0.02,171.0],[1,0,0.01,12328.0],[1,1,0.94,781.0]]}
{"t":1776979546.136721,"e":[[1,0,0.02,26.0],[1,0,0.01,12494.0],[1,1,0.94,282.0]]}
{"t":1776979547.157758,"e":[[1,1,0.94,781.0]]}
{"t":1776979549.182074,"e":[[1,0,0.01,12328.0],[1,1,0.94,282.0]]}
{"t":1776979550.200215,"e":[[1,0,0.02,197.0]]}
{"t":1776979551.2111318,"e":[[1,1,0.94,781.0]]}
{"t":1776979554.23376,"e":[[1,0,0.02,171.0]]}
{"t":1776979570.357358,"e":[[1,0,0.02,26.0],[1,0,0.01,12492.0],[1,1,0.94,282.0]]}
{"t":1776979571.382963,"e":[[1,1,0.94,781.0]]}
{"t":1776979573.410888,"e":[[1,0,0.02,194.0],[1,0,0.01,12328.0],[1,1,0.94,282.0]]}
{"t":1776979574.427465,"e":[[1,0,0.03,24.0],[1,0,0.02,168.0],[1,1,0.94,781.0]]}
{"t":1776979579.4658911,"e":[[0,0,0.03],[1,0,0.02,26.0],[1,1,0.94,282.0]]}
{"t":1776979580.485714,"e":[[1,0,0.03,168.0]]}
{"t":1776979581.498711,"e":[[1,1,0.94,781.0]]}
{"t":1776979583.516835,"e":[[1,0,0.01,12223.0]]}
{"t":1776979584.521157,"e":[[0,0,0.02]]}
{"t":1776979585.5295439,"e":[[1,0,0.03,173.0]]}
{"t":1776979589.551562,"e":[[1,0,0.03,172.0],[1,0,0.04,22.0],[1,1,0.94,282.0]]}
{"t":1776979590.5762482,"e":[[1,1,0.94,781.0]]}
{"t":1776979594.605112,"e":[[0,0,0.04]]}
{"t":1776979597.63286,"e":[[1,0,0.03,171.0],[1,0,0.04,22.0],[1,1,0.94,282.0]]}
{"t":1776979598.648118,"e":[[1,1,0.94,781.0]]}
{"t":1776979599.658476,"e":[[0,0,0.04]]}
{"t":1776979622.876734,"e":[[1,0,0.03,169.0],[1,0,0.04,22.0],[1,1,0.94,282.0]]}
{"t":1776979623.896275,"e":[[0,0,0.04]]}
{"t":1776979624.910563,"e":[[1,0,0.04,22.0]]}
{"t":1776979625.931051,"e":[[1,1,0.94,781.0]]}
{"t":1776979628.953019,"e":[[0,0,0.04]]}
{"t":1776979635.014197,"e":[[1,0,0.03,164.0],[1,1,0.02,100.0]]}
{"t":1776979636.021319,"e":[[0,0,0.03],[1,0,0.02,26.0],[1,0,0.01,12130.0],[1,1,0.93,120.24000000000001],[0,1,0.94]]}
{"t":1776979637.049831,"e":[[1,0,0.02,36.0],[1,1,0.88,5.0]]}
{"t":1776979638.0686421,"e":[[1,0,0.02,197.0],[1,0,0.01,12223.0],[1,1,0.9,10015.0],[1,1,0.93,144.24],[1,1,0.94,749.0]]}
{"t":1776979639.084321,"e":[[1,0,0.02,171.0],[1,1,0.93,110.24000000000001]]}
{"t":1776979640.0975099,"e":[[1,0,0.03,24.0],[1,0,0.01,12130.0],[1,1,0.9,9999.0],[1,1,0.94,781.0]]}
{"t":1776979641.110275,"e":[[1,0,0.03,187.0],[1,0,0.02,10.0],[1,1,0.93,86.24000000000001],[1,1,0.94,32.0]]}
{"t":1776979642.12699,"e":[[1,1,0.94,531.0]]}
{"t":1776979644.1445062,"e":[[1,0,0.03,163.0]]}
{"t":1776979645.163307,"e":[[1,0,0.03,24.0],[1,0,0.01,12223.0],[1,0,0.02,173.0],[1,1,0.93,109.24000000000001],[1,1,0.94,282.0]]}
{"t":1776979646.186614,"e":[[1,1,0.94,781.0]]}
{"t":1776979654.2548978,"e":[[0,0,0.03]]}
{"t":1776979655.26619,"e":[[1,0,0.03,24.0],[1,0,0.02,172.0],[1,1,0.94,282.0]]}
{"t":1776979656.2835588,"e":[[1,1,0.94,781.0]]}
{"t":1776979661.3273442,"e":[[1,0,0.03,185.0],[1,0,0.01,12130.0],[1,0,0.02,103.0],[1,1,0.94,282.0]]}
{"t":1776979662.337724,"e":[[1,1,0.94,781.0]]}
{"t":1776979664.359363,"e":[[1,0,0.03,161.0],[1,0,0.04,23.0],[1,1,0.94,282.0]]}
{"t":1776979665.382648,"e":[[1,1,0.94,781.0]]}
{"t":1776979666.401193,"e":[[0,0,0.03],[1,1,0.94,282.0]]}
{"t":1776979667.4168692,"e":[[1,0,0.04,184.0],[1,1,0.94,781.0]]}
{"t":1776979668.4413838,"e":[[1,0,0.02,10.0],[1,1,0.94,282.0]]}
{"t":1776979669.4522712,"e":[[1,0,0.03,118.0],[1,0,0.04,115.0]]}
{"t":1776979670.4684439,"e":[[1,1,0.94,781.0]]}
{"t":1776979672.485158,"e":[[0,0,0.03],[1,0,0.04,183.0],[1,0,0.02,103.0],[1,1,0.94,282.0]]}
{"t":1776979673.505915,"e":[[1,0,0.04,23.0],[1,0,0.02,10.0],[1,1,0.93,119.24000000000001],[0,1,0.94]]}
{"t":1776979674.526389,"e":[[1,0,0.03,25.0],[0,0,0.04]]}
{"t":1776979677.5577102,"e":[[1,0,0.03,183.0],[1,0,0.02,103.0],[1,1,0.9,10015.0],[1,1,0.93,110.24000000000001],[1,1,0.94,781.0]]}
{"t":1776979679.589112,"e":[[1,0,0.03,182.0]]}
{"t":1776979689.638497,"e":[[1,0,0.03,183.0],[0,1,0.88],[1,1,0.9,9999.0],[1,1,0.93,109.24000000000001],[1,1,0.94,282.0]]}
{"t":1776979691.66694,"e":[[1,1,0.9,10004.0],[1,1,0.94,781.0]]}
{"t":1776979698.738755,"e":[[1,0,0.03,159.0]]}
{"t":1776979699.755053,"e":[[1,0,0.03,183.0]]}
{"t":1776979700.771796,"e":[[1,0,0.03,182.0],[1,1,0.93,461.24]]}
{"t":1776979703.80163,"e":[[1,0,0.03,158.0]]}
{"t":1776979704.815827,"e":[[1,0,0.03,182.0]]}
{"t":1776979708.8517609,"e":[[1,0,0.03,158.0]]}
{"t":1776979709.871108,"e":[[1,0,0.03,182.0]]}
{"t":1776979713.918507,"e":[[1,0,0.03,158.0]]}
{"t":1776979714.936487,"e":[[1,0,0.03,24.0],[1,0,0.02,10.0],[1,1,0.93,86.24000000000001],[0,1,0.94]]}
{"t":1776979715.9596941,"e":[[1,1,0.9,9999.0],[1,1,0.93,119.24000000000001]]}
{"t":1776979717.9742022,"e":[[1,1,0.91,690.0]]}
{"t":1776979718.986039,"e":[[1,0,0.03,155.0],[1,0,0.02,103.0],[1,1,0.91,940.0],[1,1,0.93,461.24],[1,1,0.94,749.0]]}
{"t":1776979720.003347,"e":[[1,0,0.03,179.0],[1,1,0.94,781.0]]}
{"t":1776979723.0563111,"e":[[1,1,0.91,690.0],[1,1,0.94,282.0]]}
{"t":1776979724.078424,"e":[[1,0,0.03,157.0],[1,0,0.04,22.0],[1,1,0.94,782.0]]}
{"t":1776979726.090754,"e":[[0,0,0.03],[1,0,0.04,178.0],[1,1,0.91,940.0],[1,1,0.93,86.24000000000001],[1,1,0.94,407.0]]}
{"t":1776979727.1065679,"e":[[1,1,0.94,1156.0]]}
{"t":1776979729.127435,"e":[[1,0,0.04,156.0]]}
{"t":1776979730.145338,"e":[[1,0,0.03,25.0],[1,0,0.01,12223.0],[0,0,0.04],[1,0,0.02,166.0]]}
{"t":1776979734.187385,"e":[[0,0,0.03]]}
{"t":1776979735.201226,"e":[[1,0,0.03,25.0]]}
{"t":1776979736.216362,"e":[[1,0,0.01,12130.0],[1,0,0.02,10.0],[1,1,0.91,690.0],[1,1,0.94,32.0]]}
{"t":1776979737.241647,"e":[[1,0,0.03,181.0],[1,1,0.93,119.24000000000001],[1,1,0.94,749.0]]}
{"t":1776979738.25713,"e":[[1,0,0.03,179.0],[1,0,0.02,103.0],[1,1,0.91,940.0],[1,1,0.93,494.24]]}
{"t":1776979739.277498,"e":[[1,0,0.03,178.0],[1,1,0.93,461.24],[1,1,0.94,781.0]]}
{"t":1776979742.3102531,"e":[[1,1,0.91,690.0]]}
{"t":1776979743.32949,"e":[[1,0,0.03,179.0],[1,1,0.94,782.0]]}
{"t":1776979744.3456771,"e":[[1,0,0.03,155.0]]}
{"t":1776979745.3612642,"e":[[1,0,0.03,179.0]]}
{"t":1776979748.394957,"e":[[1,1,0.91,940.0],[1,1,0.93,86.24000000000001],[1,1,0.94,1156.0]]}
{"t":1776979749.410537,"e":[[1,0,0.03,155.0]]}
{"t":1776979751.441538,"e":[[1,0,0.03,24.0],[1,0,0.01,12223.0],[1,0,0.02,165.0]]}
{"t":1776979753.46458,"e":[[1,0,0.01,12130.0],[1,0,0.02,103.0],[1,1,0.94,407.0]]}
{"t":1776979754.4757729,"e":[[1,0,0.03,155.0],[1,1,0.94,1156.0]]}
{"t":1776979766.570092,"e":[[0,0,0.03],[1,0,0.02,164.0],[1,0,0.01,12223.0],[1,1,0.94,407.0]]}
{"t":1776979767.591012,"e":[[1,0,0.03,24.0],[1,1,0.94,1156.0]]}
{"t":1776979769.609133,"e":[[0,0,0.03]]}
{"t":1776979778.671754,"e":[[1,1,0.94,407.0]]}
{"t":1776979779.686711,"e":[[1,0,0.03,25.0],[1,0,0.02,163.0],[1,1,0.94,1156.0]]}
{"t":1776979784.735809,"e":[[0,0,0.03]]}
{"t":1776979787.757783,"e":[[1,0,0.02,162.0],[1,1,0.94,407.0]]}
{"t":1776979788.771426,"e":[[1,0,0.03,24.0],[1,1,0.94,1156.0]]}
{"t":1776979789.7871501,"e":[[0,0,0.03]]}
{"t":1776979798.8498409,"e":[[1,0,0.02,161.0],[1,1,0.94,407.0]]}
{"t":1776979799.867278,"e":[[1,1,0.94,1156.0]]}
{"t":1776979816.004361,"e":[[1,0,0.03,24.0],[1,0,0.02,160.0],[1,1,0.94,407.0]]}
{"t":1776979817.019922,"e":[[1,1,0.94,1156.0]]}
{"t":1776979819.035682,"e":[[0,0,0.03]]}
{"t":1776979820.0560918,"e":[[1,0,0.02,10.0],[1,0,0.01,12130.0],[1,1,0.91,690.0],[0,1,0.94]]}
{"t":1776979821.081302,"e":[[1,0,0.03,25.0],[1,1,0.93,119.24000000000001]]}
{"t":1776979824.103594,"e":[[0,0,0.03]]}
{"t":1776979825.122005,"e":[[1,0,0.03,173.0],[1,0,0.02,103.0],[1,1,0.91,940.0],[1,1,0.93,461.24],[1,1,0.94,749.0]]}
{"t":1776979826.137264,"e":[[1,1,0.94,781.0]]}
{"t":1776979827.158894,"e":[[1,1,0.91,690.0],[1,1,0.94,282.0]]}
{"t":1776979828.175582,"e":[[1,0,0.03,175.0],[1,1,0.94,782.0]]}
{"t":1776979829.183528,"e":[[1,0,0.03,174.0],[1,1,0.93,86.24000000000001]]}
{"t":1776979830.205705,"e":[[1,0,0.03,173.0],[1,1,0.91,940.0],[1,1,0.94,407.0]]}
{"t":1776979831.2203038,"e":[[1,1,0.94,1156.0]]}
{"t":1776979832.244597,"e":[[1,0,0.03,24.0],[1,0,0.02,10.0],[1,1,0.91,690.0],[1,1,0.93,119.24000000000001],[0,1,0.94]]}
{"t":1776979834.276937,"e":[[0,0,0.03]]}
{"t":1776979835.291805,"e":[[1,0,0.03,25.0],[1,0,0.02,158.0],[1,0,0.01,12223.0],[1,1,0.91,940.0],[1,1,0.93,461.24],[1,1,0.94,781.0]]}
{"t":1776979839.341758,"e":[[0,0,0.03],[1,0,0.02,103.0],[1,0,0.01,12130.0],[1,1,0.91,690.0],[1,1,0.94,282.0]]}
{"t":1776979840.36112,"e":[[1,0,0.03,173.0],[1,1,0.94,782.0]]}
{"t":1776979844.401731,"e":[[1,0,0.03,149.0],[1,1,0.93,86.24000000000001],[1,1,0.94,407.0]]}
{"t":1776979845.4183779,"e":[[1,0,0.04,23.0],[1,1,0.91,940.0],[1,1,0.94,1156.0]]}
{"t":1776979849.462462,"e":[[0,0,0.03],[0,0,0.04],[1,1,0.94,407.0]]}
{"t":1776979850.477813,"e":[[1,0,0.03,25.0],[1,0,0.02,158.0],[1,0,0.01,12223.0]]}
{"t":1776979851.491549,"e":[[1,0,0.02,148.0],[1,1,0.91,935.0],[1,1,0.94,1156.0]]}
{"t":1776979853.5166469,"e":[[0,0,0.02],[1,0,0.01,12327.0],[1,1,0.94,407.0],[1,1,0.02,181.0]]}
{"t":1776979854.524426,"e":[[1,0,0.03,148.0]]}
{"t":1776979855.5317361,"e":[[1,0,0.04,23.0]]}
{"t":1776979856.537678,"e":[[1,1,0.94,1156.0]]}
{"t":1776979858.554548,"e":[[1,0,0.04,171.0],[0,0,0.03],[1,1,0.94,407.0]]}
{"t":1776979859.5639539,"e":[[1,0,0.04,148.0],[1,1,0.94,1156.0]]}
{"t":1776979864.58724,"e":[[0,0,0.04],[1,1,0.94,407.0]]}
{"t":1776979865.596274,"e":[[1,0,0.02,26.0],[1,0,0.01,12471.0]]}
{"t":1776979866.614618,"e":[[1,0,0.01,12234.0],[1,1,0.91,685.0],[0,1,0.94]]}
{"t":1776979867.63152,"e":[[1,1,0.93,119.24000000000001]]}
{"t":1776979870.6450438,"e":[[1,0,0.01,12469.0],[1,1,0.91,935.0],[1,1,0.93,494.24],[1,1,0.94,749.0]]}
{"t":1776979871.663184,"e":[[1,1,0.93,461.24],[1,1,0.94,781.0]]}
{"t":1776979874.694565,"e":[[0,0,0.02]]}
{"t":1776979891.810949,"e":[[1,0,0.02,25.0],[1,1,0.91,685.0],[1,1,0.94,282.0]]}
{"t":1776979892.82029,"e":[[1,1,0.94,782.0]]}
{"t":1776979894.855659,"e":[[0,0,0.02],[1,0,0.01,12327.0],[1,1,0.93,86.24000000000001],[1,1,0.94,407.0]]}
{"t":1776979895.868097,"e":[[1,0,0.02,171.0],[1,1,0.91,935.0],[1,1,0.94,1156.0]]}
{"t":1776979899.903101,"e":[[1,0,0.02,145.0]]}
{"t":1776979900.9305751,"e":[[0,0,0.02],[1,1,0.94,407.0]]}
{"t":1776979901.947406,"e":[[1,0,0.02,26.0],[1,0,0.01,12469.0],[1,1,0.94,1156.0]]}
{"t":1776979904.09082,"e":[[0,0,0.02]]}
{"t":1776979917.20495,"e":[[1,0,0.01,12468.0],[1,1,0.94,407.0]]}
{"t":1776979918.224722,"e":[[1,0,0.02,26.0],[1,0,0.01,12364.0],[1,1,0.94,1156.0],[1,1,0.02,100.0]]}
{"t":1776979919.2394218,"e":[[0,0,0.02]]}
{"t":1776979920.251956,"e":[[1,0,0.03,7.0],[1,0,0.04,22.0],[1,0,0.02,144.0],[1,0,0.01,12223.0],[1,1,0.02,179.0]]}
{"t":1776979922.277932,"e":[[1,0,0.03,100.0],[1,0,0.01,12130.0],[1,0,0.04,166.0],[0,0,0.02],[1,1,0.94,407.0]]}
{"t":1776979923.2871182,"e":[[1,1,0.94,1156.0]]}
{"t":1776979924.2959192,"e":[[1,0,0.04,144.0]]}
{"t":1776979927.320731,"e":[[0,0,0.04],[1,1,0.94,407.0]]}
{"t":1776979928.3382359,"e":[[1,0,0.03,151.0],[1,0,0.04,22.0],[1,0,0.01,12223.0]]}
{"t":1776979929.3524978,"e":[[0,0,0.04],[1,1,0.94,1156.0]]}
{"t":1776979931.381688,"e":[[1,0,0.03,150.0],[1,1,0.94,407.0]]}
{"t":1776979932.400099,"e":[[1,0,0.04,22.0],[1,1,0.94,1156.0]]}
{"t":1776979934.426216,"e":[[0,0,0.04]]}
{"t":1776979941.500191,"e":[[1,0,0.04,22.0],[1,1,0.94,407.0]]}
{"t":1776979942.522871,"e":[[1,1,0.94,1156.0]]}
{"t":1776979943.534011,"e":[[1,0,0.03,100.0],[1,0,0.01,12130.0],[1,0,0.04,165.0],[1,1,0.94,407.0]]}
{"t":1776979944.5507789,"e":[[1,0,0.04,143.0],[1,1,0.94,1156.0]]}
{"t":1776979947.577177,"e":[[1,0,0.03,149.0],[1,0,0.01,12223.0],[1,0,0.04,22.0]]}
{"t":1776979948.596159,"e":[[1,0,0.03,7.0],[1,0,0.01,12130.0],[1,1,0.91,685.0],[1,1,0.94,32.0]]}
{"t":1776979949.612604,"e":[[0,0,0.04],[1,1,0.93,119.24000000000001],[0,1,0.94]]}
{"t":1776979950.626524,"e":[[1,0,0.04,24.0]]}
{"t":1776979951.6405408,"e":[[1,0,0.03,100.0],[1,0,0.04,165.0],[1,1,0.91,935.0],[1,1,0.93,494.24],[1,1,0.94,749.0]]}
{"t":1776979954.688389,"e":[[1,0,0.04,141.0],[1,1,0.93,461.24]]}
{"t":1776979955.707595,"e":[[1,0,0.02,26.0],[1,1,0.94,781.0]]}
{"t":1776979967.809658,"e":[[0,0,0.04],[1,1,0.91,685.0],[1,1,0.94,282.0]]}
{"t":1776979968.8309739,"e":[[1,0,0.03,148.0],[1,0,0.02,119.0],[1,1,0.94,782.0]]}
{"t":1776979969.8509161,"e":[[1,0,0.03,172.0],[1,0,0.02,93.0]]}
{"t":1776979980.94618,"e":[[0,0,0.02],[1,1,0.93,86.24000000000001]]}
{"t":1776979981.955667,"e":[[1,0,0.01,12223.0],[1,1,0.91,935.0],[1,1,0.94,407.0]]}
{"t":1776979982.973999,"e":[[1,1,0.94,1156.0]]}
{"t":1776979983.986321,"e":[[1,0,0.03,171.0],[1,1,0.94,407.0]]}
{"t":1776979985.0020108,"e":[[1,0,0.03,147.0],[1,1,0.94,1156.0]]}
{"t":1776979986.019079,"e":[[1,1,0.94,407.0]]}
{"t":1776979987.034246,"e":[[1,0,0.03,140.0],[1,0,0.04,23.0],[1,1,0.94,1156.0],[1,1,0.02,100.0]]}
{"t":1776979989.060653,"e":[[1,1,0.01,690.0]]}
{"t":1776979990.072613,"e":[[0,0,0.04]]}
{"t":1776979994.1033652,"e":[[0,0,0.03],[1,0,0.01,12360.0],[1,1,0.94,407.0]]}
{"t":1776979995.120489,"e":[[1,0,0.02,26.0],[1,1,0.94,1156.0]]}
{"t":1776979998.1586869,"e":[[1,0,0.02,166.0],[1,0,0.01,12223.0]]}
{"t":1776980000.180236,"e":[[1,0,0.02,140.0]]}
{"t":1776980001.193675,"e":[[0,0,0.02],[1,0,0.01,12359.0],[1,1,0.94,407.0]]}
{"t":1776980002.208147,"e":[[1,0,0.02,26.0],[1,0,0.01,12130.0],[1,1,0.91,685.0],[1,1,0.94,781.0]]}
{"t":1776980003.223941,"e":[[1,1,0.93,119.24000000000001],[0,1,0.94]]}
{"t":1776980004.2373629,"e":[[0,0,0.02]]}
{"t":1776980005.253522,"e":[[1,0,0.02,26.0]]}
{"t":1776980006.266819,"e":[[1,0,0.02,164.0],[1,0,0.01,12223.0],[1,1,0.91,935.0],[1,1,0.93,461.24],[1,1,0.94,749.0]]}
{"t":1776980007.280448,"e":[[1,1,0.94,781.0]]}
{"t":1776980010.312974,"e":[[1,0,0.02,138.0]]}
{"t":1776980011.327167,"e":[[1,0,0.03,24.0]]}
{"t":1776980015.356566,"e":[[0,0,0.03]]}
{"t":1776980016.371419,"e":[[0,0,0.02],[1,1,0.91,685.0],[1,1,0.94,282.0]]}
{"t":1776980017.387726,"e":[[1,0,0.02,26.0],[1,0,0.01,12358.0]]}
{"t":1776980019.41774,"e":[[1,1,0.94,782.0]]}
{"t":1776980020.427689,"e":[[0,0,0.02]]}
{"t":1776980022.442543,"e":[[1,0,0.02,26.0],[1,1,0.93,86.24000000000001],[1,1,0.94,407.0]]}
{"t":1776980023.460842,"e":[[1,1,0.91,935.0],[1,1,0.94,1156.0]]}
{"t":1776980025.478539,"e":[[0,0,0.02]]}
{"t":1776980026.489411,"e":[[1,0,0.02,26.0]]}
{"t":1776980029.531808,"e":[[1,0,0.02,164.0],[1,0,0.01,12223.0]]}
{"t":1776980030.547501,"e":[[1,0,0.02,138.0]]}
{"t":1776980031.561755,"e":[[0,0,0.02],[1,0,0.01,12265.0],[1,1,0.91,685.0],[1,1,0.94,32.0]]}
{"t":1776980032.589107,"e":[[1,1,0.94,781.0]]}
{"t":1776980033.5998359,"e":[[1,0,0.02,26.0]]}
{"t":1776980034.6140401,"e":[[1,0,0.01,12223.0],[1,1,0.94,282.0]]}
{"t":1776980035.6380742,"e":[[1,0,0.02,138.0],[1,1,0.93,461.24]]}
{"t":1776980036.654976,"e":[[0,0,0.02],[1,1,0.93,86.24000000000001],[1,1,0.94,782.0]]}
{"t":1776980037.667946,"e":[[1,0,0.02,26.0],[1,0,0.01,12357.0],[1,1,0.91,935.0],[1,1,0.94,407.0]]}
{"t":1776980038.684246,"e":[[1,1,0.94,1156.0]]}
{"t":1776980039.75165,"e":[[1,0,0.01,12223.0],[1,1,0.94,407.0]]}
{"t":1776980040.7603729,"e":[[1,0,0.02,138.0]]}
{"t":1776980042.8059971,"e":[[1,0,0.03,25.0]]}
{"t":1776980043.814917,"e":[[1,1,0.94,1156.0]]}
{"t":1776980044.828404,"e":[[0,0,0.02],[1,1,0.94,407.0]]}
{"t":1776980045.848945,"e":[[1,0,0.03,137.0],[1,0,0.04,23.0],[1,1,0.94,1156.0]]}
{"t":1776980047.874488,"e":[[0,0,0.03],[1,1,0.94,407.0]]}
{"t":1776980048.909193,"e":[[1,0,0.04,160.0],[1,1,0.94,1156.0]]}
{"t":1776980050.93479,"e":[[1,0,0.04,137.0]]}
{"t":1776980053.963362,"e":[[0,0,0.04],[1,0,0.02,26.0],[1,0,0.01,12357.0]]}
{"t":1776980054.981903,"e":[[0,0,0.02]]}
{"t":1776980055.9976058,"e":[[1,1,0.94,407.0]]}
{"t":1776980057.0162718,"e":[[1,0,0.02,26.0],[1,1,0.94,1156.0]]}
{"t":1776980059.036295,"e":[[1,0,0.01,12223.0],[1,1,0.94,407.0]]}
{"t":1776980060.048734,"e":[[1,0,0.02,137.0]]}
{"t":1776980061.062219,"e":[[1,0,0.03,25.0]]}
{"t":1776980062.076055,"e":[[1,1,0.94,1156.0]]}
{"t":1776980065.099478,"e":[[0,0,0.03],[0,0,0.02],[1,1,0.94,407.0]]}
{"t":1776980066.114054,"e":[[1,0,0.03,136.0],[1,0,0.02,26.0]]}
{"t":1776980067.1254132,"e":[[1,1,0.94,1156.0]]}
{"t":1776980069.144686,"e":[[0,0,0.03],[1,0,0.02,162.0],[1,1,0.94,407.0]]}
{"t":1776980070.163462,"e":[[1,1,0.94,1156.0]]}
{"t":1776980071.1774468,"e":[[1,0,0.02,136.0]]}
{"t":1776980074.1980958,"e":[[1,0,0.02,26.0],[1,0,0.01,12356.0],[1,1,0.94,407.0]]}
{"t":1776980075.213216,"e":[[0,0,0.02],[1,1,0.94,1156.0]]}
{"t":1776980079.2546391,"e":[[1,0,0.02,26.0],[1,1,0.94,407.0]]}
{"t":1776980080.272047,"e":[[0,0,0.02],[1,0,0.01,12355.0],[1,1,0.94,1156.0]]}
{"t":1776980090.3686342,"e":[[1,1,0.94,407.0]]}
{"t":1776980091.387647,"e":[[1,0,0.02,26.0]]}
{"t":1776980092.4014552,"e":[[1,1,0.94,1156.0]]}
{"t":1776980095.420876,"e":[[0,0,0.02]]}
{"t":1776980098.4505432,"e":[[1,1,0.94,407.0]]}
{"t":1776980099.465569,"e":[[1,1,0.94,1156.0]]}
{"t":1776980107.5551019,"e":[[1,0,0.02,26.0],[1,0,0.01,12354.0],[1,1,0.94,407.0]]}
{"t":1776980108.5716732,"e":[[1,1,0.94,1156.0]]}
{"t":1776980110.5908322,"e":[[0,0,0.02]]}
{"t":1776980118.660933,"e":[[1,0,0.02,26.0],[1,1,0.94,407.0]]}
{"t":1776980119.6785228,"e":[[1,1,0.94,1156.0]]}
{"t":1776980120.691299,"e":[[1,0,0.03,25.0],[1,0,0.02,134.0],[1,0,0.01,12223.0]]}
{"t":1776980125.7410848,"e":[[0,0,0.03]]}
{"t":1776980166.9892921,"e":[[1,0,0.02,26.0],[1,0,0.01,12352.0]]}
{"t":1776980170.0221329,"e":[[1,0,0.02,157.0],[1,0,0.01,12223.0],[1,1,0.94,407.0]]}
{"t":1776980171.033397,"e":[[1,0,0.02,131.0],[1,1,0.94,1156.0]]}
{"t":1776980173.057191,"e":[[1,0,0.02,26.0],[1,0,0.01,12351.0],[1,1,0.94,407.0]]}
{"t":1776980174.070951,"e":[[1,1,0.94,1156.0]]}
{"t":1776980176.087865,"e":[[0,0,0.02]]}
{"t":1776980195.22635,"e":[[1,0,0.01,12350.0],[1,1,0.94,407.0]]}
{"t":1776980196.244538,"e":[[1,0,0.02,26.0],[1,1,0.94,1156.0]]}
{"t":1776980198.2657092,"e":[[1,0,0.02,156.0],[1,0,0.01,12223.0]]}
{"t":1776980200.29224,"e":[[1,0,0.02,130.0]]}
{"t":1776980201.303828,"e":[[0,0,0.02],[1,1,0.94,407.0]]}
{"t":1776980202.3137898,"e":[[1,0,0.02,26.0],[1,0,0.01,12350.0]]}
{"t":1776980203.3242052,"e":[[1,1,0.94,1156.0]]}
{"t":1776980204.3298008,"e":[[1,0,0.01,12223.0],[1,1,0.94,407.0]]}
{"t":1776980205.341054,"e":[[1,0,0.02,130.0],[1,1,0.94,1156.0]]}
{"t":1776980211.42051,"e":[[0,0,0.02],[1,1,0.94,407.0]]}
{"t":1776980212.453109,"e":[[1,0,0.02,26.0],[1,0,0.01,12350.0],[1,1,0.94,1156.0]]}
{"t":1776980215.482005,"e":[[0,0,0.02]]}
{"t":1776980216.500921,"e":[[1,0,0.01,12130.0],[1,1,0.91,685.0],[1,1,0.94,32.0]]}
{"t":1776980217.534137,"e":[[1,0,0.02,26.0],[1,1,0.93,119.24000000000001],[0,1,0.94]]}
{"t":1776980219.55273,"e":[[1,0,0.02,154.0],[1,0,0.01,12223.0],[1,1,0.91,935.0],[1,1,0.93,494.24],[1,1,0.94,749.0]]}
{"t":1776980221.5912058,"e":[[1,0,0.02,128.0],[1,1,0.93,461.24]]}
{"t":1776980238.7372139,"e":[[0,0,0.02],[1,1,0.91,685.0]]}
{"t":1776980239.753128,"e":[[1,0,0.02,26.0],[1,0,0.01,12348.0],[1,1,0.92,377.0],[1,1,0.93,336.24],[1,1,0.94,531.0]]}
{"t":1776980240.7703738,"e":[[0,0,0.02]]}
{"t":1776980241.790317,"e":[[1,0,0.02,26.0]]}
{"t":1776980242.801561,"e":[[1,0,0.02,154.0],[1,0,0.01,12223.0],[1,1,0.92,2.0],[1,1,0.93,120.24000000000001],[1,1,0.94,150.0]]}
{"t":1776980243.817766,"e":[[1,1,0.94,675.0]]}
{"t":1776980245.8324668,"e":[[1,0,0.03,24.0],[1,0,0.02,127.0],[1,1,0.91,935.0],[1,1,0.93,461.24],[1,1,0.94,780.0]]}
