{"t": 1776975854.366905, "events": [{"op": "set", "side": "ask", "price": 0.08, "size": 37.0}]}
{"t": 1776975855.3857431, "events": [{"op": "delete", "side": "ask", "price": 0.07}, {"op": "set", "side": "ask", "price": 0.11, "size": 41.0}]}
{"t": 1776975856.396708, "events": [{"op": "set", "side": "ask", "price": 0.1, "size": 74.9}, {"op": "set", "side": "ask", "price": 0.08, "size": 68.0}]}
{"t": 1776975858.419916, "events": [{"op": "set", "side": "ask", "price": 0.08, "size": 31.0}, {"op": "set", "side": "ask", "price": 0.09, "size": 34.0}]}
{"t": 1776975859.432927, "events": [{"op": "set", "side": "ask", "price": 0.09, "size": 65.0}, {"op": "delete", "side": "ask", "price": 0.08}, {"op": "set", "side": "ask", "price": 0.11, "size": 42.0}]}
{"t": 1776975863.466253, "events": [{"op": "set", "side": "ask", "price": 0.1, "size": 104.9}, {"op": "set", "side": "ask", "price": 0.09, "size": 31.0}]}
{"t": 1776975866.4869819, "events": [{"op": "set", "side": "ask", "price": 0.1, "size": 135.9}, {"op": "delete", "side": "ask", "price": 0.09}, {"op": "set", "side": "ask", "price": 0.03, "size": 180.0}, {"op": "set", "side": "ask", "price": 0.11, "size": 64.0}]}
{"t": 1776975868.5054138, "events": [{"op": "set", "side": "ask", "price": 0.1, "size": 105.9}]}
{"t": 1776975869.519797, "events": [{"op": "set", "side": "ask", "price": 0.03, "size": 120.0}, {"op": "set", "side": "ask", "price": 0.04, "size": 43.0}]}
{"t": 1776975870.536895, "events": [{"op": "set", "side": "ask", "price": 0.1, "size": 92.9}, {"op": "set", "side": "ask", "price": 0.11, "size": 61.0}, {"op": "set", "side": "ask", "price": 0.04, "size": 82.0}]}
{"t": 1776975873.562508, "events": [{"op": "set", "side": "ask", "price": 0.05, "size": 42.0}, {"op": "set", "side": "ask", "price": 0.04, "size": 39.0}]}
{"t": 1776975878.59487, "events": [{"op": "delete", "side": "bid", "price": 0.81}, {"op": "set", "side": "bid", "price": 0.8, "size": 450.0}, {"op": "delete", "side": "bid", "price": 0.82}, {"op": "delete", "side": "ask", "price": 0.05}, {"op": "set", "side": "ask", "price": 0.1, "size": 31.900000000000006}, {"op": "delete", "side": "ask", "price": 0.11}, {"op": "set", "side": "ask", "price": 0.04, "size": 41.0}]}
{"t": 1776975882.637974, "events": [{"op": "delete", "side": "bid", "price": 0.88}, {"op": "set", "side": "bid", "price": 0.8, "size": 1071.0}, {"op": "set", "side": "bid", "price": 0.81, "size": 1000.0}, {"op": "set", "side": "bid", "price": 0.82, "size": 379.0}, {"op": "set", "side": "bid", "price": 0.83, "size": 28.0}, {"op": "set", "side": "ask", "price": 0.1, "size": 286.9}, {"op": "set", "side": "ask", "price": 0.11, "size": 387.0}, {"op": "set", "side": "ask", "price": 0.04, "size": 72.0}]}
{"t": 1776975883.6573179, "events": [{"op": "set", "side": "ask", "price": 0.03, "size": 151.0}, {"op": "set", "side": "ask", "price": 0.05, "size": 42.0}, {"op": "set", "side": "ask", "price": 0.04, "size": 31.0}]}
{"t": 1776975889.700941, "events": [{"op": "set", "side": "bid", "price": 0.83, "size": 422.0}, {"op": "delete", "side": "bid", "price": 0.81}, {"op": "set", "side": "bid", "price": 0.8, "size": 1068.0}, {"op": "delete", "side": "bid", "price": 0.82}, {"op": "set", "side": "bid", "price": 0.84, "size": 31.0}, {"op": "set", "side": "bid", "price": 0.85, "size": 13.0}, {"op": "set", "side": "ask", "price": 0.05, "size": 177.0}, {"op": "set", "side": "ask", "price": 0.1, "size": 189.89999999999998}, {"op": "set", "side": "ask", "price": 0.11, "size": 129.0}, {"op": "delete", "side": "ask", "price": 0.04}]}
{"t": 1776975893.74344, "events": [{"op": "set", "side": "bid", "price": 0.83, "size": 394.0}, {"op": "set", "side": "bid", "price": 0.86, "size": 25.0}, {"op": "set", "side": "ask", "price": 0.05, "size": 135.0}, {"op": "set", "side": "ask", "price": 0.06, "size": 41.0}]}
{"t": 1776975912.854771, "events": [{"op": "delete", "side": "bid", "price": 0.86}]}
{"t": 1776975913.861079, "events": [{"op": "delete", "side": "bid", "price": 0.85}, {"op": "delete", "side": "bid", "price": 0.83}, {"op": "delete", "side": "bid", "price": 0.84}, {"op": "set", "side": "bid", "price": 0.81, "size": 29.0}, {"op": "delete", "side": "ask", "price": 0.06}, {"op": "delete", "side": "ask", "price": 0.05}, {"op": "set", "side": "ask", "price": 0.1, "size": 135.89999999999998}, {"op": "set", "side": "ask", "price": 0.11, "size": 89.0}, {"op": "set", "side": "ask", "price": 0.04, "size": 43.0}]}
{"t": 1776975914.8911412, "events": [{"op": "set", "side": "bid", "price": 0.81, "size": 1029.0}, {"op": "set", "side": "bid", "price": 0.8, "size": 1071.0}, {"op": "set", "side": "bid", "price": 0.82, "size": 379.0}, {"op": "set", "side": "ask", "price": 0.03, "size": 120.0}, {"op": "set", "side": "ask", "price": 0.06, "size": 83.0}]}
{"t": 1776975916.9452019, "events": [{"op": "set", "side": "bid", "price": 0.81, "size": 654.0}, {"op": "set", "side": "bid", "price": 0.8, "size": 461.0}, {"op": "delete", "side": "ask", "price": 0.06}, {"op": "set", "side": "ask", "price": 0.1, "size": 104.89999999999998}, {"op": "set", "side": "ask", "price": 0.11, "size": 66.0}, {"op": "set", "side": "ask", "price": 0.01, "size": 301.0}]}
{"t": 1776975917.960892, "events": [{"op": "set", "side": "bid", "price": 0.82, "size": 399.0}, {"op": "set", "side": "bid", "price": 0.83, "size": 13.0}, {"op": "set", "side": "ask", "price": 0.04, "size": 98.0}]}
{"t": 1776975918.9692569, "events": [{"op": "set", "side": "bid", "price": 0.81, "size": 625.0}, {"op": "set", "side": "bid", "price": 0.88, "size": 23.0}, {"op": "set", "side": "ask", "price": 0.05, "size": 41.0}, {"op": "set", "side": "ask", "price": 0.04, "size": 55.0}]}
{"t": 1776975940.061205, "events": [{"op": "delete", "side": "bid", "price": 0.83}, {"op": "delete", "side": "bid", "price": 0.81}, {"op": "delete", "side": "bid", "price": 0.82}, {"op": "set", "side": "bid", "price": 0.8, "size": 450.0}, {"op": "set", "side": "ask", "price": 0.1, "size": 31.899999999999977}, {"op": "delete", "side": "ask", "price": 0.11}, {"op": "delete", "side": "ask", "price": 0.04}]}
{"t": 1776975942.095907, "events": [{"op": "set", "side": "bid", "price": 0.8, "size": 1071.0}, {"op": "set", "side": "bid", "price": 0.81, "size": 1000.0}, {"op": "set", "side": "bid", "price": 0.82, "size": 379.0}, {"op": "set", "side": "ask", "price": 0.1, "size": 291.9}, {"op": "set", "side": "ask", "price": 0.05, "size": 72.0}, {"op": "set", "side": "ask", "price": 0.11, "size": 395.0}]}
{"t": 1776975943.110956, "events": [{"op": "delete", "side": "bid", "price": 0.88}, {"op": "set", "side": "bid", "price": 0.83, "size": 28.0}, {"op": "set", "side": "ask", "price": 0.05, "size": 31.0}, {"op": "set", "side": "ask", "price": 0.03, "size": 144.0}, {"op": "set", "side": "ask", "price": 0.01, "size": 270.0}]}
{"t": 1776975944.1347961, "events": [{"op": "set", "side": "ask", "price": 0.06, "size": 41.0}]}
{"t": 1776975945.176098, "events": [{"op": "delete", "side": "bid", "price": 0.81}, {"op": "delete", "side": "bid", "price": 0.82}, {"op": "delete", "side": "ask", "price": 0.05}]}
{"t": 1776975946.19179, "events": [{"op": "set", "side": "bid", "price": 0.8, "size": 1068.0}, {"op": "set", "side": "ask", "price": 0.1, "size": 192.89999999999998}, {"op": "set", "side": "ask", "price": 0.11, "size": 131.0}]}
{"t": 1776975948.2322109, "events": [{"op": "set", "side": "bid", "price": 0.83, "size": 394.0}, {"op": "set", "side": "bid", "price": 0.84, "size": 31.0}, {"op": "set", "side": "bid", "price": 0.85, "size": 13.0}, {"op": "set", "side": "ask", "price": 0.06, "size": 137.0}]}
{"t": 1776975949.255933, "events": [{"op": "set", "side": "bid", "price": 0.88, "size": 22.0}, {"op": "set", "side": "ask", "price": 0.07, "size": 39.0}]}
{"t": 1776975951.2976189, "events": [{"op": "delete", "side": "bid", "price": 0.85}, {"op": "delete", "side": "bid", "price": 0.83}, {"op": "delete", "side": "bid", "price": 0.84}, {"op": "set", "side": "bid", "price": 0.8, "size": 450.0}, {"op": "delete", "side": "ask", "price": 0.06}, {"op": "set", "side": "ask", "price": 0.1, "size": 31.899999999999977}, {"op": "delete", "side": "ask", "price": 0.11}]}
{"t": 1776975953.32274, "events": [{"op": "delete", "side": "ask", "price": 0.07}, {"op": "set", "side": "ask", "price": 0.04, "size": 41.0}]}
{"t": 1776975954.332581, "events": [{"op": "set", "side": "bid", "price": 0.8, "size": 1071.0}, {"op": "set", "side": "bid", "price": 0.81, "size": 1000.0}, {"op": "set", "side": "bid", "price": 0.82, "size": 379.0}, {"op": "set", "side": "ask", "price": 0.1, "size": 290.9}, {"op": "set", "side": "ask", "price": 0.07, "size": 31.0}, {"op": "set", "side": "ask", "price": 0.11, "size": 393.0}]}
{"t": 1776975955.341995, "events": [{"op": "delete", "side": "bid", "price": 0.88}, {"op": "set", "side": "bid", "price": 0.83, "size": 28.0}]}
{"t": 1776975959.372451, "events": [{"op": "set", "side": "bid", "price": 0.83, "size": 394.0}, {"op": "delete", "side": "bid", "price": 0.81}, {"op": "set", "side": "bid", "price": 0.8, "size": 1068.0}, {"op": "delete", "side": "bid", "price": 0.82}, {"op": "set", "side": "bid", "price": 0.88, "size": 23.0}, {"op": "set", "side": "bid", "price": 0.84, "size": 31.0}, {"op": "set", "side": "bid", "price": 0.85, "size": 13.0}, {"op": "delete", "side": "ask", "price": 0.07}, {"op": "set", "side": "ask", "price": 0.1, "size": 192.89999999999998}, {"op": "set", "side": "ask", "price": 0.11, "size": 131.0}, {"op": "set", "side": "ask", "price": 0.04, "size": 178.0}]}
{"t": 1776975963.398977, "events": [{"op": "set", "side": "ask", "price": 0.04, "size": 136.0}]}
{"t": 1776975964.407889, "events": [{"op": "set", "side": "ask", "price": 0.05, "size": 41.0}]}
{"t": 1776975971.450849, "events": [{"op": "delete", "side": "bid", "price": 0.85}, {"op": "delete", "side": "bid", "price": 0.83}, {"op": "delete", "side": "bid", "price": 0.84}, {"op": "set", "side": "ask", "price": 0.1, "size": 137.89999999999998}, {"op": "set", "side": "ask", "price": 0.11, "size": 90.0}, {"op": "delete", "side": "ask", "price": 0.04}]}
{"t": 1776975973.468818, "events": [{"op": "delete", "side": "ask", "price": 0.05}, {"op": "set", "side": "ask", "price": 0.03, "size": 120.0}]}
{"t": 1776975974.486274, "events": [{"op": "set", "side": "bid", "price": 0.8, "size": 1071.0}, {"op": "set", "side": "bid", "price": 0.81, "size": 1000.0}, {"op": "set", "side": "bid", "price": 0.82, "size": 379.0}, {"op": "set", "side": "ask", "price": 0.05, "size": 85.0}, {"op": "set", "side": "ask", "price": 0.04, "size": 42.0}]}
{"t": 1776975977.5051599, "events": [{"op": "delete", "side": "ask", "price": 0.05}, {"op": "set", "side": "ask", "price": 0.1, "size": 106.89999999999998}, {"op": "set", "side": "ask", "price": 0.11, "size": 68.0}]}
{"t": 1776975978.524107, "events": [{"op": "set", "side": "ask", "price": 0.04, "size": 56.0}]}
{"t": 1776975979.530004, "events": [{"op": "set", "side": "ask", "price": 0.05, "size": 41.0}]}
{"t": 1776975989.593303, "events": [{"op": "set", "side": "ask", "price": 0.03, "size": 160.0}, {"op": "set", "side": "ask", "price": 0.1, "size": 91.89999999999998}, {"op": "set", "side": "ask", "price": 0.11, "size": 59.0}, {"op": "delete", "side": "ask", "price": 0.04}]}
{"t": 1776975993.639185, "events": [{"op": "delete", "side": "ask", "price": 0.05}]}
{"t": 1776975994.652439, "events": [{"op": "set", "side": "ask", "price": 0.04, "size": 42.0}]}
{"t": 1776976002.718677, "events": [{"op": "set", "side": "ask", "price": 0.1, "size": 80.89999999999998}, {"op": "set", "side": "ask", "price": 0.03, "size": 120.0}, {"op": "set", "side": "ask", "price": 0.11, "size": 49.0}, {"op": "set", "side": "ask", "price": 0.04, "size": 75.0}]}
{"t": 1776976003.738184, "events": [{"op": "set", "side": "ask", "price": 0.05, "size": 41.0}, {"op": "set", "side": "ask", "price": 0.04, "size": 33.0}]}
{"t": 1776976005.821455, "events": [{"op": "set", "side": "ask", "price": 0.05, "size": 67.0}, {"op": "set", "side": "ask", "price": 0.1, "size": 71.89999999999998}, {"op": "set", "side": "ask", "price": 0.11, "size": 40.0}, {"op": "delete", "side": "ask", "price": 0.04}]}
{"t": 1776976008.8495371, "events": [{"op": "set", "side": "ask", "price": 0.05, "size": 26.0}, {"op": "set", "side": "ask", "price": 0.06, "size": 40.0}]}
{"t": 1776976011.8745532, "events": [{"op": "delete", "side": "ask", "price": 0.05}]}
{"t": 1776976012.8924701, "events": [{"op": "set", "side": "ask", "price": 0.1, "size": 74.89999999999998}, {"op": "set", "side": "ask", "price": 0.06, "size": 71.0}]}
{"t": 1776976013.8963861, "events": [{"op": "set", "side": "ask", "price": 0.06, "size": 31.0}, {"op": "set", "side": "ask", "price": 0.07, "size": 38.0}]}
{"t": 1776976018.944151, "events": [{"op": "set", "side": "ask", "price": 0.07, "size": 39.0}]}
{"t": 1776976021.967751, "events": [{"op": "delete", "side": "ask", "price": 0.06}]}
{"t": 1776976022.983882, "events": [{"op": "set", "side": "ask", "price": 0.07, "size": 70.0}, {"op": "set", "side": "ask", "price": 0.11, "size": 42.0}]}
{"t": 1776976023.989538, "events": [{"op": "set", "side": "ask", "price": 0.07, "size": 31.0}, {"op": "set", "side": "ask", "price": 0.08, "size": 36.0}]}
{"t": 1776976028.033005, "events": [{"op": "delete", "side": "ask", "price": 0.08}]}
{"t": 1776976029.046649, "events": [{"op": "set", "side": "ask", "price": 0.08, "size": 36.0}]}
{"t": 1776976030.0649989, "events": [{"op": "delete", "side": "ask", "price": 0.07}]}
{"t": 1776976031.0763671, "events": [{"op": "set", "side": "ask", "price": 0.08, "size": 67.0}]}
{"t": 1776976033.0979562, "events": [{"op": "set", "side": "ask", "price": 0.08, "size": 31.0}]}
{"t": 1776976034.1065989, "events": [{"op": "set", "side": "ask", "price": 0.09, "size": 33.0}]}
{"t": 1776976038.1259038, "events": [{"op": "delete", "side": "ask", "price": 0.09}]}
{"t": 1776976039.130999, "events": [{"op": "delete", "side": "ask", "price": 0.08}, {"op": "set", "side": "ask", "price": 0.09, "size": 33.0}]}
{"t": 1776976040.136569, "events": [{"op": "set", "side": "ask", "price": 0.03, "size": 151.0}]}
{"t": 1776976041.146323, "events": [{"op": "set", "side": "ask", "price": 0.03, "size": 120.0}, {"op": "set", "side": "ask", "price": 0.11, "size": 40.0}]}
{"t": 1776976042.1519518, "events": [{"op": "set", "side": "ask", "price": 0.09, "size": 64.0}]}
{"t": 1776976043.1629992, "events": [{"op": "set", "side": "ask", "price": 0.09, "size": 31.0}]}
{"t": 1776976044.185159, "events": [{"op": "delete", "side": "bid", "price": 0.81}, {"op": "set", "side": "bid", "price": 0.8, "size": 450.0}, {"op": "delete", "side": "bid", "price": 0.82}, {"op": "set", "side": "ask", "price": 0.1, "size": 31.899999999999977}, {"op": "delete", "side": "ask", "price": 0.09}, {"op": "delete", "side": "ask", "price": 0.11}, {"op": "set", "side": "ask", "price": 0.04, "size": 42.0}]}
{"t": 1776976047.209746, "events": [{"op": "set", "side": "bid", "price": 0.8, "size": 1071.0}, {"op": "set", "side": "bid", "price": 0.81, "size": 1000.0}, {"op": "set", "side": "bid", "price": 0.82, "size": 379.0}, {"op": "set", "side": "ask", "price": 0.1, "size": 287.9}, {"op": "set", "side": "ask", "price": 0.11, "size": 388.0}, {"op": "set", "side": "ask", "price": 0.04, "size": 73.0}]}
{"t": 1776976048.218187, "events": [{"op": "delete", "side": "bid", "price": 0.88}, {"op": "set", "side": "ask", "price": 0.03, "size": 148.0}, {"op": "set", "side": "ask", "price": 0.04, "size": 31.0}]}
{"t": 1776976049.2295182, "events": [{"op": "delete", "side": "bid", "price": 0.82}, {"op": "delete", "side": "bid", "price": 0.81}, {"op": "set", "side": "bid", "price": 0.83, "size": 28.0}, {"op": "set", "side": "ask", "price": 0.05, "size": 42.0}, {"op": "delete", "side": "ask", "price": 0.04}]}
{"t": 1776976050.238752, "events": [{"op": "set", "side": "bid", "price": 0.83, "size": 422.0}, {"op": "set", "side": "bid", "price": 0.8, "size": 1069.0}, {"op": "set", "side": "bid", "price": 0.84, "size": 31.0}, {"op": "set", "side": "bid", "price": 0.85, "size": 13.0}, {"op": "set", "side": "ask", "price": 0.1, "size": 190.89999999999998}, {"op": "set", "side": "ask", "price": 0.05, "size": 177.0}, {"op": "set", "side": "ask", "price": 0.11, "size": 130.0}]}
{"t": 1776976053.276522, "events": [{"op": "set", "side": "bid", "price": 0.83, "size": 394.0}, {"op": "set", "side": "ask", "price": 0.05, "size": 135.0}]}
{"t": 1776976054.2832232, "events": [{"op": "set", "side": "bid", "price": 0.86, "size": 26.0}, {"op": "set", "side": "ask", "price": 0.06, "size": 41.0}]}
{"t": 1776976058.306615, "events": [{"op": "delete", "side": "bid", "price": 0.86}, {"op": "delete", "side": "bid", "price": 0.85}, {"op": "delete", "side": "bid", "price": 0.83}, {"op": "delete", "side": "bid", "price": 0.84}, {"op": "set", "side": "bid", "price": 0.8, "size": 450.0}, {"op": "set", "side": "bid", "price": 0.88, "size": 26.0}, {"op": "delete", "side": "ask", "price": 0.06}, {"op": "delete", "side": "ask", "price": 0.05}, {"op": "set", "side": "ask", "price": 0.1, "size": 31.899999999999977}, {"op": "delete", "side": "ask", "price": 0.11}, {"op": "set", "side": "ask", "price": 0.04, "size": 41.0}]}
{"t": 1776976061.337662, "events": [{"op": "set", "side": "bid", "price": 0.8, "size": 1071.0}, {"op": "set", "side": "bid", "price": 0.81, "size": 1000.0}, {"op": "set", "side": "bid", "price": 0.82, "size": 379.0}, {"op": "set", "side": "ask", "price": 0.1, "size": 290.9}, {"op": "set", "side": "ask", "price": 0.11, "size": 394.0}, {"op": "set", "side": "ask", "price": 0.04, "size": 72.0}]}
{"t": 1776976063.365494, "events": [{"op": "set", "side": "ask", "price": 0.04, "size": 31.0}]}
{"t": 1776976064.375992, "events": [{"op": "set", "side": "ask", "price": 0.05, "size": 42.0}]}
{"t": 1776976065.3873029, "events": [{"op": "set", "side": "ask", "price": 0.1, "size": 192.89999999999998}, {"op": "set", "side": "ask", "price": 0.11, "size": 131.0}, {"op": "delete", "side": "ask", "price": 0.04}]}
{"t": 1776976066.397533, "events": [{"op": "set", "side": "ask", "price": 0.05, "size": 178.0}]}
{"t": 1776976068.419334, "events": [{"op": "set", "side": "ask", "price": 0.05, "size": 136.0}]}
{"t": 1776976069.436353, "events": [{"op": "set", "side": "ask", "price": 0.06, "size": 40.0}]}
{"t": 1776976074.460224, "events": [{"op": "delete", "side": "ask", "price": 0.05}, {"op": "set", "side": "ask", "price": 0.1, "size": 137.89999999999998}, {"op": "set", "side": "ask", "price": 0.11, "size": 90.0}]}
{"t": 1776976075.471221, "events": [{"op": "set", "side": "ask", "price": 0.06, "size": 125.0}, {"op": "set", "side": "ask", "price": 0.03, "size": 120.0}, {"op": "set", "side": "ask", "price": 0.01, "size": 299.0}]}
{"t": 1776976077.482344, "events": [{"op": "set", "side": "ask", "price": 0.1, "size": 112.89999999999998}, {"op": "set", "side": "ask", "price": 0.06, "size": 96.0}, {"op": "set", "side": "ask", "price": 0.11, "size": 77.0}]}
{"t": 1776976078.494921, "events": [{"op": "set", "side": "ask", "price": 0.06, "size": 56.0}, {"op": "set", "side": "ask", "price": 0.07, "size": 39.0}]}
{"t": 1776976083.531923, "events": [{"op": "delete", "side": "ask", "price": 0.07}]}
{"t": 1776976084.54107, "events": [{"op": "set", "side": "ask", "price": 0.07, "size": 39.0}]}
{"t": 1776976085.548361, "events": [{"op": "delete", "side": "bid", "price": 0.81}, {"op": "set", "side": "bid", "price": 0.8, "size": 450.0}, {"op": "delete", "side": "bid", "price": 0.82}, {"op": "delete", "side": "ask", "price": 0.06}, {"op": "set", "side": "ask", "price": 0.1, "size": 31.899999999999977}, {"op": "delete", "side": "ask", "price": 0.11}]}
{"t": 1776976088.582797, "events": [{"op": "delete", "side": "ask", "price": 0.07}, {"op": "set", "side": "ask", "price": 0.04, "size": 41.0}]}
{"t": 1776976089.58958, "events": [{"op": "set", "side": "bid", "price": 0.8, "size": 1071.0}, {"op": "set", "side": "bid", "price": 0.81, "size": 1000.0}, {"op": "set", "side": "bid", "price": 0.82, "size": 379.0}, {"op": "set", "side": "ask", "price": 0.1, "size": 290.9}, {"op": "set", "side": "ask", "price": 0.07, "size": 31.0}, {"op": "set", "side": "ask", "price": 0.11, "size": 394.0}]}
{"t": 1776976091.599458, "events": [{"op": "delete", "side": "ask", "price": 0.07}, {"op": "set", "side": "ask", "price": 0.1, "size": 192.89999999999998}, {"op": "set", "side": "ask", "price": 0.11, "size": 131.0}]}
{"t": 1776976092.6074328, "events": [{"op": "set", "side": "ask", "price": 0.04, "size": 177.0}]}
{"t": 1776976093.6152132, "events": [{"op": "set", "side": "ask", "price": 0.05, "size": 41.0}, {"op": "set", "side": "ask", "price": 0.04, "size": 136.0}]}
{"t": 1776976095.6349592, "events": [{"op": "delete", "side": "ask", "price": 0.04}]}
{"t": 1776976096.652119, "events": [{"op": "set", "side": "ask", "price": 0.1, "size": 137.89999999999998}, {"op": "set", "side": "ask", "price": 0.11, "size": 90.0}]}
{"t": 1776976097.657048, "events": [{"op": "set", "side": "ask", "price": 0.05, "size": 126.0}]}
{"t": 1776976098.6700659, "events": [{"op": "set", "side": "ask", "price": 0.05, "size": 85.0}, {"op": "set", "side": "ask", "price": 0.06, "size": 41.0}]}
{"t": 1776976099.67869, "events": [{"op": "delete", "side": "ask", "price": 0.05}, {"op": "set", "side": "ask", "price": 0.01, "size": 270.0}]}
{"t": 1776976100.698726, "events": [{"op": "set", "side": "ask", "price": 0.1, "size": 106.89999999999998}, {"op": "set", "side": "ask", "price": 0.06, "size": 97.0}, {"op": "set", "side": "ask", "price": 0.11, "size": 68.0}]}
{"t": 1776976103.7164748, "events": [{"op": "set", "side": "ask", "price": 0.06, "size": 56.0}, {"op": "set", "side": "ask", "price": 0.07, "size": 39.0}]}
{"t": 1776976113.775799, "events": [{"op": "set", "side": "ask", "price": 0.07, "size": 40.0}, {"op": "delete", "side": "ask", "price": 0.06}, {"op": "set", "side": "ask", "price": 0.1, "size": 91.89999999999998}, {"op": "set", "side": "ask", "price": 0.11, "size": 59.0}, {"op": "set", "side": "ask", "price": 0.04, "size": 42.0}]}
{"t": 1776976116.79982, "events": [{"op": "delete", "side": "ask", "price": 0.07}, {"op": "set", "side": "ask", "price": 0.1, "size": 80.89999999999998}, {"op": "set", "side": "ask", "price": 0.11, "size": 49.0}, {"op": "set", "side": "ask", "price": 0.04, "size": 75.0}]}
{"t": 1776976118.820491, "events": [{"op": "set", "side": "ask", "price": 0.04, "size": 33.0}]}
{"t": 1776976119.83535, "events": [{"op": "set", "side": "ask", "price": 0.05, "size": 41.0}]}
{"t": 1776976128.8931751, "events": [{"op": "set", "side": "ask", "price": 0.05, "size": 26.0}, {"op": "set", "side": "ask", "price": 0.1, "size": 71.89999999999998}, {"op": "set", "side": "ask", "price": 0.11, "size": 40.0}, {"op": "set", "side": "ask", "price": 0.04, "size": 42.0}]}
{"t": 1776976130.9047801, "events": [{"op": "delete", "side": "ask", "price": 0.05}, {"op": "set", "side": "ask", "price": 0.1, "size": 74.89999999999998}, {"op": "set", "side": "ask", "price": 0.04, "size": 73.0}]}
{"t": 1776976132.9187572, "events": [{"op": "set", "side": "ask", "price": 0.04, "size": 31.0}]}
{"t": 1776976133.922157, "events": [{"op": "set", "side": "ask", "price": 0.05, "size": 41.0}]}
{"t": 1776976135.934583, "events": [{"op": "delete", "side": "bid", "price": 0.81}, {"op": "set", "side": "bid", "price": 0.8, "size": 450.0}, {"op": "delete", "side": "bid", "price": 0.82}, {"op": "set", "side": "ask", "price": 0.1, "size": 31.899999999999977}, {"op": "delete", "side": "ask", "price": 0.11}, {"op": "delete", "side": "ask", "price": 0.04}]}
{"t": 1776976137.96097, "events": [{"op": "delete", "side": "ask", "price": 0.05}]}
{"t": 1776976138.9725718, "events": [{"op": "set", "side": "ask", "price": 0.04, "size": 40.0}]}
{"t": 1776976139.976351, "events": [{"op": "set", "side": "bid", "price": 0.8, "size": 1071.0}, {"op": "set", "side": "bid", "price": 0.81, "size": 1000.0}, {"op": "set", "side": "bid", "price": 0.82, "size": 379.0}, {"op": "set", "side": "ask", "price": 0.1, "size": 286.9}, {"op": "set", "side": "ask", "price": 0.11, "size": 387.0}, {"op": "set", "side": "ask", "price": 0.04, "size": 71.0}]}
{"t": 1776976143.994279, "events": [{"op": "set", "side": "ask", "price": 0.03, "size": 146.0}, {"op": "set", "side": "ask", "price": 0.05, "size": 41.0}, {"op": "set", "side": "ask", "price": 0.04, "size": 31.0}]}
{"t": 1776976152.035327, "events": [{"op": "delete", "side": "bid", "price": 0.81}, {"op": "set", "side": "bid", "price": 0.8, "size": 450.0}, {"op": "delete", "side": "bid", "price": 0.82}, {"op": "set", "side": "ask", "price": 0.1, "size": 31.899999999999977}, {"op": "delete", "side": "ask", "price": 0.11}, {"op": "delete", "side": "ask", "price": 0.04}]}
{"t": 1776976153.054967, "events": [{"op": "set", "side": "bid", "price": 0.8, "size": 1071.0}, {"op": "set", "side": "bid", "price": 0.81, "size": 1000.0}, {"op": "set", "side": "bid", "price": 0.82, "size": 379.0}, {"op": "set", "side": "ask", "price": 0.1, "size": 290.9}, {"op": "set", "side": "ask", "price": 0.05, "size": 72.0}, {"op": "set", "side": "ask", "price": 0.11, "size": 394.0}]}
{"t": 1776976154.063997, "events": [{"op": "set", "side": "ask", "price": 0.05, "size": 31.0}, {"op": "set", "side": "ask", "price": 0.06, "size": 40.0}]}
{"t": 1776976163.1601741, "events": [{"op": "delete", "side": "ask", "price": 0.06}]}
{"t": 1776976164.1660988, "events": [{"op": "set", "side": "ask", "price": 0.06, "size": 40.0}]}
{"t": 1776976168.185441, "events": [{"op": "delete", "side": "ask", "price": 0.06}]}
{"t": 1776976169.201382, "events": [{"op": "set", "side": "ask", "price": 0.06, "size": 40.0}]}
{"t": 1776976172.213068, "events": [{"op": "delete", "side": "ask", "price": 0.05}, {"op": "set", "side": "ask", "price": 0.1, "size": 192.89999999999998}, {"op": "set", "side": "ask", "price": 0.11, "size": 131.0}]}
{"t": 1776976173.230133, "events": [{"op": "set", "side": "ask", "price": 0.06, "size": 136.0}]}
{"t": 1776976174.237823, "events": [{"op": "set", "side": "ask", "price": 0.07, "size": 38.0}]}
{"t": 1776976175.24962, "events": [{"op": "delete", "side": "ask", "price": 0.06}]}
{"t": 1776976176.259373, "events": [{"op": "set", "side": "ask", "price": 0.1, "size": 137.89999999999998}, {"op": "set", "side": "ask", "price": 0.11, "size": 90.0}]}
{"t": 1776976178.273995, "events": [{"op": "set", "side": "ask", "price": 0.07, "size": 85.0}, {"op": "set", "side": "ask", "price": 0.03, "size": 120.0}]}
{"t": 1776976179.287406, "events": [{"op": "set", "side": "ask", "price": 0.08, "size": 37.0}, {"op": "set", "side": "ask", "price": 0.01, "size": 287.0}]}
{"t": 1776976188.349905, "events": [{"op": "delete", "side": "ask", "price": 0.08}]}
{"t": 1776976189.36215, "events": [{"op": "set", "side": "ask", "price": 0.08, "size": 37.0}]}
{"t": 1776976193.395335, "events": [{"op": "delete", "side": "ask", "price": 0.08}]}
{"t": 1776976194.405488, "events": [{"op": "set", "side": "ask", "price": 0.11, "size": 88.0}, {"op": "set", "side": "ask", "price": 0.08, "size": 37.0}]}
{"t": 1776976197.420757, "events": [{"op": "delete", "side": "ask", "price": 0.07}, {"op": "set", "side": "ask", "price": 0.1, "size": 106.89999999999998}, {"op": "set", "side": "ask", "price": 0.11, "size": 68.0}]}
{"t": 1776976198.435571, "events": [{"op": "set", "side": "ask", "price": 0.08, "size": 56.0}, {"op": "set", "side": "ask", "price": 0.09, "size": 33.0}, {"op": "set", "side": "ask", "price": 0.01, "size": 270.0}]}
{"t": 1776976203.4636748, "events": [{"op": "delete", "side": "ask", "price": 0.09}]}
{"t": 1776976204.476952, "events": [{"op": "delete", "side": "bid", "price": 0.81}, {"op": "set", "side": "bid", "price": 0.8, "size": 450.0}, {"op": "delete", "side": "bid", "price": 0.82}, {"op": "set", "side": "ask", "price": 0.1, "size": 31.899999999999977}, {"op": "delete", "side": "ask", "price": 0.08}, {"op": "delete", "side": "ask", "price": 0.11}, {"op": "set", "side": "ask", "price": 0.09, "size": 33.0}]}
{"t": 1776976207.508864, "events": [{"op": "set", "side": "bid", "price": 0.8, "size": 1071.0}, {"op": "set", "side": "bid", "price": 0.81, "size": 1000.0}, {"op": "set", "side": "bid", "price": 0.82, "size": 379.0}, {"op": "set", "side": "ask", "price": 0.1, "size": 286.9}, {"op": "set", "side": "ask", "price": 0.09, "size": 65.0}, {"op": "set", "side": "ask", "price": 0.11, "size": 386.0}]}
{"t": 1776976208.525941, "events": [{"op": "set", "side": "ask", "price": 0.09, "size": 32.0}]}
{"t": 1776976209.539958, "events": [{"op": "set", "side": "ask", "price": 0.03, "size": 151.0}, {"op": "set", "side": "ask", "price": 0.04, "size": 42.0}]}
{"t": 1776976214.569775, "events": [{"op": "delete", "side": "ask", "price": 0.09}]}
{"t": 1776976215.5757089, "events": [{"op": "set", "side": "ask", "price": 0.1, "size": 189.89999999999998}, {"op": "set", "side": "ask", "price": 0.11, "size": 129.0}, {"op": "set", "side": "ask", "price": 0.04, "size": 177.0}]}
{"t": 1776976218.6080482, "events": [{"op": "set", "side": "ask", "price": 0.1, "size": 147.89999999999998}, {"op": "set", "side": "ask", "price": 0.11, "size": 109.0}, {"op": "set", "side": "ask", "price": 0.05, "size": 41.0}, {"op": "set", "side": "ask", "price": 0.04, "size": 83.0}]}
{"t": 1776976222.6332319, "events": [{"op": "set", "side": "ask", "price": 0.05, "size": 102.0}, {"op": "set", "side": "ask", "price": 0.1, "size": 111.89999999999998}, {"op": "set", "side": "ask", "price": 0.11, "size": 71.0}, {"op": "delete", "side": "ask", "price": 0.04}]}
{"t": 1776976223.6436858, "events": [{"op": "set", "side": "bid", "price": 0.8, "size": 1070.0}, {"op": "set", "side": "bid", "price": 0.82, "size": 380.0}, {"op": "set", "side": "ask", "price": 0.1, "size": 94.89999999999998}, {"op": "set", "side": "ask", "price": 0.05, "size": 43.0}, {"op": "set", "side": "ask", "price": 0.11, "size": 61.0}, {"op": "set", "side": "ask", "price": 0.06, "size": 39.0}]}
{"t": 1776976238.714187, "events": [{"op": "delete", "side": "ask", "price": 0.06}]}
{"t": 1776976239.7258828, "events": [{"op": "set", "side": "ask", "price": 0.06, "size": 39.0}]}
{"t": 1776976248.776133, "events": [{"op": "set", "side": "ask", "price": 0.06, "size": 40.0}]}
{"t": 1776976253.8076642, "events": [{"op": "delete", "side": "ask", "price": 0.06}]}
{"t": 1776976254.822479, "events": [{"op": "delete", "side": "ask", "price": 0.05}, {"op": "set", "side": "ask", "price": 0.06, "size": 40.0}]}
{"t": 1776976255.835129, "events": [{"op": "set", "side": "ask", "price": 0.1, "size": 82.89999999999998}, {"op": "set", "side": "ask", "price": 0.06, "size": 74.0}, {"op": "set", "side": "ask", "price": 0.11, "size": 51.0}]}
{"t": 1776976258.864931, "events": [{"op": "set", "side": "ask", "price": 0.06, "size": 34.0}, {"op": "set", "side": "ask", "price": 0.07, "size": 38.0}]}
{"t": 1776976259.875783, "events": [{"op": "delete", "side": "ask", "price": 0.06}, {"op": "set", "side": "ask", "price": 0.1, "size": 73.89999999999998}, {"op": "set", "side": "ask", "price": 0.11, "size": 42.0}]}
{"t": 1776976260.885631, "events": [{"op": "set", "side": "ask", "price": 0.07, "size": 66.0}]}
{"t": 1776976263.909769, "events": [{"op": "set", "side": "ask", "price": 0.07, "size": 28.0}, {"op": "set", "side": "ask", "price": 0.08, "size": 36.0}]}
{"t": 1776976276.0147579, "events": [{"op": "delete", "side": "ask", "price": 0.07}, {"op": "set", "side": "ask", "price": 0.11, "size": 41.0}]}
{"t": 1776976277.039475, "events": [{"op": "set", "side": "ask", "price": 0.1, "size": 74.89999999999998}, {"op": "set", "side": "ask", "price": 0.08, "size": 67.0}]}
{"t": 1776976279.0620182, "events": [{"op": "set", "side": "ask", "price": 0.08, "size": 31.0}, {"op": "set", "side": "ask", "price": 0.09, "size": 32.0}]}
{"t": 1776976280.070851, "events": [{"op": "delete", "side": "ask", "price": 0.08}]}
{"t": 1776976281.087897, "events": [{"op": "set", "side": "ask", "price": 0.09, "size": 63.0}, {"op": "set", "side": "ask", "price": 0.11, "size": 42.0}]}
{"t": 1776976284.125754, "events": [{"op": "set", "side": "ask", "price": 0.09, "size": 31.0}, {"op": "set", "side": "ask", "price": 0.04, "size": 42.0}]}
{"t": 1776976285.139929, "events": [{"op": "delete", "side": "bid", "price": 0.81}, {"op": "set", "side": "bid", "price": 0.8, "size": 450.0}, {"op": "delete", "side": "bid", "price": 0.82}, {"op": "delete", "side": "ask", "price": 0.09}, {"op": "set", "side": "ask", "price": 0.1, "size": 31.899999999999977}, {"op": "delete", "side": "ask", "price": 0.11}]}
{"t": 1776976287.161626, "events": [{"op": "set", "side": "bid", "price": 0.8, "size": 1070.0}, {"op": "set", "side": "bid", "price": 0.81, "size": 1000.0}, {"op": "set", "side": "bid", "price": 0.82, "size": 380.0}, {"op": "set", "side": "ask", "price": 0.1, "size": 292.9}, {"op": "set", "side": "ask", "price": 0.03, "size": 120.0}, {"op": "set", "side": "ask", "price": 0.11, "size": 395.0}, {"op": "set", "side": "ask", "price": 0.04, "size": 74.0}]}
{"t": 1776976289.1844962, "events": [{"op": "set", "side": "ask", "price": 0.03, "size": 146.0}, {"op": "set", "side": "ask", "price": 0.04, "size": 32.0}]}
{"t": 1776976290.196137, "events": [{"op": "set", "side": "ask", "price": 0.05, "size": 41.0}]}
{"t": 1776976301.276474, "events": [{"op": "delete", "side": "bid", "price": 0.81}, {"op": "set", "side": "bid", "price": 0.8, "size": 450.0}, {"op": "delete", "side": "bid", "price": 0.82}, {"op": "set", "side": "ask", "price": 0.1, "size": 31.899999999999977}, {"op": "delete", "side": "ask", "price": 0.11}, {"op": "delete", "side": "ask", "price": 0.04}]}
{"t": 1776976303.3065321, "events": [{"op": "delete", "side": "ask", "price": 0.05}, {"op": "set", "side": "ask", "price": 0.03, "size": 120.0}]}
{"t": 1776976304.313708, "events": [{"op": "set", "side": "bid", "price": 0.8, "size": 1070.0}, {"op": "set", "side": "bid", "price": 0.81, "size": 1000.0}, {"op": "set", "side": "bid", "price": 0.82, "size": 380.0}, {"op": "set", "side": "ask", "price": 0.1, "size": 285.9}, {"op": "set", "side": "ask", "price": 0.03, "size": 152.0}, {"op": "set", "side": "ask", "price": 0.11, "size": 383.0}, {"op": "set", "side": "ask", "price": 0.04, "size": 40.0}]}
{"t": 1776976307.3653572, "events": [{"op": "set", "side": "ask", "price": 0.1, "size": 176.89999999999998}, {"op": "set", "side": "ask", "price": 0.03, "size": 151.0}, {"op": "set", "side": "ask", "price": 0.11, "size": 107.0}, {"op": "set", "side": "ask", "price": 0.04, "size": 174.0}]}
{"t": 1776976308.374354, "events": [{"op": "set", "side": "ask", "price": 0.04, "size": 134.0}]}
{"t": 1776976309.386129, "events": [{"op": "set", "side": "ask", "price": 0.05, "size": 41.0}]}
{"t": 1776976313.409361, "events": [{"op": "delete", "side": "ask", "price": 0.05}]}
{"t": 1776976314.4200819, "events": [{"op": "set", "side": "ask", "price": 0.05, "size": 41.0}]}
{"t": 1776976318.442741, "events": [{"op": "delete", "side": "ask", "price": 0.05}]}
{"t": 1776976319.457519, "events": [{"op": "set", "side": "ask", "price": 0.05, "size": 41.0}]}
{"t": 1776976323.4797351, "events": [{"op": "set", "side": "ask", "price": 0.1, "size": 128.89999999999998}, {"op": "set", "side": "ask", "price": 0.11, "size": 84.0}, {"op": "delete", "side": "ask", "price": 0.04}]}
{"t": 1776976324.50117, "events": [{"op": "set", "side": "ask", "price": 0.05, "size": 118.0}, {"op": "set", "side": "ask", "price": 0.03, "size": 120.0}]}
{"t": 1776976325.519989, "events": [{"op": "set", "side": "ask", "price": 0.05, "size": 77.0}, {"op": "set", "side": "ask", "price": 0.06, "size": 40.0}, {"op": "set", "side": "ask", "price": 0.01, "size": 293.0}]}
{"t": 1776976332.56369, "events": [{"op": "delete", "side": "ask", "price": 0.05}, {"op": "set", "side": "ask", "price": 0.1, "size": 101.89999999999998}, {"op": "set", "side": "ask", "price": 0.11, "size": 64.0}]}
{"t": 1776976333.587355, "events": [{"op": "set", "side": "ask", "price": 0.06, "size": 52.0}]}
{"t": 1776976334.603316, "events": [{"op": "delete", "side": "ask", "price": 0.06}, {"op": "set", "side": "ask", "price": 0.07, "size": 39.0}]}
{"t": 1776976335.619046, "events": [{"op": "set", "side": "ask", "price": 0.1, "size": 87.89999999999998}, {"op": "set", "side": "ask", "price": 0.11, "size": 55.0}]}
{"t": 1776976336.625223, "events": [{"op": "set", "side": "ask", "price": 0.07, "size": 77.0}]}
{"t": 1776976339.6474261, "events": [{"op": "set", "side": "ask", "price": 0.1, "size": 77.89999999999998}, {"op": "set", "side": "ask", "price": 0.07, "size": 30.0}, {"op": "set", "side": "ask", "price": 0.11, "size": 46.0}]}
{"t": 1776976340.6580539, "events": [{"op": "delete", "side": "bid", "price": 0.81}, {"op": "set", "side": "bid", "price": 0.8, "size": 450.0}, {"op": "delete", "side": "bid", "price": 0.82}, {"op": "set", "side": "ask", "price": 0.1, "size": 31.899999999999977}, {"op": "delete", "side": "ask", "price": 0.07}, {"op": "delete", "side": "ask", "price": 0.11}, {"op": "set", "side": "ask", "price": 0.08, "size": 34.0}]}
{"t": 1776976343.692986, "events": [{"op": "set", "side": "bid", "price": 0.8, "size": 1070.0}, {"op": "set", "side": "bid", "price": 0.81, "size": 1000.0}, {"op": "set", "side": "bid", "price": 0.82, "size": 380.0}, {"op": "set", "side": "ask", "price": 0.1, "size": 290.9}, {"op": "set", "side": "ask", "price": 0.08, "size": 66.0}, {"op": "set", "side": "ask", "price": 0.11, "size": 391.0}]}
{"t": 1776976344.703347, "events": [{"op": "delete", "side": "bid", "price": 0.81}, {"op": "set", "side": "bid", "price": 0.8, "size": 450.0}, {"op": "delete", "side": "bid", "price": 0.82}, {"op": "set", "side": "ask", "price": 0.1, "size": 31.899999999999977}, {"op": "delete", "side": "ask", "price": 0.08}, {"op": "delete", "side": "ask", "price": 0.11}, {"op": "set", "side": "ask", "price": 0.09, "size": 35.0}]}
{"t": 1776976348.738213, "events": [{"op": "set", "side": "bid", "price": 0.8, "size": 1070.0}, {"op": "set", "side": "bid", "price": 0.81, "size": 1000.0}, {"op": "set", "side": "bid", "price": 0.82, "size": 380.0}, {"op": "set", "side": "ask", "price": 0.1, "size": 290.9}, {"op": "set", "side": "ask", "price": 0.09, "size": 67.0}, {"op": "set", "side": "ask", "price": 0.11, "size": 391.0}, {"op": "set", "side": "ask", "price": 0.01, "size": 270.0}]}
{"t": 1776976350.768629, "events": [{"op": "set", "side": "ask", "price": 0.09, "size": 32.0}, {"op": "set", "side": "ask", "price": 0.03, "size": 150.0}]}
{"t": 1776976351.775647, "events": [{"op": "delete", "side": "bid", "price": 0.81}, {"op": "set", "side": "bid", "price": 0.8, "size": 450.0}, {"op": "delete", "side": "bid", "price": 0.82}, {"op": "set", "side": "ask", "price": 0.1, "size": 31.899999999999977}, {"op": "delete", "side": "ask", "price": 0.09}, {"op": "delete", "side": "ask", "price": 0.11}, {"op": "set", "side": "ask", "price": 0.04, "size": 40.0}]}
{"t": 1776976355.830212, "events": [{"op": "delete", "side": "ask", "price": 0.04}]}
{"t": 1776976356.839608, "events": [{"op": "set", "side": "bid", "price": 0.8, "size": 1070.0}, {"op": "set", "side": "bid", "price": 0.81, "size": 1000.0}, {"op": "set", "side": "bid", "price": 0.82, "size": 380.0}, {"op": "set", "side": "ask", "price": 0.1, "size": 291.9}, {"op": "set", "side": "ask", "price": 0.11, "size": 394.0}, {"op": "set", "side": "ask", "price": 0.04, "size": 73.0}]}
{"t": 1776976359.87871, "events": [{"op": "set", "side": "ask", "price": 0.1, "size": 179.89999999999998}, {"op": "set", "side": "ask", "price": 0.11, "size": 109.0}, {"op": "set", "side": "ask", "price": 0.04, "size": 32.0}]}
{"t": 1776976360.895073, "events": [{"op": "set", "side": "ask", "price": 0.04, "size": 137.0}]}
{"t": 1776976361.903726, "events": [{"op": "set", "side": "ask", "price": 0.05, "size": 41.0}]}
{"t": 1776976362.91397, "events": [{"op": "set", "side": "ask", "price": 0.1, "size": 130.89999999999998}, {"op": "set", "side": "ask", "price": 0.11, "size": 85.0}, {"op": "delete", "side": "ask", "price": 0.04}]}
{"t": 1776976363.930155, "events": [{"op": "set", "side": "ask", "price": 0.05, "size": 119.0}]}
{"t": 1776976364.937811, "events": [{"op": "set", "side": "ask", "price": 0.05, "size": 78.0}]}
{"t": 1776976365.9445639, "events": [{"op": "set", "side": "ask", "price": 0.06, "size": 40.0}]}
{"t": 1776976370.9749482, "events": [{"op": "delete", "side": "ask", "price": 0.06}]}
{"t": 1776976371.985274, "events": [{"op": "set", "side": "ask", "price": 0.07, "size": 39.0}]}
{"t": 1776976375.010626, "events": [{"op": "delete", "side": "ask", "price": 0.07}]}
{"t": 1776976376.01981, "events": [{"op": "set", "side": "ask", "price": 0.06, "size": 40.0}]}
{"t": 1776976385.0620549, "events": [{"op": "delete", "side": "ask", "price": 0.06}]}
{"t": 1776976386.068693, "events": [{"op": "set", "side": "ask", "price": 0.06, "size": 40.0}]}
{"t": 1776976390.085834, "events": [{"op": "set", "side": "ask", "price": 0.06, "size": 53.0}, {"op": "delete", "side": "ask", "price": 0.05}, {"op": "set", "side": "ask", "price": 0.03, "size": 120.0}, {"op": "set", "side": "ask", "price": 0.1, "size": 102.89999999999998}, {"op": "set", "side": "ask", "price": 0.11, "size": 65.0}]}
{"t": 1776976391.098208, "events": [{"op": "set", "side": "ask", "price": 0.07, "size": 39.0}]}
{"t": 1776976393.108543, "events": [{"op": "delete", "side": "ask", "price": 0.06}, {"op": "set", "side": "ask", "price": 0.1, "size": 89.89999999999998}, {"op": "set", "side": "ask", "price": 0.11, "size": 56.0}]}
{"t": 1776976394.119156, "events": [{"op": "set", "side": "ask", "price": 0.07, "size": 77.0}]}
{"t": 1776976395.125777, "events": [{"op": "set", "side": "ask", "price": 0.07, "size": 38.0}]}
{"t": 1776976396.130979, "events": [{"op": "set", "side": "ask", "price": 0.08, "size": 37.0}]}
{"t": 1776976405.183253, "events": [{"op": "delete", "side": "ask", "price": 0.08}]}
{"t": 1776976406.18958, "events": [{"op": "set", "side": "ask", "price": 0.08, "size": 37.0}]}
{"t": 1776976415.243485, "events": [{"op": "delete", "side": "ask", "price": 0.07}, {"op": "delete", "side": "ask", "price": 0.08}]}
{"t": 1776976416.25911, "events": [{"op": "set", "side": "ask", "price": 0.11, "size": 47.0}, {"op": "set", "side": "ask", "price": 0.1, "size": 78.89999999999998}, {"op": "set", "side": "ask", "price": 0.08, "size": 31.0}, {"op": "set", "side": "ask", "price": 0.04, "size": 42.0}]}
{"t": 1776976420.296268, "events": [{"op": "delete", "side": "ask", "price": 0.04}]}
{"t": 1776976421.30323, "events": [{"op": "set", "side": "ask", "price": 0.09, "size": 34.0}]}
{"t": 1776976423.3098712, "events": [{"op": "set", "side": "ask", "price": 0.09, "size": 59.0}, {"op": "delete", "side": "ask", "price": 0.08}, {"op": "set", "side": "ask", "price": 0.1, "size": 70.89999999999998}, {"op": "set", "side": "ask", "price": 0.11, "size": 39.0}]}
{"t": 1776976425.340163, "events": [{"op": "delete", "side": "bid", "price": 0.81}, {"op": "set", "side": "bid", "price": 0.8, "size": 450.0}, {"op": "delete", "side": "bid", "price": 0.82}, {"op": "set", "side": "ask", "price": 0.1, "size": 31.899999999999977}, {"op": "delete", "side": "ask", "price": 0.09}, {"op": "delete", "side": "ask", "price": 0.11}, {"op": "set", "side": "ask", "price": 0.04, "size": 40.0}]}
{"t": 1776976428.364198, "events": [{"op": "set", "side": "bid", "price": 0.8, "size": 1070.0}, {"op": "set", "side": "bid", "price": 0.81, "size": 1000.0}, {"op": "set", "side": "bid", "price": 0.82, "size": 380.0}, {"op": "set", "side": "ask", "price": 0.1, "size": 287.9}, {"op": "set", "side": "ask", "price": 0.11, "size": 386.0}, {"op": "set", "side": "ask", "price": 0.04, "size": 72.0}]}
{"t": 1776976430.376935, "events": [{"op": "set", "side": "ask", "price": 0.03, "size": 146.0}, {"op": "set", "side": "ask", "price": 0.04, "size": 32.0}]}
{"t": 1776976431.391558, "events": [{"op": "set", "side": "ask", "price": 0.1, "size": 176.89999999999998}, {"op": "set", "side": "ask", "price": 0.11, "size": 107.0}, {"op": "set", "side": "ask", "price": 0.05, "size": 41.0}, {"op": "set", "side": "ask", "price": 0.04, "size": 135.0}]}
{"t": 1776976435.41402, "events": [{"op": "delete", "side": "ask", "price": 0.05}]}
{"t": 1776976436.4190028, "events": [{"op": "set", "side": "ask", "price": 0.1, "size": 128.89999999999998}, {"op": "set", "side": "ask", "price": 0.11, "size": 84.0}, {"op": "set", "side": "ask", "price": 0.05, "size": 41.0}, {"op": "delete", "side": "ask", "price": 0.04}]}
{"t": 1776976437.425882, "events": [{"op": "set", "side": "ask", "price": 0.03, "size": 223.0}]}
{"t": 1776976438.4467258, "events": [{"op": "set", "side": "ask", "price": 0.1, "size": 105.89999999999998}, {"op": "set", "side": "ask", "price": 0.05, "size": 93.0}, {"op": "set", "side": "ask", "price": 0.03, "size": 146.0}, {"op": "set", "side": "ask", "price": 0.11, "size": 71.0}]}
{"t": 1776976440.468045, "events": [{"op": "set", "side": "ask", "price": 0.05, "size": 52.0}, {"op": "set", "side": "ask", "price": 0.06, "size": 40.0}]}
{"t": 1776976442.480271, "events": [{"op": "set", "side": "ask", "price": 0.06, "size": 79.0}, {"op": "delete", "side": "ask", "price": 0.05}, {"op": "set", "side": "ask", "price": 0.1, "size": 88.89999999999998}, {"op": "set", "side": "ask", "price": 0.11, "size": 54.0}]}
{"t": 1776976443.4918458, "events": [{"op": "set", "side": "ask", "price": 0.1, "size": 77.89999999999998}, {"op": "set", "side": "ask", "price": 0.06, "size": 71.0}, {"op": "set", "side": "ask", "price": 0.11, "size": 47.0}]}
{"t": 1776976445.5077739, "events": [{"op": "set", "side": "ask", "price": 0.06, "size": 31.0}, {"op": "set", "side": "ask", "price": 0.07, "size": 38.0}]}
{"t": 1776976451.535392, "events": [{"op": "delete", "side": "ask", "price": 0.06}, {"op": "set", "side": "ask", "price": 0.1, "size": 69.89999999999998}, {"op": "set", "side": "ask", "price": 0.11, "size": 38.0}]}
{"t": 1776976452.543754, "events": [{"op": "set", "side": "ask", "price": 0.03, "size": 171.0}]}
{"t": 1776976454.565593, "events": [{"op": "set", "side": "ask", "price": 0.03, "size": 146.0}]}
{"t": 1776976455.5719721, "events": [{"op": "set", "side": "ask", "price": 0.1, "size": 72.89999999999998}, {"op": "set", "side": "ask", "price": 0.07, "size": 31.0}, {"op": "set", "side": "ask", "price": 0.11, "size": 37.0}, {"op": "set", "side": "ask", "price": 0.08, "size": 35.0}]}
{"t": 1776976457.590011, "events": [{"op": "delete", "side": "ask", "price": 0.07}, {"op": "set", "side": "ask", "price": 0.1, "size": 69.89999999999998}]}
{"t": 1776976459.62, "events": [{"op": "set", "side": "ask", "price": 0.1, "size": 74.89999999999998}, {"op": "set", "side": "ask", "price": 0.08, "size": 66.0}, {"op": "set", "side": "ask", "price": 0.11, "size": 40.0}]}
{"t": 1776976460.625124, "events": [{"op": "set", "side": "ask", "price": 0.08, "size": 31.0}, {"op": "set", "side": "ask", "price": 0.04, "size": 41.0}]}
{"t": 1776976461.631319, "events": [{"op": "delete", "side": "ask", "price": 0.08}, {"op": "set", "side": "ask", "price": 0.11, "size": 42.0}, {"op": "set", "side": "ask", "price": 0.04, "size": 72.0}]}
{"t": 1776976465.66493, "events": [{"op": "delete", "side": "bid", "price": 0.81}, {"op": "set", "side": "bid", "price": 0.8, "size": 450.0}, {"op": "delete", "side": "bid", "price": 0.82}, {"op": "set", "side": "ask", "price": 0.1, "size": 31.899999999999977}, {"op": "set", "side": "ask", "price": 0.03, "size": 120.0}, {"op": "delete", "side": "ask", "price": 0.11}, {"op": "set", "side": "ask", "price": 0.04, "size": 40.0}]}
{"t": 1776976467.6886039, "events": [{"op": "set", "side": "bid", "price": 0.8, "size": 1070.0}, {"op": "set", "side": "bid", "price": 0.81, "size": 1000.0}, {"op": "set", "side": "bid", "price": 0.82, "size": 380.0}, {"op": "set", "side": "ask", "price": 0.1, "size": 287.9}, {"op": "set", "side": "ask", "price": 0.11, "size": 386.0}, {"op": "set", "side": "ask", "price": 0.04, "size": 72.0}]}
{"t": 1776976470.713255, "events": [{"op": "set", "side": "ask", "price": 0.03, "size": 148.0}, {"op": "set", "side": "ask", "price": 0.05, "size": 41.0}, {"op": "set", "side": "ask", "price": 0.04, "size": 32.0}]}
{"t": 1776976472.725442, "events": [{"op": "set", "side": "ask", "price": 0.05, "size": 176.0}, {"op": "set", "side": "ask", "price": 0.1, "size": 190.89999999999998}, {"op": "set", "side": "ask", "price": 0.11, "size": 130.0}, {"op": "delete", "side": "ask", "price": 0.04}]}
{"t": 1776976474.742902, "events": [{"op": "set", "side": "ask", "price": 0.05, "size": 135.0}]}
{"t": 1776976475.752197, "events": [{"op": "set", "side": "ask", "price": 0.06, "size": 40.0}]}
{"t": 1776976477.761339, "events": [{"op": "delete", "side": "bid", "price": 0.81}, {"op": "set", "side": "bid", "price": 0.8, "size": 450.0}, {"op": "delete", "side": "bid", "price": 0.82}, {"op": "delete", "side": "ask", "price": 0.05}, {"op": "set", "side": "ask", "price": 0.1, "size": 31.899999999999977}, {"op": "delete", "side": "ask", "price": 0.11}]}
{"t": 1776976479.7830348, "events": [{"op": "delete", "side": "ask", "price": 0.06}]}
{"t": 1776976480.793513, "events": [{"op": "set", "side": "ask", "price": 0.04, "size": 40.0}]}
{"t": 1776976481.809105, "events": [{"op": "set", "side": "bid", "price": 0.8, "size": 1070.0}, {"op": "set", "side": "bid", "price": 0.81, "size": 1000.0}, {"op": "set", "side": "bid", "price": 0.82, "size": 380.0}, {"op": "set", "side": "ask", "price": 0.1, "size": 285.9}, {"op": "set", "side": "ask", "price": 0.03, "size": 180.0}, {"op": "set", "side": "ask", "price": 0.11, "size": 384.0}]}
{"t": 1776976484.820907, "events": [{"op": "set", "side": "ask", "price": 0.1, "size": 176.89999999999998}, {"op": "set", "side": "ask", "price": 0.03, "size": 148.0}, {"op": "set", "side": "ask", "price": 0.11, "size": 107.0}]}
{"t": 1776976485.858399, "events": [{"op": "set", "side": "ask", "price": 0.05, "size": 41.0}, {"op": "set", "side": "ask", "price": 0.04, "size": 134.0}]}
{"t": 1776976489.887844, "events": [{"op": "delete", "side": "ask", "price": 0.05}]}
{"t": 1776976490.901129, "events": [{"op": "set", "side": "ask", "price": 0.1, "size": 128.89999999999998}, {"op": "set", "side": "ask", "price": 0.11, "size": 84.0}, {"op": "set", "side": "ask", "price": 0.05, "size": 41.0}, {"op": "delete", "side": "ask", "price": 0.04}]}
{"t": 1776976491.914994, "events": [{"op": "set", "side": "ask", "price": 0.03, "size": 197.0}]}
{"t": 1776976494.9357922, "events": [{"op": "delete", "side": "ask", "price": 0.05}]}
{"t": 1776976495.9455118, "events": [{"op": "set", "side": "ask", "price": 0.04, "size": 42.0}]}
{"t": 1776976499.969461, "events": [{"op": "delete", "side": "ask", "price": 0.04}]}
{"t": 1776976500.976686, "events": [{"op": "set", "side": "ask", "price": 0.04, "size": 42.0}]}
{"t": 1776976504.995602, "events": [{"op": "set", "side": "ask", "price": 0.03, "size": 120.0}, {"op": "set", "side": "ask", "price": 0.11, "size": 71.0}, {"op": "delete", "side": "ask", "price": 0.04}]}
{"t": 1776976506.004798, "events": [{"op": "set", "side": "ask", "price": 0.1, "size": 105.89999999999998}, {"op": "set", "side": "ask", "price": 0.04, "size": 94.0}]}
{"t": 1776976510.0364318, "events": [{"op": "set", "side": "ask", "price": 0.04, "size": 52.0}]}
{"t": 1776976511.044847, "events": [{"op": "set", "side": "ask", "price": 0.05, "size": 41.0}]}
{"t": 1776976518.10238, "events": [{"op": "delete", "side": "bid", "price": 0.57}, {"op": "delete", "side": "bid", "price": 0.45}, {"op": "delete", "side": "bid", "price": 0.44}, {"op": "set", "side": "bid", "price": 0.46, "size": 2813.0}, {"op": "set", "side": "bid", "price": 0.3, "size": 42.0}, {"op": "set", "side": "bid", "price": 0.29, "size": 248.0}, {"op": "set", "side": "ask", "price": 0.02, "size": 1085.0}]}
{"t": 1776976520.122738, "events": [{"op": "delete", "side": "ask", "price": 0.05}]}
{"t": 1776976521.1357608, "events": [{"op": "set", "side": "ask", "price": 0.1, "size": 88.89999999999998}, {"op": "set", "side": "ask", "price": 0.11, "size": 54.0}, {"op": "set", "side": "ask", "price": 0.05, "size": 41.0}, {"op": "delete", "side": "ask", "price": 0.04}]}
{"t": 1776976522.1437619, "events": [{"op": "set", "side": "ask", "price": 0.03, "size": 159.0}]}
{"t": 1776976525.156095, "events": [{"op": "delete", "side": "ask", "price": 0.05}]}
{"t": 1776976526.162179, "events": [{"op": "set", "side": "ask", "price": 0.04, "size": 42.0}]}
{"t": 1776976530.176915, "events": [{"op": "delete", "side": "ask", "price": 0.04}]}
{"t": 1776976531.1844459, "events": [{"op": "set", "side": "ask", "price": 0.04, "size": 42.0}]}
{"t": 1776976535.199321, "events": [{"op": "delete", "side": "ask", "price": 0.04}]}
{"t": 1776976536.203557, "events": [{"op": "delete", "side": "bid", "price": 0.81}, {"op": "set", "side": "bid", "price": 0.8, "size": 450.0}, {"op": "delete", "side": "bid", "price": 0.82}, {"op": "delete", "side": "ask", "price": 0.11}, {"op": "set", "side": "ask", "price": 0.1, "size": 31.899999999999977}, {"op": "set", "side": "ask", "price": 0.03, "size": 120.0}, {"op": "set", "side": "ask", "price": 0.04, "size": 42.0}]}
{"t": 1776976537.216504, "events": [{"op": "set", "side": "bid", "price": 0.8, "size": 1070.0}, {"op": "set", "side": "bid", "price": 0.81, "size": 1000.0}, {"op": "set", "side": "bid", "price": 0.82, "size": 380.0}, {"op": "set", "side": "ask", "price": 0.1, "size": 304.9}, {"op": "set", "side": "ask", "price": 0.11, "size": 414.0}, {"op": "set", "side": "ask", "price": 0.04, "size": 74.0}]}
{"t": 1776976540.237312, "events": [{"op": "set", "side": "ask", "price": 0.03, "size": 151.0}, {"op": "set", "side": "ask", "price": 0.04, "size": 32.0}]}
{"t": 1776976541.245595, "events": [{"op": "set", "side": "ask", "price": 0.05, "size": 41.0}]}
{"t": 1776976542.257569, "events": [{"op": "set", "side": "bid", "price": 0.47, "size": 43.0}, {"op": "set", "side": "bid", "price": 0.29, "size": 213.0}, {"op": "set", "side": "ask", "price": 0.1, "size": 185.89999999999998}, {"op": "set", "side": "ask", "price": 0.11, "size": 112.0}]}
{"t": 1776976544.27052, "events": [{"op": "set", "side": "ask", "price": 0.04, "size": 144.0}]}
{"t": 1776976545.305117, "events": [{"op": "set", "side": "ask", "price": 0.1, "size": 133.89999999999998}, {"op": "set", "side": "ask", "price": 0.11, "size": 87.0}, {"op": "delete", "side": "ask", "price": 0.04}]}
{"t": 1776976546.315924, "events": [{"op": "delete", "side": "bid", "price": 0.3}, {"op": "set", "side": "bid", "price": 0.57, "size": 41.0}, {"op": "set", "side": "ask", "price": 0.05, "size": 123.0}]}
{"t": 1776976549.3694139, "events": [{"op": "set", "side": "ask", "price": 0.1, "size": 109.89999999999998}, {"op": "set", "side": "ask", "price": 0.05, "size": 96.0}, {"op": "set", "side": "ask", "price": 0.11, "size": 75.0}]}
{"t": 1776976550.374534, "events": [{"op": "set", "side": "ask", "price": 0.05, "size": 55.0}, {"op": "set", "side": "ask", "price": 0.06, "size": 39.0}]}
{"t": 1776976552.38733, "events": [{"op": "delete", "side": "ask", "price": 0.05}, {"op": "set", "side": "ask", "price": 0.1, "size": 90.89999999999998}, {"op": "set", "side": "ask", "price": 0.11, "size": 56.0}]}
{"t": 1776976553.394047, "events": [{"op": "set", "side": "ask", "price": 0.06, "size": 81.0}]}
{"t": 1776976555.404792, "events": [{"op": "set", "side": "ask", "price": 0.06, "size": 42.0}]}
{"t": 1776976556.4166641, "events": [{"op": "set", "side": "ask", "price": 0.07, "size": 38.0}]}
{"t": 1776976560.430049, "events": [{"op": "delete", "side": "ask", "price": 0.07}, {"op": "delete", "side": "ask", "price": 0.06}, {"op": "set", "side": "ask", "price": 0.1, "size": 79.89999999999998}, {"op": "set", "side": "ask", "price": 0.11, "size": 48.0}]}
{"t": 1776976561.438821, "events": [{"op": "set", "side": "ask", "price": 0.07, "size": 32.0}, {"op": "set", "side": "ask", "price": 0.04, "size": 41.0}]}
{"t": 1776976565.468847, "events": [{"op": "delete", "side": "ask", "price": 0.07}, {"op": "set", "side": "ask", "price": 0.1, "size": 71.89999999999998}, {"op": "set", "side": "ask", "price": 0.11, "size": 40.0}, {"op": "set", "side": "ask", "price": 0.04, "size": 67.0}]}
{"t": 1776976569.49947, "events": [{"op": "delete", "side": "bid", "price": 0.81}, {"op": "set", "side": "bid", "price": 0.8, "size": 450.0}, {"op": "delete", "side": "bid", "price": 0.82}, {"op": "set", "side": "ask", "price": 0.1, "size": 31.899999999999977}, {"op": "set", "side": "ask", "price": 0.03, "size": 120.0}, {"op": "delete", "side": "ask", "price": 0.11}, {"op": "set", "side": "ask", "price": 0.04, "size": 41.0}]}
{"t": 1776976570.521151, "events": [{"op": "set", "side": "ask", "price": 0.04, "size": 40.0}]}
{"t": 1776976571.5276349, "events": [{"op": "set", "side": "bid", "price": 0.8, "size": 1070.0}, {"op": "set", "side": "bid", "price": 0.81, "size": 1000.0}, {"op": "set", "side": "bid", "price": 0.82, "size": 380.0}, {"op": "set", "side": "ask", "price": 0.1, "size": 304.9}, {"op": "set", "side": "ask", "price": 0.11, "size": 414.0}, {"op": "set", "side": "ask", "price": 0.04, "size": 72.0}]}
{"t": 1776976574.550605, "events": [{"op": "set", "side": "ask", "price": 0.1, "size": 185.89999999999998}, {"op": "set", "side": "ask", "price": 0.03, "size": 150.0}, {"op": "set", "side": "ask", "price": 0.11, "size": 112.0}, {"op": "set", "side": "ask", "price": 0.04, "size": 184.0}]}
{"t": 1776976575.5694778, "events": [{"op": "set", "side": "ask", "price": 0.04, "size": 144.0}]}
{"t": 1776976576.575867, "events": [{"op": "set", "side": "ask", "price": 0.05, "size": 40.0}, {"op": "delete", "side": "ask", "price": 0.04}]}
{"t": 1776976577.582925, "events": [{"op": "set", "side": "ask", "price": 0.1, "size": 133.89999999999998}, {"op": "set", "side": "ask", "price": 0.05, "size": 122.0}, {"op": "set", "side": "ask", "price": 0.11, "size": 87.0}]}
{"t": 1776976579.598368, "events": [{"op": "set", "side": "ask", "price": 0.1, "size": 109.89999999999998}, {"op": "set", "side": "ask", "price": 0.05, "size": 95.0}, {"op": "set", "side": "ask", "price": 0.11, "size": 75.0}]}
{"t": 1776976580.610691, "events": [{"op": "set", "side": "ask", "price": 0.05, "size": 55.0}, {"op": "set", "side": "ask", "price": 0.06, "size": 39.0}]}
{"t": 1776976582.626801, "events": [{"op": "set", "side": "ask", "price": 0.06, "size": 81.0}, {"op": "delete", "side": "ask", "price": 0.05}, {"op": "set", "side": "ask", "price": 0.1, "size": 90.89999999999998}, {"op": "set", "side": "ask", "price": 0.11, "size": 56.0}]}
{"t": 1776976585.646488, "events": [{"op": "set", "side": "ask", "price": 0.06, "size": 42.0}, {"op": "set", "side": "ask", "price": 0.07, "size": 37.0}]}
{"t": 1776976587.65838, "events": [{"op": "delete", "side": "ask", "price": 0.06}, {"op": "set", "side": "ask", "price": 0.1, "size": 79.89999999999998}, {"op": "set", "side": "ask", "price": 0.11, "size": 48.0}]}
{"t": 1776976588.667841, "events": [{"op": "set", "side": "ask", "price": 0.07, "size": 69.0}]}
{"t": 1776976590.681835, "events": [{"op": "set", "side": "ask", "price": 0.07, "size": 32.0}, {"op": "set", "side": "ask", "price": 0.08, "size": 35.0}]}
{"t": 1776976592.712306, "events": [{"op": "delete", "side": "ask", "price": 0.07}, {"op": "set", "side": "ask", "price": 0.08, "size": 61.0}, {"op": "set", "side": "ask", "price": 0.1, "size": 71.89999999999998}, {"op": "set", "side": "ask", "price": 0.11, "size": 40.0}]}
{"t": 1776976595.7320058, "events": [{"op": "set", "side": "ask", "price": 0.08, "size": 26.0}, {"op": "set", "side": "ask", "price": 0.03, "size": 120.0}, {"op": "set", "side": "ask", "price": 0.09, "size": 31.0}]}
{"t": 1776976605.780865, "events": [{"op": "delete", "side": "ask", "price": 0.08}, {"op": "set", "side": "ask", "price": 0.1, "size": 74.89999999999998}, {"op": "set", "side": "ask", "price": 0.04, "size": 41.0}]}
{"t": 1776976607.800011, "events": [{"op": "delete", "side": "ask", "price": 0.09}, {"op": "set", "side": "ask", "price": 0.11, "size": 42.0}, {"op": "set", "side": "ask", "price": 0.04, "size": 72.0}]}
{"t": 1776976610.818959, "events": [{"op": "set", "side": "ask", "price": 0.05, "size": 40.0}, {"op": "set", "side": "ask", "price": 0.04, "size": 31.0}]}
{"t": 1776976619.87493, "events": [{"op": "delete", "side": "ask", "price": 0.05}]}
{"t": 1776976620.890514, "events": [{"op": "set", "side": "ask", "price": 0.05, "size": 40.0}]}
{"t": 1776976624.9222841, "events": [{"op": "set", "side": "ask", "price": 0.05, "size": 31.0}, {"op": "delete", "side": "ask", "price": 0.04}]}
{"t": 1776976625.935311, "events": [{"op": "set", "side": "ask", "price": 0.06, "size": 39.0}]}
{"t": 1776976627.946018, "events": [{"op": "delete", "side": "bid", "price": 0.81}, {"op": "set", "side": "bid", "price": 0.8, "size": 450.0}, {"op": "delete", "side": "bid", "price": 0.82}, {"op": "delete", "side": "ask", "price": 0.05}, {"op": "set", "side": "ask", "price": 0.1, "size": 31.899999999999977}, {"op": "delete", "side": "ask", "price": 0.11}]}
{"t": 1776976629.966581, "events": [{"op": "delete", "side": "ask", "price": 0.06}]}
{"t": 1776976630.9735959, "events": [{"op": "set", "side": "ask", "price": 0.04, "size": 40.0}]}
{"t": 1776976631.9891021, "events": [{"op": "set", "side": "bid", "price": 0.8, "size": 1070.0}, {"op": "set", "side": "bid", "price": 0.81, "size": 1000.0}, {"op": "set", "side": "bid", "price": 0.82, "size": 380.0}, {"op": "set", "side": "ask", "price": 0.1, "size": 304.9}, {"op": "set", "side": "ask", "price": 0.03, "size": 152.0}, {"op": "set", "side": "ask", "price": 0.11, "size": 414.0}]}
{"t": 1776976635.0095758, "events": [{"op": "delete", "side": "ask", "price": 0.04}]}
{"t": 1776976636.012798, "events": [{"op": "set", "side": "ask", "price": 0.03, "size": 137.0}, {"op": "set", "side": "ask", "price": 0.04, "size": 42.0}]}
{"t": 1776976637.021386, "events": [{"op": "set", "side": "ask", "price": 0.1, "size": 185.89999999999998}, {"op": "set", "side": "ask", "price": 0.11, "size": 112.0}, {"op": "set", "side": "ask", "price": 0.04, "size": 186.0}]}
{"t": 1776976640.0406752, "events": [{"op": "set", "side": "ask", "price": 0.04, "size": 144.0}]}
{"t": 1776976641.045354, "events": [{"op": "set", "side": "ask", "price": 0.05, "size": 41.0}]}
{"t": 1776976648.087174, "events": [{"op": "set", "side": "ask", "price": 0.05, "size": 123.0}, {"op": "set", "side": "ask", "price": 0.1, "size": 133.89999999999998}, {"op": "set", "side": "ask", "price": 0.11, "size": 87.0}, {"op": "delete", "side": "ask", "price": 0.04}]}
{"t": 1776976650.106755, "events": [{"op": "set", "side": "ask", "price": 0.1, "size": 109.89999999999998}, {"op": "set", "side": "ask", "price": 0.05, "size": 55.0}, {"op": "set", "side": "ask", "price": 0.11, "size": 75.0}]}
{"t": 1776976651.118593, "events": [{"op": "set", "side": "ask", "price": 0.06, "size": 40.0}]}
{"t": 1776976653.130749, "events": [{"op": "set", "side": "ask", "price": 0.06, "size": 82.0}, {"op": "delete", "side": "ask", "price": 0.05}, {"op": "set", "side": "ask", "price": 0.1, "size": 90.89999999999998}, {"op": "set", "side": "ask", "price": 0.11, "size": 56.0}]}
{"t": 1776976655.139762, "events": [{"op": "set", "side": "ask", "price": 0.06, "size": 42.0}]}
{"t": 1776976656.145735, "events": [{"op": "set", "side": "ask", "price": 0.07, "size": 38.0}]}
{"t": 1776976660.164791, "events": [{"op": "set", "side": "ask", "price": 0.07, "size": 32.0}, {"op": "delete", "side": "ask", "price": 0.06}, {"op": "set", "side": "ask", "price": 0.1, "size": 79.89999999999998}, {"op": "set", "side": "ask", "price": 0.11, "size": 48.0}]}
{"t": 1776976662.1883461, "events": [{"op": "set", "side": "ask", "price": 0.08, "size": 36.0}]}
{"t": 1776976665.228876, "events": [{"op": "delete", "side": "ask", "price": 0.08}]}
{"t": 1776976666.242671, "events": [{"op": "set", "side": "ask", "price": 0.08, "size": 36.0}]}
{"t": 1776976670.27538, "events": [{"op": "delete", "side": "ask", "price": 0.08}]}
{"t": 1776976671.281625, "events": [{"op": "set", "side": "ask", "price": 0.08, "size": 36.0}]}
{"t": 1776976675.3047261, "events": [{"op": "delete", "side": "ask", "price": 0.08}]}
{"t": 1776976676.313505, "events": [{"op": "set", "side": "ask", "price": 0.08, "size": 36.0}]}
{"t": 1776976680.334271, "events": [{"op": "delete", "side": "ask", "price": 0.08}]}
{"t": 1776976681.3585122, "events": [{"op": "set", "side": "ask", "price": 0.08, "size": 36.0}]}
{"t": 1776976688.379301, "events": [{"op": "delete", "side": "ask", "price": 0.07}, {"op": "set", "side": "ask", "price": 0.1, "size": 71.89999999999998}, {"op": "set", "side": "ask", "price": 0.11, "size": 40.0}]}
{"t": 1776976689.3868952, "events": [{"op": "set", "side": "ask", "price": 0.08, "size": 62.0}]}
{"t": 1776976690.397115, "events": [{"op": "set", "side": "ask", "price": 0.08, "size": 26.0}]}
{"t": 1776976691.417778, "events": [{"op": "set", "side": "ask", "price": 0.09, "size": 32.0}]}
{"t": 1776976694.6291242, "events": [{"op": "delete", "side": "bid", "price": 0.81}, {"op": "set", "side": "bid", "price": 0.8, "size": 450.0}, {"op": "delete", "side": "bid", "price": 0.82}, {"op": "delete", "side": "ask", "price": 0.08}, {"op": "set", "side": "ask", "price": 0.1, "size": 31.899999999999977}, {"op": "delete", "side": "ask", "price": 0.11}]}
{"t": 1776976695.801642, "events": [{"op": "delete", "side": "ask", "price": 0.09}, {"op": "set", "side": "ask", "price": 0.03, "size": 120.0}, {"op": "set", "side": "ask", "price": 0.04, "size": 40.0}]}
{"t": 1776976697.8306718, "events": [{"op": "set", "side": "bid", "price": 0.8, "size": 1070.0}, {"op": "set", "side": "bid", "price": 0.81, "size": 1000.0}, {"op": "set", "side": "bid", "price": 0.82, "size": 380.0}, {"op": "set", "side": "ask", "price": 0.1, "size": 303.9}, {"op": "set", "side": "ask", "price": 0.11, "size": 414.0}, {"op": "set", "side": "ask", "price": 0.04, "size": 71.0}]}
{"t": 1776976702.870096, "events": [{"op": "set", "side": "ask", "price": 0.03, "size": 150.0}, {"op": "delete", "side": "ask", "price": 0.04}]}
{"t": 1776976703.879584, "events": [{"op": "set", "side": "ask", "price": 0.11, "size": 136.0}, {"op": "set", "side": "ask", "price": 0.1, "size": 199.89999999999998}, {"op": "set", "side": "ask", "price": 0.03, "size": 293.0}, {"op": "set", "side": "ask", "price": 0.04, "size": 42.0}]}
{"t": 1776976709.929922, "events": [{"op": "delete", "side": "ask", "price": 0.04}]}
{"t": 1776976710.941517, "events": [{"op": "set", "side": "ask", "price": 0.04, "size": 42.0}]}
{"t": 1776976714.967621, "events": [{"op": "delete", "side": "ask", "price": 0.04}]}
{"t": 1776976715.9786172, "events": [{"op": "set", "side": "ask", "price": 0.04, "size": 42.0}]}
{"t": 1776976720.0040588, "events": [{"op": "set", "side": "ask", "price": 0.03, "size": 150.0}]}
{"t": 1776976721.023626, "events": [{"op": "set", "side": "ask", "price": 0.1, "size": 154.89999999999998}, {"op": "set", "side": "ask", "price": 0.11, "size": 114.0}, {"op": "set", "side": "ask", "price": 0.04, "size": 131.0}]}
{"t": 1776976725.0786262, "events": [{"op": "set", "side": "ask", "price": 0.04, "size": 89.0}]}
{"t": 1776976726.109026, "events": [{"op": "set", "side": "ask", "price": 0.05, "size": 41.0}]}
{"t": 1776976729.136172, "events": [{"op": "set", "side": "ask", "price": 0.03, "size": 120.0}, {"op": "set", "side": "ask", "price": 0.1, "size": 115.89999999999998}, {"op": "set", "side": "ask", "price": 0.11, "size": 74.0}, {"op": "set", "side": "ask", "price": 0.01, "size": 296.0}, {"op": "delete", "side": "ask", "price": 0.04}]}
{"t": 1776976730.1580229, "events": [{"op": "set", "side": "ask", "price": 0.05, "size": 107.0}]}
{"t": 1776976732.18078, "events": [{"op": "set", "side": "ask", "price": 0.05, "size": 66.0}]}
{"t": 1776976736.203402, "events": [{"op": "set", "side": "ask", "price": 0.06, "size": 40.0}]}
{"t": 1776976738.2212422, "events": [{"op": "delete", "side": "ask", "price": 0.05}, {"op": "set", "side": "ask", "price": 0.1, "size": 93.89999999999998}, {"op": "set", "side": "ask", "price": 0.11, "size": 58.0}]}
{"t": 1776976739.229032, "events": [{"op": "set", "side": "ask", "price": 0.06, "size": 85.0}]}
{"t": 1776976741.2510169, "events": [{"op": "set", "side": "ask", "price": 0.1, "size": 82.89999999999998}, {"op": "set", "side": "ask", "price": 0.06, "size": 73.0}, {"op": "set", "side": "ask", "price": 0.11, "size": 51.0}]}
{"t": 1776976746.492167, "events": [{"op": "set", "side": "ask", "price": 0.06, "size": 33.0}]}
{"t": 1776976751.5377312, "events": [{"op": "set", "side": "ask", "price": 0.07, "size": 38.0}]}
{"t": 1776976752.540415, "events": [{"op": "delete", "side": "ask", "price": 0.07}, {"op": "delete", "side": "ask", "price": 0.06}, {"op": "set", "side": "ask", "price": 0.1, "size": 73.89999999999998}, {"op": "set", "side": "ask", "price": 0.11, "size": 42.0}, {"op": "set", "side": "ask", "price": 0.04, "size": 42.0}]}
{"t": 1776976753.55836, "events": [{"op": "set", "side": "ask", "price": 0.03, "size": 148.0}]}
{"t": 1776976755.570341, "events": [{"op": "delete", "side": "ask", "price": 0.04}]}
{"t": 1776976756.580106, "events": [{"op": "set", "side": "ask", "price": 0.04, "size": 42.0}]}
{"t": 1776976760.616456, "events": [{"op": "set", "side": "ask", "price": 0.03, "size": 120.0}, {"op": "set", "side": "ask", "price": 0.11, "size": 40.0}, {"op": "set", "side": "ask", "price": 0.05, "size": 41.0}, {"op": "set", "side": "ask", "price": 0.04, "size": 31.0}]}
{"t": 1776976765.655814, "events": [{"op": "delete", "side": "ask", "price": 0.05}]}
{"t": 1776976766.6620412, "events": [{"op": "set", "side": "ask", "price": 0.05, "size": 41.0}]}
{"t": 1776976769.6871839, "events": [{"op": "delete", "side": "ask", "price": 0.04}]}
{"t": 1776976770.703775, "events": [{"op": "set", "side": "ask", "price": 0.1, "size": 74.89999999999998}, {"op": "set", "side": "ask", "price": 0.05, "size": 31.0}, {"op": "set", "side": "ask", "price": 0.11, "size": 41.0}]}
{"t": 1776976771.725236, "events": [{"op": "set", "side": "ask", "price": 0.06, "size": 40.0}]}
{"t": 1776976772.744343, "events": [{"op": "delete", "side": "ask", "price": 0.05}, {"op": "set", "side": "ask", "price": 0.11, "size": 40.0}]}
{"t": 1776976773.7583098, "events": [{"op": "set", "side": "ask", "price": 0.06, "size": 71.0}, {"op": "set", "side": "ask", "price": 0.11, "size": 42.0}]}
{"t": 1776976775.7824068, "events": [{"op": "set", "side": "ask", "price": 0.06, "size": 31.0}, {"op": "set", "side": "ask", "price": 0.07, "size": 39.0}]}
{"t": 1776976785.8373, "events": [{"op": "delete", "side": "ask", "price": 0.07}]}
{"t": 1776976786.846972, "events": [{"op": "set", "side": "ask", "price": 0.07, "size": 39.0}]}
{"t": 1776976789.882459, "events": [{"op": "delete", "side": "ask", "price": 0.06}]}
{"t": 1776976790.891396, "events": [{"op": "set", "side": "ask", "price": 0.07, "size": 31.0}]}
{"t": 1776976791.9012082, "events": [{"op": "set", "side": "ask", "price": 0.08, "size": 37.0}]}
{"t": 1776976792.913603, "events": [{"op": "delete", "side": "ask", "price": 0.07}]}
{"t": 1776976793.92892, "events": [{"op": "set", "side": "ask", "price": 0.08, "size": 68.0}]}
{"t": 1776976795.9431622, "events": [{"op": "set", "side": "ask", "price": 0.08, "size": 31.0}, {"op": "set", "side": "ask", "price": 0.09, "size": 34.0}]}
{"t": 1776976798.966105, "events": [{"op": "delete", "side": "bid", "price": 0.81}, {"op": "set", "side": "bid", "price": 0.8, "size": 450.0}, {"op": "delete", "side": "bid", "price": 0.82}, {"op": "delete", "side": "ask", "price": 0.08}, {"op": "set", "side": "ask", "price": 0.1, "size": 31.899999999999977}, {"op": "delete", "side": "ask", "price": 0.11}]}
{"t": 1776976800.994625, "events": [{"op": "delete", "side": "ask", "price": 0.09}, {"op": "set", "side": "ask", "price": 0.01, "size": 270.0}]}
{"t": 1776976802.004491, "events": [{"op": "set", "side": "bid", "price": 0.8, "size": 1070.0}, {"op": "set", "side": "bid", "price": 0.81, "size": 1000.0}, {"op": "set", "side": "bid", "price": 0.82, "size": 380.0}, {"op": "set", "side": "ask", "price": 0.03, "size": 151.0}, {"op": "set", "side": "ask", "price": 0.11, "size": 414.0}, {"op": "set", "side": "ask", "price": 0.04, "size": 41.0}]}
{"t": 1776976803.02252, "events": [{"op": "set", "side": "ask", "price": 0.1, "size": 303.9}]}
{"t": 1776976804.039381, "events": [{"op": "delete", "side": "bid", "price": 0.88}, {"op": "set", "side": "ask", "price": 0.03, "size": 181.0}]}
{"t": 1776976805.0567539, "events": [{"op": "set", "side": "bid", "price": 0.83, "size": 28.0}]}
{"t": 1776976806.063827, "events": [{"op": "delete", "side": "bid", "price": 0.83}, {"op": "delete", "side": "bid", "price": 0.81}, {"op": "set", "side": "bid", "price": 0.8, "size": 1067.0}, {"op": "delete", "side": "bid", "price": 0.82}, {"op": "set", "side": "ask", "price": 0.1, "size": 184.89999999999998}, {"op": "set", "side": "ask", "price": 0.03, "size": 150.0}, {"op": "set", "side": "ask", "price": 0.11, "size": 112.0}, {"op": "delete", "side": "ask", "price": 0.04}]}
{"t": 1776976807.082735, "events": [{"op": "set", "side": "bid", "price": 0.88, "size": 24.0}, {"op": "set", "side": "ask", "price": 0.04, "size": 42.0}]}
{"t": 1776976808.091316, "events": [{"op": "set", "side": "bid", "price": 0.84, "size": 35.0}, {"op": "set", "side": "bid", "price": 0.85, "size": 14.0}, {"op": "set", "side": "bid", "price": 0.83, "size": 395.0}, {"op": "set", "side": "ask", "price": 0.04, "size": 185.0}]}
{"t": 1776976811.119054, "events": [{"op": "set", "side": "ask", "price": 0.04, "size": 143.0}]}
{"t": 1776976812.1601799, "events": [{"op": "delete", "side": "bid", "price": 0.85}, {"op": "delete", "side": "bid", "price": 0.83}, {"op": "delete", "side": "bid", "price": 0.84}, {"op": "set", "side": "ask", "price": 0.05, "size": 41.0}, {"op": "delete", "side": "ask", "price": 0.04}]}
{"t": 1776976813.173311, "events": [{"op": "set", "side": "ask", "price": 0.1, "size": 132.89999999999998}, {"op": "set", "side": "ask", "price": 0.11, "size": 87.0}]}
{"t": 1776976814.181136, "events": [{"op": "set", "side": "bid", "price": 0.8, "size": 1070.0}, {"op": "set", "side": "bid", "price": 0.81, "size": 1000.0}, {"op": "set", "side": "bid", "price": 0.82, "size": 380.0}, {"op": "set", "side": "ask", "price": 0.03, "size": 231.0}]}
{"t": 1776976816.192041, "events": [{"op": "set", "side": "ask", "price": 0.1, "size": 108.89999999999998}, {"op": "set", "side": "ask", "price": 0.03, "size": 150.0}, {"op": "set", "side": "ask", "price": 0.11, "size": 74.0}]}
{"t": 1776976817.207639, "events": [{"op": "set", "side": "ask", "price": 0.05, "size": 54.0}]}
{"t": 1776976818.228111, "events": [{"op": "set", "side": "ask", "price": 0.06, "size": 40.0}]}
{"t": 1776976820.246989, "events": [{"op": "delete", "side": "ask", "price": 0.05}, {"op": "set", "side": "ask", "price": 0.1, "size": 90.89999999999998}, {"op": "set", "side": "ask", "price": 0.11, "size": 55.0}]}
{"t": 1776976821.2622788, "events": [{"op": "set", "side": "ask", "price": 0.06, "size": 41.0}, {"op": "set", "side": "ask", "price": 0.07, "size": 39.0}]}
{"t": 1776976823.281095, "events": [{"op": "delete", "side": "bid", "price": 0.81}, {"op": "set", "side": "bid", "price": 0.8, "size": 450.0}, {"op": "delete", "side": "bid", "price": 0.82}, {"op": "set", "side": "ask", "price": 0.07, "size": 71.0}, {"op": "delete", "side": "ask", "price": 0.06}, {"op": "set", "side": "ask", "price": 0.1, "size": 31.899999999999977}, {"op": "delete", "side": "ask", "price": 0.11}]}
{"t": 1776976824.2959201, "events": [{"op": "set", "side": "ask", "price": 0.03, "size": 120.0}]}
{"t": 1776976826.322222, "events": [{"op": "set", "side": "bid", "price": 0.8, "size": 1070.0}, {"op": "set", "side": "bid", "price": 0.81, "size": 1000.0}, {"op": "set", "side": "bid", "price": 0.82, "size": 380.0}, {"op": "set", "side": "ask", "price": 0.1, "size": 71.89999999999998}, {"op": "set", "side": "ask", "price": 0.07, "size": 31.0}, {"op": "set", "side": "ask", "price": 0.08, "size": 34.0}, {"op": "set", "side": "ask", "price": 0.11, "size": 37.0}]}
{"t": 1776976830.3663218, "events": [{"op": "delete", "side": "ask", "price": 0.07}]}
{"t": 1776976831.380969, "events": [{"op": "set", "side": "ask", "price": 0.1, "size": 74.89999999999998}, {"op": "set", "side": "ask", "price": 0.08, "size": 31.0}, {"op": "set", "side": "ask", "price": 0.11, "size": 40.0}, {"op": "set", "side": "ask", "price": 0.09, "size": 33.0}]}
{"t": 1776976834.404785, "events": [{"op": "delete", "side": "ask", "price": 0.08}, {"op": "set", "side": "ask", "price": 0.11, "size": 37.0}]}
{"t": 1776976836.4244428, "events": [{"op": "set", "side": "ask", "price": 0.09, "size": 31.0}, {"op": "set", "side": "ask", "price": 0.11, "size": 42.0}]}
{"t": 1776976837.434342, "events": [{"op": "set", "side": "ask", "price": 0.04, "size": 42.0}]}
{"t": 1776976839.444206, "events": [{"op": "delete", "side": "ask", "price": 0.09}]}
{"t": 1776976840.4514198, "events": [{"op": "set", "side": "ask", "price": 0.04, "size": 73.0}]}
{"t": 1776976841.461482, "events": [{"op": "set", "side": "ask", "price": 0.05, "size": 41.0}, {"op": "set", "side": "ask", "price": 0.04, "size": 31.0}]}
{"t": 1776976843.4774091, "events": [{"op": "delete", "side": "ask", "price": 0.04}]}
{"t": 1776976844.4879239, "events": [{"op": "set", "side": "ask", "price": 0.05, "size": 72.0}]}
{"t": 1776976846.5011148, "events": [{"op": "set", "side": "ask", "price": 0.05, "size": 31.0}, {"op": "set", "side": "ask", "price": 0.06, "size": 40.0}]}
{"t": 1776976856.5596192, "events": [{"op": "delete", "side": "ask", "price": 0.05}]}
{"t": 1776976857.581012, "events": [{"op": "set", "side": "ask", "price": 0.03, "size": 151.0}]}
{"t": 1776976861.608445, "events": [{"op": "delete", "side": "ask", "price": 0.06}, {"op": "set", "side": "ask", "price": 0.04, "size": 42.0}]}
{"t": 1776976862.621618, "events": [{"op": "set", "side": "ask", "price": 0.03, "size": 120.0}]}
{"t": 1776976863.631295, "events": [{"op": "set", "side": "ask", "price": 0.11, "size": 40.0}]}
{"t": 1776976864.6476958, "events": [{"op": "set", "side": "ask", "price": 0.04, "size": 73.0}]}
{"t": 1776976867.673836, "events": [{"op": "set", "side": "ask", "price": 0.05, "size": 41.0}, {"op": "set", "side": "ask", "price": 0.04, "size": 31.0}]}
{"t": 1776976873.730138, "events": [{"op": "delete", "side": "bid", "price": 0.81}, {"op": "set", "side": "bid", "price": 0.8, "size": 450.0}, {"op": "delete", "side": "bid", "price": 0.82}, {"op": "set", "side": "ask", "price": 0.1, "size": 31.899999999999977}, {"op": "delete", "side": "ask", "price": 0.11}, {"op": "delete", "side": "ask", "price": 0.04}]}
{"t": 1776976876.771445, "events": [{"op": "set", "side": "bid", "price": 0.8, "size": 1070.0}, {"op": "set", "side": "bid", "price": 0.81, "size": 1000.0}, {"op": "set", "side": "bid", "price": 0.82, "size": 380.0}, {"op": "set", "side": "ask", "price": 0.1, "size": 303.9}, {"op": "set", "side": "ask", "price": 0.05, "size": 31.0}, {"op": "set", "side": "ask", "price": 0.11, "size": 414.0}, {"op": "set", "side": "ask", "price": 0.04, "size": 41.0}]}
{"t": 1776976877.790463, "events": [{"op": "delete", "side": "bid", "price": 0.88}, {"op": "set", "side": "bid", "price": 0.83, "size": 28.0}, {"op": "set", "side": "ask", "price": 0.03, "size": 148.0}]}
{"t": 1776976880.821571, "events": [{"op": "set", "side": "bid", "price": 0.83, "size": 423.0}, {"op": "delete", "side": "bid", "price": 0.81}, {"op": "set", "side": "bid", "price": 0.8, "size": 1067.0}, {"op": "delete", "side": "bid", "price": 0.82}, {"op": "set", "side": "bid", "price": 0.84, "size": 35.0}, {"op": "set", "side": "bid", "price": 0.85, "size": 14.0}, {"op": "delete", "side": "ask", "price": 0.05}, {"op": "set", "side": "ask", "price": 0.1, "size": 199.89999999999998}, {"op": "set", "side": "ask", "price": 0.11, "size": 136.0}, {"op": "set", "side": "ask", "price": 0.04, "size": 184.0}]}
{"t": 1776976881.847991, "events": [{"op": "set", "side": "bid", "price": 0.83, "size": 395.0}, {"op": "set", "side": "bid", "price": 0.88, "size": 22.0}, {"op": "set", "side": "ask", "price": 0.05, "size": 42.0}, {"op": "set", "side": "ask", "price": 0.04, "size": 143.0}]}
{"t": 1776976885.872129, "events": [{"op": "delete", "side": "bid", "price": 0.85}, {"op": "delete", "side": "bid", "price": 0.83}, {"op": "delete", "side": "bid", "price": 0.84}, {"op": "set", "side": "ask", "price": 0.1, "size": 141.89999999999998}, {"op": "set", "side": "ask", "price": 0.11, "size": 93.0}, {"op": "delete", "side": "ask", "price": 0.04}]}
{"t": 1776976886.884876, "events": [{"op": "set", "side": "bid", "price": 0.8, "size": 1070.0}, {"op": "set", "side": "bid", "price": 0.81, "size": 1000.0}, {"op": "set", "side": "bid", "price": 0.82, "size": 380.0}, {"op": "set", "side": "ask", "price": 0.05, "size": 89.0}, {"op": "set", "side": "ask", "price": 0.04, "size": 42.0}]}
{"t": 1776976889.923457, "events": [{"op": "delete", "side": "ask", "price": 0.05}, {"op": "set", "side": "ask", "price": 0.1, "size": 108.89999999999998}, {"op": "set", "side": "ask", "price": 0.11, "size": 69.0}]}
{"t": 1776976891.953293, "events": [{"op": "set", "side": "ask", "price": 0.05, "size": 41.0}, {"op": "set", "side": "ask", "price": 0.04, "size": 58.0}]}
{"t": 1776976894.0004108, "events": [{"op": "set", "side": "ask", "price": 0.1, "size": 90.89999999999998}, {"op": "set", "side": "ask", "price": 0.11, "size": 55.0}, {"op": "delete", "side": "ask", "price": 0.04}]}
{"t": 1776976896.023417, "events": [{"op": "set", "side": "ask", "price": 0.05, "size": 82.0}]}
{"t": 1776976897.036383, "events": [{"op": "set", "side": "ask", "price": 0.05, "size": 41.0}]}
{"t": 1776976899.057378, "events": [{"op": "set", "side": "ask", "price": 0.06, "size": 40.0}]}
{"t": 1776976901.0843189, "events": [{"op": "delete", "side": "ask", "price": 0.05}]}
{"t": 1776976902.095287, "events": [{"op": "set", "side": "ask", "price": 0.1, "size": 79.89999999999998}, {"op": "set", "side": "ask", "price": 0.06, "size": 32.0}, {"op": "set", "side": "ask", "price": 0.11, "size": 47.0}, {"op": "set", "side": "ask", "price": 0.07, "size": 39.0}]}
{"t": 1776976905.158245, "events": [{"op": "delete", "side": "ask", "price": 0.06}]}
{"t": 1776976907.188873, "events": [{"op": "set", "side": "ask", "price": 0.1, "size": 70.89999999999998}, {"op": "delete", "side": "ask", "price": 0.07}, {"op": "set", "side": "ask", "price": 0.11, "size": 39.0}]}
{"t": 1776976908.196084, "events": [{"op": "set", "side": "ask", "price": 0.07, "size": 26.0}, {"op": "set", "side": "ask", "price": 0.04, "size": 42.0}]}
{"t": 1776976911.240003, "events": [{"op": "delete", "side": "ask", "price": 0.07}]}
{"t": 1776976912.4020412, "events": [{"op": "set", "side": "ask", "price": 0.1, "size": 73.89999999999998}, {"op": "set", "side": "ask", "price": 0.11, "size": 40.0}, {"op": "set", "side": "ask", "price": 0.04, "size": 31.0}]}
{"t": 1776976915.429585, "events": [{"op": "set", "side": "ask", "price": 0.05, "size": 41.0}]}
{"t": 1776976916.451133, "events": [{"op": "delete", "side": "ask", "price": 0.05}]}
{"t": 1776976917.458861, "events": [{"op": "set", "side": "ask", "price": 0.05, "size": 41.0}]}
{"t": 1776976921.492095, "events": [{"op": "set", "side": "ask", "price": 0.03, "size": 120.0}, {"op": "set", "side": "ask", "price": 0.01, "size": 200.0}]}
{"t": 1776976922.498913, "events": [{"op": "set", "side": "bid", "price": 0.02, "size": 15.0}, {"op": "set", "side": "ask", "price": 0.03, "size": 133.0}]}
{"t": 1776976926.536787, "events": [{"op": "delete", "side": "ask", "price": 0.05}]}
{"t": 1776976927.551632, "events": [{"op": "set", "side": "ask", "price": 0.05, "size": 41.0}]}
{"t": 1776976929.578751, "events": [{"op": "set", "side": "ask", "price": 0.1, "size": 70.89999999999998}, {"op": "set", "side": "ask", "price": 0.11, "size": 39.0}, {"op": "delete", "side": "ask", "price": 0.04}]}
{"t": 1776976930.605024, "events": [{"op": "set", "side": "ask", "price": 0.1, "size": 74.89999999999998}, {"op": "set", "side": "ask", "price": 0.05, "size": 72.0}, {"op": "set", "side": "ask", "price": 0.11, "size": 41.0}]}
{"t": 1776976931.623748, "events": [{"op": "set", "side": "ask", "price": 0.05, "size": 31.0}]}
{"t": 1776976932.637355, "events": [{"op": "set", "side": "ask", "price": 0.06, "size": 40.0}]}
{"t": 1776976936.672655, "events": [{"op": "delete", "side": "ask", "price": 0.06}]}
{"t": 1776976938.691734, "events": [{"op": "delete", "side": "ask", "price": 0.05}, {"op": "set", "side": "ask", "price": 0.03, "size": 164.0}, {"op": "set", "side": "ask", "price": 0.11, "size": 42.0}, {"op": "set", "side": "ask", "price": 0.04, "size": 42.0}]}
{"t": 1776976941.7294898, "events": [{"op": "delete", "side": "ask", "price": 0.04}]}
{"t": 1776976942.738662, "events": [{"op": "set", "side": "ask", "price": 0.04, "size": 42.0}]}
{"t": 1776976946.774417, "events": [{"op": "delete", "side": "ask", "price": 0.04}]}
{"t": 1776976947.781201, "events": [{"op": "set", "side": "ask", "price": 0.04, "size": 42.0}]}
{"t": 1776976961.860786, "events": [{"op": "delete", "side": "ask", "price": 0.04}]}
{"t": 1776976962.8689432, "events": [{"op": "set", "side": "ask", "price": 0.04, "size": 42.0}]}
{"t": 1776976966.893217, "events": [{"op": "delete", "side": "ask", "price": 0.04}]}
{"t": 1776976967.899841, "events": [{"op": "set", "side": "ask", "price": 0.04, "size": 42.0}]}
{"t": 1776976969.9200552, "events": [{"op": "set", "side": "ask", "price": 0.03, "size": 133.0}]}
{"t": 1776976970.939878, "events": [{"op": "set", "side": "ask", "price": 0.11, "size": 40.0}, {"op": "set", "side": "ask", "price": 0.04, "size": 73.0}]}
{"t": 1776976971.962135, "events": [{"op": "set", "side": "ask", "price": 0.04, "size": 31.0}]}
{"t": 1776976972.975918, "events": [{"op": "set", "side": "ask", "price": 0.05, "size": 42.0}]}
{"t": 1776976976.001222, "events": [{"op": "set", "side": "ask", "price": 0.11, "size": 39.0}, {"op": "delete", "side": "ask", "price": 0.04}]}
{"t": 1776976977.017309, "events": [{"op": "set", "side": "ask", "price": 0.05, "size": 31.0}, {"op": "set", "side": "ask", "price": 0.11, "size": 42.0}]}
{"t": 1776976978.030357, "events": [{"op": "set", "side": "ask", "price": 0.06, "size": 40.0}]}
{"t": 1776976979.055949, "events": [{"op": "delete", "side": "ask", "price": 0.05}]}
{"t": 1776976980.067904, "events": [{"op": "set", "side": "ask", "price": 0.06, "size": 71.0}]}
{"t": 1776976982.084939, "events": [{"op": "set", "side": "ask", "price": 0.06, "size": 31.0}, {"op": "set", "side": "ask", "price": 0.07, "size": 39.0}]}
{"t": 1776976987.12725, "events": [{"op": "delete", "side": "ask", "price": 0.07}]}
{"t": 1776976988.13999, "events": [{"op": "set", "side": "ask", "price": 0.07, "size": 39.0}]}
{"t": 1776976992.1589901, "events": [{"op": "set", "side": "ask", "price": 0.07, "size": 31.0}, {"op": "delete", "side": "ask", "price": 0.06}]}
{"t": 1776976993.171943, "events": [{"op": "set", "side": "ask", "price": 0.08, "size": 38.0}]}
{"t": 1776976997.2072861, "events": [{"op": "delete", "side": "ask", "price": 0.07}, {"op": "set", "side": "ask", "price": 0.08, "size": 31.0}]}
{"t": 1776976999.238602, "events": [{"op": "set", "side": "ask", "price": 0.09, "size": 35.0}]}
{"t": 1776977009.313969, "events": [{"op": "set", "side": "ask", "price": 0.09, "size": 66.0}, {"op": "delete", "side": "ask", "price": 0.08}]}
{"t": 1776977012.346987, "events": [{"op": "set", "side": "ask", "price": 0.09, "size": 31.0}]}
{"t": 1776977013.4125519, "events": [{"op": "set", "side": "ask", "price": 0.1, "size": 103.89999999999998}]}
{"t": 1776977017.440346, "events": [{"op": "set", "side": "ask", "price": 0.1, "size": 74.89999999999998}]}
{"t": 1776977018.454496, "events": [{"op": "set", "side": "ask", "price": 0.1, "size": 104.89999999999998}]}
{"t": 1776977022.481051, "events": [{"op": "set", "side": "ask", "price": 0.1, "size": 70.89999999999998}, {"op": "delete", "side": "ask", "price": 0.09}, {"op": "set", "side": "ask", "price": 0.11, "size": 39.0}, {"op": "set", "side": "ask", "price": 0.04, "size": 42.0}]}
{"t": 1776977023.497673, "events": [{"op": "set", "side": "ask", "price": 0.1, "size": 105.89999999999998}, {"op": "set", "side": "ask", "price": 0.03, "size": 193.0}, {"op": "set", "side": "ask", "price": 0.11, "size": 64.0}]}
{"t": 1776977024.50718, "events": [{"op": "set", "side": "ask", "price": 0.03, "size": 133.0}]}
{"t": 1776977025.520211, "events": [{"op": "set", "side": "ask", "price": 0.1, "size": 92.89999999999998}, {"op": "set", "side": "ask", "price": 0.11, "size": 61.0}, {"op": "set", "side": "ask", "price": 0.04, "size": 81.0}]}
{"t": 1776977027.54447, "events": [{"op": "delete", "side": "bid", "price": 0.81}, {"op": "set", "side": "bid", "price": 0.8, "size": 450.0}, {"op": "delete", "side": "bid", "price": 0.82}, {"op": "set", "side": "ask", "price": 0.1, "size": 31.899999999999977}, {"op": "delete", "side": "ask", "price": 0.11}, {"op": "delete", "side": "ask", "price": 0.04}]}
{"t": 1776977028.556958, "events": [{"op": "set", "side": "ask", "price": 0.04, "size": 41.0}]}
{"t": 1776977032.5981371, "events": [{"op": "set", "side": "bid", "price": 0.8, "size": 1070.0}, {"op": "set", "side": "bid", "price": 0.81, "size": 1000.0}, {"op": "set", "side": "bid", "price": 0.82, "size": 380.0}, {"op": "set", "side": "ask", "price": 0.1, "size": 303.9}, {"op": "set", "side": "ask", "price": 0.11, "size": 414.0}, {"op": "set", "side": "ask", "price": 0.04, "size": 31.0}]}
{"t": 1776977033.6091561, "events": [{"op": "delete", "side": "bid", "price": 0.88}, {"op": "delete", "side": "bid", "price": 0.57}, {"op": "delete", "side": "bid", "price": 0.47}, {"op": "set", "side": "bid", "price": 0.02, "size": 55.0}, {"op": "set", "side": "bid", "price": 0.03, "size": 44.0}, {"op": "set", "side": "bid", "price": 0.83, "size": 28.0}, {"op": "set", "side": "ask", "price": 0.03, "size": 161.0}, {"op": "set", "side": "ask", "price": 0.05, "size": 42.0}]}
{"t": 1776977036.641244, "events": [{"op": "delete", "side": "bid", "price": 0.81}, {"op": "set", "side": "bid", "price": 0.8, "size": 655.0}, {"op": "delete", "side": "bid", "price": 0.82}, {"op": "set", "side": "ask", "price": 0.1, "size": 199.89999999999998}, {"op": "set", "side": "ask", "price": 0.11, "size": 136.0}, {"op": "delete", "side": "ask", "price": 0.04}]}
{"t": 1776977037.65825, "events": [{"op": "set", "side": "bid", "price": 0.83, "size": 538.0}, {"op": "set", "side": "bid", "price": 0.88, "size": 23.0}, {"op": "set", "side": "bid", "price": 0.84, "size": 276.0}, {"op": "set", "side": "bid", "price": 0.85, "size": 14.0}, {"op": "set", "side": "ask", "price": 0.05, "size": 143.0}, {"op": "set", "side": "ask", "price": 0.06, "size": 40.0}]}
{"t": 1776977052.744798, "events": [{"op": "delete", "side": "bid", "price": 0.85}, {"op": "delete", "side": "bid", "price": 0.83}, {"op": "delete", "side": "bid", "price": 0.84}, {"op": "delete", "side": "ask", "price": 0.06}, {"op": "delete", "side": "ask", "price": 0.05}, {"op": "set", "side": "ask", "price": 0.1, "size": 141.89999999999998}, {"op": "set", "side": "ask", "price": 0.11, "size": 93.0}, {"op": "set", "side": "ask", "price": 0.04, "size": 42.0}]}
{"t": 1776977053.757576, "events": [{"op": "set", "side": "bid", "price": 0.8, "size": 1070.0}, {"op": "set", "side": "bid", "price": 0.81, "size": 1000.0}, {"op": "set", "side": "bid", "price": 0.82, "size": 380.0}, {"op": "set", "side": "ask", "price": 0.03, "size": 133.0}, {"op": "set", "side": "ask", "price": 0.06, "size": 89.0}]}
{"t": 1776977057.7837021, "events": [{"op": "delete", "side": "ask", "price": 0.06}, {"op": "set", "side": "ask", "price": 0.01, "size": 227.0}]}
{"t": 1776977058.819532, "events": [{"op": "set", "side": "ask", "price": 0.1, "size": 108.89999999999998}, {"op": "set", "side": "ask", "price": 0.11, "size": 69.0}, {"op": "set", "side": "ask", "price": 0.04, "size": 100.0}]}
{"t": 1776977062.857884, "events": [{"op": "set", "side": "ask", "price": 0.05, "size": 41.0}, {"op": "set", "side": "ask", "price": 0.04, "size": 58.0}]}
{"t": 1776977075.923553, "events": [{"op": "delete", "side": "ask", "price": 0.04}]}
{"t": 1776977076.963868, "events": [{"op": "set", "side": "ask", "price": 0.1, "size": 90.89999999999998}, {"op": "set", "side": "ask", "price": 0.11, "size": 55.0}]}
{"t": 1776977077.9874299, "events": [{"op": "set", "side": "ask", "price": 0.06, "size": 40.0}]}
{"t": 1776977088.161928, "events": [{"op": "set", "side": "ask", "price": 0.06, "size": 32.0}, {"op": "delete", "side": "ask", "price": 0.05}, {"op": "set", "side": "ask", "price": 0.1, "size": 79.89999999999998}, {"op": "set", "side": "ask", "price": 0.11, "size": 47.0}, {"op": "set", "side": "ask", "price": 0.04, "size": 42.0}]}
{"t": 1776977092.223785, "events": [{"op": "delete", "side": "ask", "price": 0.04}]}
{"t": 1776977093.235487, "events": [{"op": "set", "side": "ask", "price": 0.07, "size": 39.0}]}
{"t": 1776977094.2532868, "events": [{"op": "delete", "side": "ask", "price": 0.06}, {"op": "set", "side": "ask", "price": 0.1, "size": 70.89999999999998}, {"op": "set", "side": "ask", "price": 0.11, "size": 39.0}]}
{"t": 1776977095.277729, "events": [{"op": "set", "side": "ask", "price": 0.07, "size": 65.0}]}
{"t": 1776977097.301329, "events": [{"op": "set", "side": "ask", "price": 0.07, "size": 26.0}]}
{"t": 1776977098.3066041, "events": [{"op": "set", "side": "ask", "price": 0.08, "size": 37.0}]}
{"t": 1776977102.3221838, "events": [{"op": "delete", "side": "ask", "price": 0.08}]}
{"t": 1776977103.330272, "events": [{"op": "set", "side": "ask", "price": 0.08, "size": 37.0}]}
{"t": 1776977107.342998, "events": [{"op": "delete", "side": "ask", "price": 0.08}]}
{"t": 1776977108.387475, "events": [{"op": "set", "side": "ask", "price": 0.08, "size": 37.0}]}
{"t": 1776977109.418417, "events": [{"op": "delete", "side": "ask", "price": 0.07}]}
{"t": 1776977111.429607, "events": [{"op": "set", "side": "ask", "price": 0.1, "size": 73.89999999999998}, {"op": "set", "side": "ask", "price": 0.08, "size": 68.0}, {"op": "set", "side": "ask", "price": 0.11, "size": 40.0}]}
{"t": 1776977112.4502468, "events": [{"op": "set", "side": "ask", "price": 0.08, "size": 31.0}, {"op": "set", "side": "ask", "price": 0.09, "size": 34.0}]}
{"t": 1776977114.464504, "events": [{"op": "delete", "side": "ask", "price": 0.08}, {"op": "set", "side": "ask", "price": 0.1, "size": 70.89999999999998}, {"op": "set", "side": "ask", "price": 0.11, "size": 39.0}]}
{"t": 1776977115.483753, "events": [{"op": "set", "side": "bid", "price": 0.02, "size": 40.0}, {"op": "set", "side": "ask", "price": 0.1, "size": 74.89999999999998}, {"op": "set", "side": "ask", "price": 0.09, "size": 65.0}, {"op": "set", "side": "ask", "price": 0.03, "size": 120.0}, {"op": "set", "side": "ask", "price": 0.11, "size": 41.0}]}
{"t": 1776977116.493232, "events": [{"op": "set", "side": "bid", "price": 0.01, "size": 105.0}, {"op": "set", "side": "ask", "price": 0.02, "size": 1165.0}]}
{"t": 1776977117.496323, "events": [{"op": "delete", "side": "bid", "price": 0.02}, {"op": "set", "side": "bid", "price": 0.01, "size": 155.0}, {"op": "delete", "side": "bid", "price": 0.03}, {"op": "set", "side": "ask", "price": 0.09, "size": 31.0}, {"op": "set", "side": "ask", "price": 0.01, "size": 200.0}, {"op": "set", "side": "ask", "price": 0.04, "size": 42.0}]}
{"t": 1776977122.517152, "events": [{"op": "delete", "side": "ask", "price": 0.04}]}
{"t": 1776977123.525151, "events": [{"op": "set", "side": "ask", "price": 0.04, "size": 42.0}]}
{"t": 1776977127.5465631, "events": [{"op": "delete", "side": "ask", "price": 0.04}]}
{"t": 1776977128.558957, "events": [{"op": "set", "side": "ask", "price": 0.04, "size": 42.0}]}
{"t": 1776977130.577865, "events": [{"op": "delete", "side": "bid", "price": 0.81}, {"op": "set", "side": "bid", "price": 0.8, "size": 450.0}, {"op": "delete", "side": "bid", "price": 0.82}, {"op": "delete", "side": "ask", "price": 0.09}, {"op": "set", "side": "ask", "price": 0.1, "size": 31.899999999999977}, {"op": "delete", "side": "ask", "price": 0.11}]}
{"t": 1776977132.614957, "events": [{"op": "set", "side": "bid", "price": 0.57, "size": 30.0}, {"op": "set", "side": "ask", "price": 0.04, "size": 40.0}]}
{"t": 1776977137.645556, "events": [{"op": "delete", "side": "ask", "price": 0.04}]}
{"t": 1776977138.660905, "events": [{"op": "set", "side": "ask", "price": 0.04, "size": 40.0}]}
{"t": 1776977142.697314, "events": [{"op": "delete", "side": "ask", "price": 0.04}]}
{"t": 1776977143.710815, "events": [{"op": "set", "side": "ask", "price": 0.04, "size": 40.0}]}
{"t": 1776977157.85372, "events": [{"op": "delete", "side": "ask", "price": 0.04}]}
{"t": 1776977158.8606038, "events": [{"op": "set", "side": "ask", "price": 0.04, "size": 40.0}]}
{"t": 1776977162.883772, "events": [{"op": "delete", "side": "ask", "price": 0.04}]}
{"t": 1776977163.902998, "events": [{"op": "set", "side": "ask", "price": 0.04, "size": 40.0}]}
{"t": 1776977172.967772, "events": [{"op": "delete", "side": "ask", "price": 0.04}]}
{"t": 1776977173.988137, "events": [{"op": "set", "side": "ask", "price": 0.04, "size": 40.0}]}
{"t": 1776977178.0147588, "events": [{"op": "delete", "side": "ask", "price": 0.04}]}
{"t": 1776977179.031447, "events": [{"op": "set", "side": "ask", "price": 0.04, "size": 40.0}]}
{"t": 1776977188.102825, "events": [{"op": "delete", "side": "ask", "price": 0.04}]}
{"t": 1776977189.113677, "events": [{"op": "set", "side": "ask", "price": 0.04, "size": 40.0}]}
{"t": 1776977232.478465, "events": [{"op": "delete", "side": "ask", "price": 0.04}]}
{"t": 1776977233.48771, "events": [{"op": "set", "side": "ask", "price": 0.04, "size": 40.0}]}
{"t": 1776977247.553996, "events": [{"op": "delete", "side": "ask", "price": 0.04}]}
{"t": 1776977248.562433, "events": [{"op": "set", "side": "ask", "price": 0.04, "size": 40.0}]}
{"t": 1776977252.5743701, "events": [{"op": "delete", "side": "ask", "price": 0.04}]}
{"t": 1776977253.57671, "events": [{"op": "set", "side": "ask", "price": 0.04, "size": 40.0}]}
{"t": 1776977267.688226, "events": [{"op": "delete", "side": "ask", "price": 0.04}]}
{"t": 1776977268.70748, "events": [{"op": "set", "side": "ask", "price": 0.04, "size": 40.0}]}
{"t": 1776977272.737962, "events": [{"op": "delete", "side": "ask", "price": 0.04}]}
{"t": 1776977273.756143, "events": [{"op": "set", "side": "ask", "price": 0.04, "size": 40.0}]}
{"t": 1776977277.790047, "events": [{"op": "delete", "side": "ask", "price": 0.04}]}
{"t": 1776977278.801497, "events": [{"op": "set", "side": "ask", "price": 0.04, "size": 40.0}]}
{"t": 1776977282.825737, "events": [{"op": "delete", "side": "ask", "price": 0.04}]}
{"t": 1776977283.8374531, "events": [{"op": "set", "side": "ask", "price": 0.05, "size": 39.0}]}
{"t": 1776977287.8663838, "events": [{"op": "delete", "side": "ask", "price": 0.05}]}
{"t": 1776977288.873503, "events": [{"op": "set", "side": "ask", "price": 0.04, "size": 40.0}]}
{"t": 1776977302.961094, "events": [{"op": "delete", "side": "ask", "price": 0.04}]}
{"t": 1776977303.9781928, "events": [{"op": "set", "side": "ask", "price": 0.04, "size": 40.0}]}
{"t": 1776977308.005868, "events": [{"op": "delete", "side": "ask", "price": 0.04}]}
{"t": 1776977309.012993, "events": [{"op": "set", "side": "ask", "price": 0.04, "size": 40.0}]}
{"t": 1776977318.0772748, "events": [{"op": "delete", "side": "ask", "price": 0.04}]}
{"t": 1776977319.093371, "events": [{"op": "set", "side": "ask", "price": 0.04, "size": 40.0}]}
{"t": 1776977323.1296482, "events": [{"op": "delete", "side": "ask", "price": 0.04}]}
{"t": 1776977324.143703, "events": [{"op": "set", "side": "ask", "price": 0.04, "size": 40.0}]}
{"t": 1776977333.203201, "events": [{"op": "delete", "side": "ask", "price": 0.04}]}
{"t": 1776977334.2134001, "events": [{"op": "set", "side": "ask", "price": 0.04, "size": 40.0}]}
{"t":1776978858.741338,"e":[[0,0,0.86],[1,0,0.8,915.0],[1,0,0.81,750.0],[1,0,0.82,285.0],[1,1,0.1,239.9],[1,1,0.06,31.0],[1,1,0.11,310.0]]}
{"t":1776978859.757362,"e":[[1,0,0.83,28.0],[1,1,0.07,40.0]]}
{"t":1776978862.78689,"e":[[1,0,0.83,328.0],[0,0,0.81],[1,0,0.8,914.0],[0,0,0.82],[1,0,0.84,31.0],[1,0,0.85,13.0],[1,1,0.07,150.0],[0,1,0.06],[1,1,0.03,143.0],[1,1,0.1,163.9],[1,1,0.11,110.0]]}
{"t":1776978863.79263,"e":[[1,0,0.83,300.0],[1,0,0.86,25.0],[1,1,0.07,110.0],[1,1,0.08,39.0]]}
{"t":1776978868.847336,"e":[[0,0,0.86],[1,0,0.88,1.0],[0,1,0.08]]}
