{"t": 1776975854.366905, "events": [{"op": "set", "side": "bid", "price": 0.11, "size": 149.0}]}
{"t": 1776975855.3857431, "events": [{"op": "set", "side": "bid", "price": 0.12, "size": 126.0}, {"op": "delete", "side": "bid", "price": 0.11}]}
{"t": 1776975856.396708, "events": [{"op": "set", "side": "bid", "price": 0.09, "size": 1376.0}]}
{"t": 1776975859.432927, "events": [{"op": "set", "side": "bid", "price": 0.12, "size": 83.0}, {"op": "set", "side": "bid", "price": 0.09, "size": 1287.0}]}
{"t": 1776975866.4869819, "events": [{"op": "set", "side": "bid", "price": 0.12, "size": 66.0}, {"op": "set", "side": "bid", "price": 0.09, "size": 1251.0}]}
{"t": 1776975870.536895, "events": [{"op": "set", "side": "bid", "price": 0.12, "size": 59.0}, {"op": "set", "side": "bid", "price": 0.09, "size": 1237.0}]}
{"t": 1776975878.59487, "events": [{"op": "delete", "side": "bid", "price": 0.12}, {"op": "set", "side": "bid", "price": 0.09, "size": 1200.0}, {"op": "set", "side": "bid", "price": 0.1, "size": 26.0}, {"op": "set", "side": "ask", "price": 0.82, "size": 90.82}, {"op": "delete", "side": "ask", "price": 0.83}, {"op": "delete", "side": "ask", "price": 0.84}]}
{"t": 1776975882.637974, "events": [{"op": "set", "side": "bid", "price": 0.09, "size": 1226.0}, {"op": "set", "side": "bid", "price": 0.06, "size": 46.0}, {"op": "set", "side": "ask", "price": 0.82, "size": 423.82}, {"op": "set", "side": "ask", "price": 0.83, "size": 499.0}, {"op": "set", "side": "ask", "price": 0.84, "size": 107.0}]}
{"t": 1776975889.700941, "events": [{"op": "set", "side": "ask", "price": 0.83, "size": 500.0}, {"op": "set", "side": "ask", "price": 0.84, "size": 239.0}]}
{"t": 1776975916.9452019, "events": [{"op": "set", "side": "bid", "price": 0.09, "size": 1225.0}]}
{"t": 1776975940.061205, "events": [{"op": "set", "side": "bid", "price": 0.09, "size": 1200.0}, {"op": "set", "side": "bid", "price": 0.06, "size": 20.0}, {"op": "set", "side": "ask", "price": 0.82, "size": 90.82}, {"op": "delete", "side": "ask", "price": 0.83}, {"op": "delete", "side": "ask", "price": 0.84}]}
{"t": 1776975942.095907, "events": [{"op": "set", "side": "bid", "price": 0.09, "size": 1225.0}, {"op": "set", "side": "bid", "price": 0.06, "size": 46.0}, {"op": "set", "side": "ask", "price": 0.82, "size": 423.82}, {"op": "set", "side": "ask", "price": 0.83, "size": 500.0}, {"op": "set", "side": "ask", "price": 0.84, "size": 107.0}]}
{"t": 1776975948.2322109, "events": [{"op": "set", "side": "ask", "price": 0.84, "size": 239.0}]}
{"t": 1776975951.2976189, "events": [{"op": "set", "side": "bid", "price": 0.09, "size": 1200.0}, {"op": "set", "side": "bid", "price": 0.06, "size": 20.0}, {"op": "set", "side": "ask", "price": 0.82, "size": 90.82}, {"op": "delete", "side": "ask", "price": 0.83}, {"op": "delete", "side": "ask", "price": 0.84}]}
{"t": 1776975953.32274, "events": [{"op": "set", "side": "bid", "price": 0.09, "size": 1225.0}, {"op": "set", "side": "bid", "price": 0.06, "size": 46.0}, {"op": "set", "side": "ask", "price": 0.82, "size": 423.82}, {"op": "set", "side": "ask", "price": 0.83, "size": 500.0}, {"op": "set", "side": "ask", "price": 0.84, "size": 107.0}]}
{"t": 1776975959.372451, "events": [{"op": "set", "side": "ask", "price": 0.84, "size": 239.0}]}
{"t": 1776976038.1259038, "events": [{"op": "set", "side": "ask", "price": 0.85, "size": 84.0}]}
{"t": 1776976044.185159, "events": [{"op": "set", "side": "bid", "price": 0.09, "size": 1200.0}, {"op": "set", "side": "bid", "price": 0.06, "size": 20.0}, {"op": "set", "side": "ask", "price": 0.82, "size": 90.82}, {"op": "delete", "side": "ask", "price": 0.83}, {"op": "delete", "side": "ask", "price": 0.84}]}
{"t": 1776976047.209746, "events": [{"op": "set", "side": "bid", "price": 0.09, "size": 1225.0}, {"op": "set", "side": "bid", "price": 0.06, "size": 46.0}, {"op": "set", "side": "ask", "price": 0.82, "size": 423.82}, {"op": "set", "side": "ask", "price": 0.85, "size": 103.0}, {"op": "set", "side": "ask", "price": 0.83, "size": 500.0}, {"op": "set", "side": "ask", "price": 0.84, "size": 107.0}]}
{"t": 1776976050.238752, "events": [{"op": "set", "side": "ask", "price": 0.84, "size": 239.0}]}
{"t": 1776976058.306615, "events": [{"op": "set", "side": "bid", "price": 0.09, "size": 1200.0}, {"op": "set", "side": "bid", "price": 0.06, "size": 20.0}, {"op": "set", "side": "ask", "price": 0.82, "size": 90.82}, {"op": "delete", "side": "ask", "price": 0.83}, {"op": "delete", "side": "ask", "price": 0.84}]}
{"t": 1776976061.337662, "events": [{"op": "set", "side": "bid", "price": 0.09, "size": 1225.0}, {"op": "set", "side": "bid", "price": 0.06, "size": 46.0}, {"op": "set", "side": "ask", "price": 0.82, "size": 423.82}, {"op": "set", "side": "ask", "price": 0.83, "size": 500.0}, {"op": "set", "side": "ask", "price": 0.84, "size": 107.0}]}
{"t": 1776976066.397533, "events": [{"op": "set", "side": "ask", "price": 0.84, "size": 239.0}]}
{"t": 1776976085.548361, "events": [{"op": "set", "side": "bid", "price": 0.09, "size": 1200.0}, {"op": "set", "side": "bid", "price": 0.06, "size": 20.0}, {"op": "set", "side": "ask", "price": 0.82, "size": 90.82}, {"op": "delete", "side": "ask", "price": 0.83}, {"op": "delete", "side": "ask", "price": 0.84}]}
{"t": 1776976088.582797, "events": [{"op": "set", "side": "bid", "price": 0.09, "size": 1225.0}, {"op": "set", "side": "bid", "price": 0.06, "size": 46.0}, {"op": "set", "side": "ask", "price": 0.82, "size": 423.82}, {"op": "set", "side": "ask", "price": 0.83, "size": 500.0}, {"op": "set", "side": "ask", "price": 0.84, "size": 107.0}]}
{"t": 1776976092.6074328, "events": [{"op": "set", "side": "ask", "price": 0.84, "size": 239.0}]}
{"t": 1776976135.934583, "events": [{"op": "set", "side": "bid", "price": 0.09, "size": 1200.0}, {"op": "set", "side": "bid", "price": 0.06, "size": 20.0}, {"op": "set", "side": "ask", "price": 0.82, "size": 90.82}, {"op": "delete", "side": "ask", "price": 0.83}, {"op": "delete", "side": "ask", "price": 0.84}]}
{"t": 1776976139.976351, "events": [{"op": "set", "side": "bid", "price": 0.09, "size": 1225.0}, {"op": "set", "side": "bid", "price": 0.06, "size": 46.0}, {"op": "set", "side": "ask", "price": 0.82, "size": 423.82}, {"op": "set", "side": "ask", "price": 0.83, "size": 500.0}, {"op": "set", "side": "ask", "price": 0.84, "size": 107.0}]}
{"t": 1776976152.035327, "events": [{"op": "set", "side": "bid", "price": 0.09, "size": 1200.0}, {"op": "set", "side": "bid", "price": 0.06, "size": 20.0}, {"op": "set", "side": "ask", "price": 0.82, "size": 90.82}, {"op": "delete", "side": "ask", "price": 0.83}, {"op": "delete", "side": "ask", "price": 0.84}]}
{"t": 1776976155.081144, "events": [{"op": "set", "side": "bid", "price": 0.09, "size": 1225.0}, {"op": "set", "side": "bid", "price": 0.06, "size": 46.0}, {"op": "set", "side": "ask", "price": 0.82, "size": 423.82}, {"op": "set", "side": "ask", "price": 0.83, "size": 500.0}, {"op": "set", "side": "ask", "price": 0.84, "size": 107.0}]}
{"t": 1776976173.230133, "events": [{"op": "set", "side": "ask", "price": 0.84, "size": 239.0}]}
{"t": 1776976204.476952, "events": [{"op": "set", "side": "bid", "price": 0.09, "size": 1200.0}, {"op": "set", "side": "bid", "price": 0.06, "size": 20.0}, {"op": "set", "side": "ask", "price": 0.82, "size": 90.82}, {"op": "delete", "side": "ask", "price": 0.83}, {"op": "delete", "side": "ask", "price": 0.84}]}
{"t": 1776976208.525941, "events": [{"op": "set", "side": "bid", "price": 0.09, "size": 1225.0}, {"op": "set", "side": "bid", "price": 0.06, "size": 46.0}, {"op": "set", "side": "ask", "price": 0.82, "size": 423.82}, {"op": "set", "side": "ask", "price": 0.83, "size": 500.0}, {"op": "set", "side": "ask", "price": 0.84, "size": 107.0}]}
{"t": 1776976215.5757089, "events": [{"op": "set", "side": "ask", "price": 0.84, "size": 239.0}]}
{"t": 1776976285.139929, "events": [{"op": "set", "side": "bid", "price": 0.09, "size": 1200.0}, {"op": "set", "side": "bid", "price": 0.06, "size": 20.0}, {"op": "set", "side": "ask", "price": 0.82, "size": 90.82}, {"op": "delete", "side": "ask", "price": 0.83}, {"op": "delete", "side": "ask", "price": 0.84}]}
{"t": 1776976288.1785212, "events": [{"op": "set", "side": "bid", "price": 0.09, "size": 1225.0}, {"op": "set", "side": "bid", "price": 0.06, "size": 46.0}, {"op": "set", "side": "ask", "price": 0.82, "size": 423.82}, {"op": "set", "side": "ask", "price": 0.83, "size": 500.0}, {"op": "set", "side": "ask", "price": 0.84, "size": 107.0}]}
{"t": 1776976301.276474, "events": [{"op": "set", "side": "bid", "price": 0.09, "size": 1200.0}, {"op": "set", "side": "bid", "price": 0.06, "size": 20.0}, {"op": "set", "side": "ask", "price": 0.82, "size": 90.82}, {"op": "delete", "side": "ask", "price": 0.83}, {"op": "delete", "side": "ask", "price": 0.84}]}
{"t": 1776976305.355718, "events": [{"op": "set", "side": "bid", "price": 0.09, "size": 1225.0}, {"op": "set", "side": "bid", "price": 0.06, "size": 46.0}, {"op": "set", "side": "ask", "price": 0.82, "size": 423.82}, {"op": "set", "side": "ask", "price": 0.83, "size": 500.0}, {"op": "set", "side": "ask", "price": 0.84, "size": 107.0}]}
{"t": 1776976307.3653572, "events": [{"op": "set", "side": "ask", "price": 0.84, "size": 239.0}]}
{"t": 1776976340.6580539, "events": [{"op": "set", "side": "bid", "price": 0.09, "size": 1200.0}, {"op": "set", "side": "bid", "price": 0.06, "size": 20.0}, {"op": "set", "side": "ask", "price": 0.82, "size": 90.82}, {"op": "delete", "side": "ask", "price": 0.83}, {"op": "delete", "side": "ask", "price": 0.84}]}
{"t": 1776976343.692986, "events": [{"op": "set", "side": "bid", "price": 0.09, "size": 1225.0}, {"op": "set", "side": "bid", "price": 0.06, "size": 46.0}, {"op": "set", "side": "ask", "price": 0.82, "size": 423.82}, {"op": "set", "side": "ask", "price": 0.83, "size": 500.0}, {"op": "set", "side": "ask", "price": 0.84, "size": 107.0}]}
{"t": 1776976344.703347, "events": [{"op": "set", "side": "bid", "price": 0.09, "size": 1200.0}, {"op": "set", "side": "bid", "price": 0.06, "size": 20.0}, {"op": "set", "side": "ask", "price": 0.82, "size": 90.82}, {"op": "delete", "side": "ask", "price": 0.83}, {"op": "delete", "side": "ask", "price": 0.84}]}
{"t": 1776976348.738213, "events": [{"op": "set", "side": "bid", "price": 0.09, "size": 1225.0}, {"op": "set", "side": "bid", "price": 0.06, "size": 46.0}, {"op": "set", "side": "ask", "price": 0.82, "size": 423.82}, {"op": "set", "side": "ask", "price": 0.83, "size": 500.0}, {"op": "set", "side": "ask", "price": 0.84, "size": 107.0}]}
{"t": 1776976351.775647, "events": [{"op": "set", "side": "bid", "price": 0.09, "size": 1200.0}, {"op": "set", "side": "bid", "price": 0.06, "size": 20.0}, {"op": "set", "side": "ask", "price": 0.82, "size": 90.82}, {"op": "delete", "side": "ask", "price": 0.83}, {"op": "delete", "side": "ask", "price": 0.84}]}
{"t": 1776976352.80179, "events": [{"op": "set", "side": "ask", "price": 0.85, "size": 84.0}]}
{"t": 1776976356.839608, "events": [{"op": "set", "side": "bid", "price": 0.09, "size": 1225.0}, {"op": "set", "side": "bid", "price": 0.06, "size": 46.0}, {"op": "set", "side": "ask", "price": 0.82, "size": 423.82}, {"op": "set", "side": "ask", "price": 0.83, "size": 500.0}, {"op": "set", "side": "ask", "price": 0.84, "size": 107.0}]}
{"t": 1776976360.895073, "events": [{"op": "set", "side": "ask", "price": 0.84, "size": 239.0}]}
{"t": 1776976369.968297, "events": [{"op": "set", "side": "ask", "price": 0.85, "size": 834.0}]}
{"t": 1776976378.028401, "events": [{"op": "set", "side": "ask", "price": 0.85, "size": 853.0}]}
{"t": 1776976390.085834, "events": [{"op": "set", "side": "bid", "price": 0.09, "size": 1238.0}, {"op": "set", "side": "bid", "price": 0.11, "size": 5.0}, {"op": "set", "side": "ask", "price": 0.82, "size": 419.82}, {"op": "set", "side": "ask", "price": 0.83, "size": 494.0}, {"op": "set", "side": "ask", "price": 0.84, "size": 106.0}]}
{"t": 1776976393.108543, "events": [{"op": "set", "side": "bid", "price": 0.06, "size": 20.0}, {"op": "set", "side": "bid", "price": 0.09, "size": 1200.0}]}
{"t": 1776976394.119156, "events": [{"op": "set", "side": "bid", "price": 0.11, "size": 672.0}, {"op": "set", "side": "bid", "price": 0.1, "size": 13.0}]}
{"t": 1776976395.125777, "events": [{"op": "set", "side": "bid", "price": 0.11, "size": 696.0}]}
{"t": 1776976415.243485, "events": [{"op": "delete", "side": "bid", "price": 0.1}]}
{"t": 1776976416.25911, "events": [{"op": "set", "side": "bid", "price": 0.11, "size": 318.0}, {"op": "set", "side": "bid", "price": 0.09, "size": 1754.0}, {"op": "set", "side": "ask", "price": 0.83, "size": 495.0}]}
{"t": 1776976423.3098712, "events": [{"op": "set", "side": "bid", "price": 0.11, "size": 166.0}, {"op": "set", "side": "bid", "price": 0.09, "size": 1441.0}]}
{"t": 1776976425.340163, "events": [{"op": "set", "side": "bid", "price": 0.11, "size": 5.0}, {"op": "set", "side": "bid", "price": 0.09, "size": 1200.0}, {"op": "set", "side": "bid", "price": 0.1, "size": 25.0}, {"op": "set", "side": "ask", "price": 0.82, "size": 90.82}, {"op": "delete", "side": "ask", "price": 0.83}, {"op": "delete", "side": "ask", "price": 0.84}]}
{"t": 1776976428.364198, "events": [{"op": "set", "side": "bid", "price": 0.11, "size": 672.0}, {"op": "set", "side": "bid", "price": 0.1, "size": 38.0}, {"op": "set", "side": "ask", "price": 0.82, "size": 419.82}, {"op": "set", "side": "ask", "price": 0.83, "size": 495.0}, {"op": "set", "side": "ask", "price": 0.84, "size": 106.0}]}
{"t": 1776976430.376935, "events": [{"op": "set", "side": "bid", "price": 0.1, "size": 13.0}]}
{"t": 1776976431.391558, "events": [{"op": "set", "side": "bid", "price": 0.11, "size": 305.0}, {"op": "set", "side": "bid", "price": 0.1, "size": 554.0}]}
{"t": 1776976436.4190028, "events": [{"op": "set", "side": "bid", "price": 0.11, "size": 162.0}, {"op": "delete", "side": "bid", "price": 0.1}]}
{"t": 1776976437.425882, "events": [{"op": "set", "side": "bid", "price": 0.09, "size": 1432.0}]}
{"t": 1776976438.4467258, "events": [{"op": "set", "side": "bid", "price": 0.11, "size": 104.0}, {"op": "set", "side": "bid", "price": 0.09, "size": 1312.0}]}
{"t": 1776976442.480271, "events": [{"op": "set", "side": "bid", "price": 0.11, "size": 82.0}, {"op": "set", "side": "bid", "price": 0.09, "size": 1264.0}]}
{"t": 1776976443.4918458, "events": [{"op": "set", "side": "bid", "price": 0.11, "size": 72.0}, {"op": "set", "side": "bid", "price": 0.09, "size": 1246.0}]}
{"t": 1776976451.535392, "events": [{"op": "set", "side": "bid", "price": 0.11, "size": 68.0}]}
{"t": 1776976452.543754, "events": [{"op": "set", "side": "bid", "price": 0.09, "size": 1247.0}, {"op": "set", "side": "ask", "price": 0.82, "size": 420.82}]}
{"t": 1776976455.5719721, "events": [{"op": "set", "side": "bid", "price": 0.11, "size": 66.0}]}
{"t": 1776976456.585608, "events": [{"op": "set", "side": "bid", "price": 0.11, "size": 61.0}]}
{"t": 1776976458.60728, "events": [{"op": "set", "side": "bid", "price": 0.09, "size": 1246.0}]}
{"t": 1776976459.62, "events": [{"op": "set", "side": "bid", "price": 0.11, "size": 58.0}, {"op": "set", "side": "bid", "price": 0.09, "size": 1232.0}]}
{"t": 1776976461.631319, "events": [{"op": "set", "side": "bid", "price": 0.11, "size": 57.0}]}
{"t": 1776976462.638276, "events": [{"op": "set", "side": "bid", "price": 0.09, "size": 1239.0}]}
{"t": 1776976465.66493, "events": [{"op": "delete", "side": "bid", "price": 0.11}, {"op": "set", "side": "bid", "price": 0.09, "size": 1200.0}, {"op": "set", "side": "bid", "price": 0.1, "size": 25.0}, {"op": "set", "side": "ask", "price": 0.82, "size": 90.82}, {"op": "delete", "side": "ask", "price": 0.83}, {"op": "delete", "side": "ask", "price": 0.84}]}
{"t": 1776976468.700096, "events": [{"op": "set", "side": "bid", "price": 0.09, "size": 1237.0}, {"op": "set", "side": "bid", "price": 0.06, "size": 44.0}, {"op": "set", "side": "ask", "price": 0.82, "size": 420.82}, {"op": "set", "side": "ask", "price": 0.83, "size": 495.0}, {"op": "set", "side": "ask", "price": 0.84, "size": 106.0}]}
{"t": 1776976477.761339, "events": [{"op": "set", "side": "bid", "price": 0.09, "size": 1200.0}, {"op": "set", "side": "bid", "price": 0.06, "size": 20.0}, {"op": "set", "side": "ask", "price": 0.82, "size": 90.82}, {"op": "delete", "side": "ask", "price": 0.83}, {"op": "delete", "side": "ask", "price": 0.84}]}
{"t": 1776976480.793513, "events": [{"op": "set", "side": "bid", "price": 0.09, "size": 1237.0}, {"op": "set", "side": "bid", "price": 0.06, "size": 44.0}, {"op": "set", "side": "ask", "price": 0.82, "size": 420.82}, {"op": "set", "side": "ask", "price": 0.83, "size": 495.0}, {"op": "set", "side": "ask", "price": 0.84, "size": 106.0}]}
{"t": 1776976488.8840268, "events": [{"op": "set", "side": "ask", "price": 0.85, "size": 834.0}]}
{"t": 1776976500.976686, "events": [{"op": "set", "side": "ask", "price": 0.85, "size": 853.0}]}
{"t": 1776976506.004798, "events": [{"op": "set", "side": "bid", "price": 0.09, "size": 1236.0}]}
{"t": 1776976518.10238, "events": [{"op": "delete", "side": "ask", "price": 0.23}]}
{"t": 1776976519.114893, "events": [{"op": "set", "side": "bid", "price": 0.02, "size": 2140.0}, {"op": "delete", "side": "ask", "price": 0.24}, {"op": "set", "side": "ask", "price": 0.25, "size": 8.0}, {"op": "set", "side": "ask", "price": 0.03, "size": 70.0}, {"op": "set", "side": "ask", "price": 0.26, "size": 4259.0}]}
{"t": 1776976536.203557, "events": [{"op": "set", "side": "bid", "price": 0.09, "size": 1200.0}, {"op": "set", "side": "bid", "price": 0.06, "size": 20.0}, {"op": "set", "side": "ask", "price": 0.82, "size": 90.82}, {"op": "delete", "side": "ask", "price": 0.83}, {"op": "delete", "side": "ask", "price": 0.84}]}
{"t": 1776976537.216504, "events": [{"op": "set", "side": "bid", "price": 0.09, "size": 1236.0}, {"op": "set", "side": "bid", "price": 0.06, "size": 44.0}, {"op": "set", "side": "ask", "price": 0.82, "size": 420.82}, {"op": "set", "side": "ask", "price": 0.27, "size": 14.0}, {"op": "set", "side": "ask", "price": 0.83, "size": 495.0}, {"op": "set", "side": "ask", "price": 0.84, "size": 106.0}]}
{"t": 1776976569.49947, "events": [{"op": "set", "side": "bid", "price": 0.09, "size": 1200.0}, {"op": "set", "side": "bid", "price": 0.06, "size": 20.0}, {"op": "set", "side": "ask", "price": 0.03, "size": 20.0}, {"op": "set", "side": "ask", "price": 0.82, "size": 90.82}, {"op": "delete", "side": "ask", "price": 0.83}, {"op": "delete", "side": "ask", "price": 0.84}, {"op": "set", "side": "ask", "price": 0.02, "size": 143.0}]}
{"t": 1776976572.538016, "events": [{"op": "set", "side": "bid", "price": 0.09, "size": 1236.0}, {"op": "set", "side": "bid", "price": 0.06, "size": 44.0}, {"op": "set", "side": "ask", "price": 0.82, "size": 420.82}, {"op": "set", "side": "ask", "price": 0.83, "size": 495.0}, {"op": "set", "side": "ask", "price": 0.84, "size": 106.0}]}
{"t": 1776976587.65838, "events": [{"op": "set", "side": "bid", "price": 0.09, "size": 1235.0}]}
{"t": 1776976592.712306, "events": [{"op": "set", "side": "ask", "price": 0.83, "size": 496.0}]}
{"t": 1776976627.946018, "events": [{"op": "set", "side": "bid", "price": 0.09, "size": 1200.0}, {"op": "set", "side": "bid", "price": 0.06, "size": 20.0}, {"op": "set", "side": "ask", "price": 0.82, "size": 90.82}, {"op": "delete", "side": "ask", "price": 0.83}, {"op": "delete", "side": "ask", "price": 0.84}]}
{"t": 1776976630.9735959, "events": [{"op": "set", "side": "bid", "price": 0.09, "size": 1235.0}, {"op": "set", "side": "bid", "price": 0.06, "size": 44.0}, {"op": "set", "side": "ask", "price": 0.03, "size": 70.0}, {"op": "set", "side": "ask", "price": 0.82, "size": 420.82}, {"op": "set", "side": "ask", "price": 0.83, "size": 496.0}, {"op": "set", "side": "ask", "price": 0.84, "size": 106.0}, {"op": "set", "side": "ask", "price": 0.02, "size": 100.0}]}
{"t": 1776976688.379301, "events": [{"op": "set", "side": "bid", "price": 0.09, "size": 1234.0}]}
{"t": 1776976694.6291242, "events": [{"op": "set", "side": "bid", "price": 0.09, "size": 1200.0}, {"op": "set", "side": "bid", "price": 0.06, "size": 20.0}, {"op": "set", "side": "ask", "price": 0.82, "size": 90.82}, {"op": "delete", "side": "ask", "price": 0.83}, {"op": "delete", "side": "ask", "price": 0.84}]}
{"t": 1776976698.8431628, "events": [{"op": "set", "side": "bid", "price": 0.09, "size": 1234.0}, {"op": "set", "side": "bid", "price": 0.06, "size": 44.0}, {"op": "set", "side": "ask", "price": 0.82, "size": 420.82}, {"op": "set", "side": "ask", "price": 0.83, "size": 496.0}, {"op": "set", "side": "ask", "price": 0.84, "size": 106.0}]}
{"t": 1776976724.061188, "events": [{"op": "set", "side": "ask", "price": 0.03, "size": 20.0}, {"op": "set", "side": "ask", "price": 0.85, "size": 834.0}, {"op": "set", "side": "ask", "price": 0.02, "size": 148.0}]}
{"t": 1776976738.2212422, "events": [{"op": "set", "side": "ask", "price": 0.85, "size": 853.0}]}
{"t": 1776976760.616456, "events": [{"op": "set", "side": "ask", "price": 0.82, "size": 421.82}]}
{"t": 1776976769.6871839, "events": [{"op": "set", "side": "ask", "price": 0.85, "size": 834.0}]}
{"t": 1776976789.882459, "events": [{"op": "set", "side": "bid", "price": 0.09, "size": 1233.0}]}
{"t": 1776976792.913603, "events": [{"op": "set", "side": "ask", "price": 0.85, "size": 853.0}]}
{"t": 1776976798.966105, "events": [{"op": "set", "side": "bid", "price": 0.09, "size": 1200.0}, {"op": "set", "side": "bid", "price": 0.06, "size": 20.0}, {"op": "set", "side": "ask", "price": 0.82, "size": 90.82}, {"op": "delete", "side": "ask", "price": 0.83}, {"op": "delete", "side": "ask", "price": 0.84}]}
{"t": 1776976802.004491, "events": [{"op": "set", "side": "bid", "price": 0.09, "size": 1233.0}, {"op": "set", "side": "bid", "price": 0.06, "size": 44.0}, {"op": "set", "side": "ask", "price": 0.03, "size": 70.0}, {"op": "set", "side": "ask", "price": 0.82, "size": 421.82}, {"op": "set", "side": "ask", "price": 0.83, "size": 496.0}, {"op": "set", "side": "ask", "price": 0.84, "size": 106.0}, {"op": "set", "side": "ask", "price": 0.02, "size": 100.0}]}
{"t": 1776976817.207639, "events": [{"op": "set", "side": "ask", "price": 0.83, "size": 497.0}]}
{"t": 1776976823.281095, "events": [{"op": "set", "side": "bid", "price": 0.09, "size": 1200.0}, {"op": "set", "side": "bid", "price": 0.06, "size": 20.0}, {"op": "set", "side": "ask", "price": 0.82, "size": 90.82}, {"op": "delete", "side": "ask", "price": 0.83}, {"op": "delete", "side": "ask", "price": 0.84}]}
{"t": 1776976826.322222, "events": [{"op": "set", "side": "bid", "price": 0.09, "size": 1233.0}, {"op": "set", "side": "bid", "price": 0.06, "size": 44.0}, {"op": "set", "side": "ask", "price": 0.82, "size": 421.82}, {"op": "set", "side": "ask", "price": 0.83, "size": 497.0}, {"op": "set", "side": "ask", "price": 0.84, "size": 106.0}]}
{"t": 1776976829.35049, "events": [{"op": "set", "side": "ask", "price": 0.85, "size": 834.0}]}
{"t": 1776976840.4514198, "events": [{"op": "set", "side": "ask", "price": 0.85, "size": 853.0}]}
{"t": 1776976863.631295, "events": [{"op": "set", "side": "ask", "price": 0.85, "size": 834.0}]}
{"t": 1776976873.730138, "events": [{"op": "set", "side": "bid", "price": 0.09, "size": 1200.0}, {"op": "set", "side": "bid", "price": 0.06, "size": 20.0}, {"op": "set", "side": "ask", "price": 0.82, "size": 90.82}, {"op": "delete", "side": "ask", "price": 0.83}, {"op": "delete", "side": "ask", "price": 0.84}]}
{"t": 1776976874.749619, "events": [{"op": "set", "side": "ask", "price": 0.85, "size": 853.0}]}
{"t": 1776976876.771445, "events": [{"op": "set", "side": "bid", "price": 0.09, "size": 1233.0}, {"op": "set", "side": "bid", "price": 0.06, "size": 44.0}, {"op": "set", "side": "ask", "price": 0.82, "size": 421.82}, {"op": "set", "side": "ask", "price": 0.83, "size": 497.0}, {"op": "set", "side": "ask", "price": 0.84, "size": 106.0}]}
{"t": 1776976879.8108459, "events": [{"op": "set", "side": "ask", "price": 0.03, "size": 20.0}, {"op": "set", "side": "ask", "price": 0.85, "size": 834.0}, {"op": "set", "side": "ask", "price": 0.02, "size": 140.0}]}
{"t": 1776976889.923457, "events": [{"op": "set", "side": "bid", "price": 0.09, "size": 1232.0}, {"op": "set", "side": "ask", "price": 0.85, "size": 853.0}]}
{"t": 1776976920.486104, "events": [{"op": "set", "side": "bid", "price": 0.11, "size": 5.0}]}
{"t": 1776976925.529491, "events": [{"op": "set", "side": "ask", "price": 0.01, "size": 201.0}]}
{"t": 1776976926.536787, "events": [{"op": "set", "side": "ask", "price": 0.03, "size": 33.0}]}
{"t": 1776976929.578751, "events": [{"op": "set", "side": "bid", "price": 0.06, "size": 20.0}, {"op": "set", "side": "bid", "price": 0.09, "size": 1200.0}]}
{"t": 1776976930.605024, "events": [{"op": "set", "side": "bid", "price": 0.11, "size": 696.0}, {"op": "set", "side": "bid", "price": 0.1, "size": 11.0}]}
{"t": 1776976938.691734, "events": [{"op": "set", "side": "bid", "price": 0.11, "size": 318.0}, {"op": "delete", "side": "bid", "price": 0.1}, {"op": "set", "side": "bid", "price": 0.09, "size": 1755.0}]}
{"t": 1776976970.939878, "events": [{"op": "set", "side": "bid", "price": 0.11, "size": 166.0}, {"op": "set", "side": "bid", "price": 0.09, "size": 1442.0}]}
{"t": 1776976977.017309, "events": [{"op": "set", "side": "bid", "price": 0.11, "size": 106.0}, {"op": "set", "side": "bid", "price": 0.09, "size": 1316.0}, {"op": "set", "side": "ask", "price": 0.03, "size": 78.0}, {"op": "set", "side": "ask", "price": 0.02, "size": 100.0}]}
{"t": 1776976980.067904, "events": [{"op": "set", "side": "bid", "price": 0.11, "size": 82.0}, {"op": "set", "side": "bid", "price": 0.09, "size": 1266.0}]}
{"t": 1776976992.1589901, "events": [{"op": "set", "side": "bid", "price": 0.11, "size": 72.0}, {"op": "set", "side": "bid", "price": 0.09, "size": 1246.0}]}
{"t": 1776976997.2072861, "events": [{"op": "set", "side": "bid", "price": 0.11, "size": 68.0}, {"op": "set", "side": "bid", "price": 0.09, "size": 1247.0}]}
{"t": 1776977009.313969, "events": [{"op": "set", "side": "bid", "price": 0.11, "size": 66.0}]}
{"t": 1776977027.54447, "events": [{"op": "set", "side": "bid", "price": 0.11, "size": 5.0}, {"op": "set", "side": "bid", "price": 0.09, "size": 1200.0}, {"op": "set", "side": "ask", "price": 0.82, "size": 90.82}, {"op": "delete", "side": "ask", "price": 0.83}, {"op": "delete", "side": "ask", "price": 0.84}]}
{"t": 1776977028.556958, "events": [{"op": "set", "side": "bid", "price": 0.1, "size": 25.0}]}
{"t": 1776977032.5981371, "events": [{"op": "set", "side": "bid", "price": 0.11, "size": 672.0}, {"op": "set", "side": "bid", "price": 0.1, "size": 36.0}, {"op": "set", "side": "ask", "price": 0.82, "size": 421.82}, {"op": "set", "side": "ask", "price": 0.83, "size": 497.0}, {"op": "set", "side": "ask", "price": 0.84, "size": 106.0}]}
{"t": 1776977033.6091561, "events": [{"op": "set", "side": "bid", "price": 0.11, "size": 696.0}, {"op": "set", "side": "bid", "price": 0.1, "size": 11.0}, {"op": "set", "side": "ask", "price": 0.85, "size": 834.0}]}
{"t": 1776977036.641244, "events": [{"op": "set", "side": "bid", "price": 0.11, "size": 318.0}, {"op": "delete", "side": "bid", "price": 0.1}]}
{"t": 1776977037.65825, "events": [{"op": "set", "side": "bid", "price": 0.09, "size": 1755.0}]}
{"t": 1776977049.7190678, "events": [{"op": "set", "side": "ask", "price": 0.85, "size": 853.0}]}
{"t": 1776977052.744798, "events": [{"op": "set", "side": "bid", "price": 0.11, "size": 166.0}, {"op": "set", "side": "bid", "price": 0.09, "size": 1442.0}]}
{"t": 1776977058.819532, "events": [{"op": "set", "side": "bid", "price": 0.11, "size": 106.0}, {"op": "set", "side": "bid", "price": 0.09, "size": 1316.0}]}
{"t": 1776977076.963868, "events": [{"op": "set", "side": "bid", "price": 0.11, "size": 82.0}, {"op": "set", "side": "bid", "price": 0.09, "size": 1266.0}]}
{"t": 1776977088.161928, "events": [{"op": "set", "side": "bid", "price": 0.11, "size": 72.0}, {"op": "set", "side": "bid", "price": 0.09, "size": 1246.0}]}
{"t": 1776977094.2532868, "events": [{"op": "set", "side": "bid", "price": 0.11, "size": 68.0}]}
{"t": 1776977095.277729, "events": [{"op": "set", "side": "bid", "price": 0.09, "size": 1247.0}]}
{"t": 1776977109.418417, "events": [{"op": "set", "side": "bid", "price": 0.11, "size": 66.0}]}
{"t": 1776977118.500858, "events": [{"op": "set", "side": "ask", "price": 0.03, "size": 65.0}]}
{"t": 1776977119.505832, "events": [{"op": "set", "side": "ask", "price": 0.02, "size": 180.0}]}
{"t": 1776977130.577865, "events": [{"op": "set", "side": "bid", "price": 0.11, "size": 5.0}, {"op": "set", "side": "bid", "price": 0.09, "size": 1200.0}, {"op": "set", "side": "bid", "price": 0.1, "size": 25.0}, {"op": "set", "side": "ask", "price": 0.82, "size": 90.82}, {"op": "delete", "side": "ask", "price": 0.83}, {"op": "delete", "side": "ask", "price": 0.84}]}
{"t": 1776977351.295446, "events": [{"op": "set", "side": "ask", "price": 0.85, "size": 834.0}]}
{"t":1776978858.741338,"e":[[1,0,0.1,525.0],[1,0,0.09,1244.0],[1,1,0.82,338.82],[1,1,0.83,371.0],[1,1,0.84,106.0]]}
{"t":1776978862.78689,"e":[[1,0,0.1,320.0],[1,0,0.09,1616.0]]}
{"t":1776978869.856717,"e":[[1,0,0.1,25.0],[1,0,0.09,1200.0],[1,1,0.82,90.82],[0,1,0.83],[0,1,0.84]]}
{"t":1776978870.8758981,"e":[[1,0,0.1,525.0],[1,0,0.09,1244.0],[1,1,0.82,338.82],[1,1,0.83,371.0],[1,1,0.84,106.0]]}
{"t":1776978880.958843,"e":[[1,0,0.1,320.0],[1,0,0.09,1616.0]]}
{"t":1776978892.061598,"e":[[1,0,0.09,1448.0]]}
{"t":1776978893.067925,"e":[[1,0,0.1,400.0],[1,0,0.09,1244.0],[1,1,0.83,372.0]]}
{"t":1776978894.083298,"e":[[1,0,0.1,360.0],[1,0,0.09,1514.0]]}
{"t":1776978901.116956,"e":[[1,0,0.1,320.0],[1,0,0.09,1482.0]]}
{"t":1776978903.141529,"e":[[1,0,0.1,373.0]]}
{"t":1776978906.199552,"e":[[1,0,0.1,363.0],[1,0,0.09,1493.0]]}
{"t":1776978909.223537,"e":[[1,0,0.1,25.0],[1,0,0.09,1200.0],[1,1,0.82,90.82],[0,1,0.83],[0,1,0.84]]}
{"t":1776978910.24915,"e":[[1,0,0.1,69.0]]}
{"t":1776978914.3329191,"e":[[1,0,0.1,86.0],[1,0,0.09,1238.0],[1,1,0.82,338.82],[1,1,0.83,372.0],[1,1,0.84,106.0]]}
{"t":1776978924.409956,"e":[[1,0,0.1,98.0],[1,0,0.09,1252.0]]}
{"t":1776978929.4566789,"e":[[1,0,0.1,69.0],[1,0,0.09,1238.0]]}
{"t":1776978930.468961,"e":[[1,0,0.1,111.0],[1,0,0.09,1262.0]]}
{"t":1776978933.487251,"e":[[1,0,0.1,25.0],[1,0,0.09,1200.0],[1,1,0.82,90.82],[0,1,0.83],[0,1,0.84]]}
{"t":1776978934.500247,"e":[[1,0,0.1,525.0],[1,0,0.09,1244.0],[1,1,0.82,338.82],[1,1,0.83,372.0],[1,1,0.84,106.0]]}
{"t":1776978937.528013,"e":[[1,0,0.1,320.0],[1,0,0.09,1616.0]]}
{"t":1776978940.554606,"e":[[1,0,0.1,400.0],[1,0,0.09,1448.0]]}
{"t":1776978942.8010938,"e":[[1,0,0.1,360.0],[1,0,0.09,1244.0]]}
{"t":1776978943.870709,"e":[[1,0,0.09,1514.0]]}
{"t":1776978944.886556,"e":[[1,0,0.1,320.0]]}
{"t":1776978945.9015749,"e":[[1,0,0.1,373.0],[1,0,0.09,1482.0]]}
{"t":1776978955.9853902,"e":[[1,1,0.85,621.86],[0,1,0.86]]}
{"t":1776978958.996638,"e":[[1,1,0.83,412.0]]}
{"t":1776978960.003504,"e":[[1,0,0.1,363.0],[1,0,0.09,1493.0],[1,1,0.82,337.82],[1,1,0.83,410.0]]}
{"t":1776978964.042811,"e":[[1,0,0.1,364.0],[1,0,0.09,1484.0],[1,1,0.83,370.0],[1,1,0.84,145.0]]}
{"t":1776978969.0756228,"e":[[1,1,0.84,106.0],[1,1,0.85,658.86]]}
{"t":1776978975.102098,"e":[[1,0,0.1,360.0],[1,0,0.09,1485.0]]}
{"t":1776978979.146398,"e":[[1,0,0.1,25.0],[1,0,0.09,1200.0],[1,1,0.82,90.82],[0,1,0.83],[0,1,0.84]]}
{"t":1776978982.174557,"e":[[1,0,0.1,525.0],[1,0,0.09,1245.0],[1,1,0.82,337.82],[1,1,0.83,370.0],[1,1,0.84,106.0]]}
{"t":1776978987.2190342,"e":[[1,0,0.1,321.0]]}
{"t":1776978988.237164,"e":[[1,0,0.09,1616.0]]}
{"t":1776978995.287495,"e":[[1,0,0.1,257.0],[1,0,0.09,1354.0],[1,1,0.83,202.0],[1,1,0.84,39.0]]}
{"t":1776978996.2944121,"e":[[1,0,0.1,232.0],[1,0,0.11,263.0],[1,1,0.81,407.0],[1,1,0.82,415.82]]}
{"t":1776978998.314678,"e":[[0,0,0.1]]}
{"t":1776978999.3208299,"e":[[1,0,0.09,1324.0],[1,0,0.12,139.0],[1,0,0.1,25.0],[1,0,0.11,157.0]]}
{"t":1776979001.330666,"e":[[0,0,0.12],[1,0,0.11,73.0],[1,0,0.1,82.0],[1,0,0.09,1226.0]]}
{"t":1776979004.3611479,"e":[[1,0,0.11,96.0],[1,0,0.1,57.0]]}
{"t":1776979005.3668659,"e":[[1,0,0.11,72.0],[0,0,0.1],[1,1,0.82,337.82]]}
{"t":1776979006.375099,"e":[[1,0,0.11,23.0],[1,0,0.09,1200.0],[1,1,0.81,250.0],[1,1,0.82,90.82],[0,1,0.83],[0,1,0.84]]}
{"t":1776979008.3985898,"e":[[0,0,0.11]]}
{"t":1776979009.408774,"e":[[1,0,0.09,2222.0],[1,0,0.1,503.0],[1,1,0.81,407.0],[1,1,0.82,416.82],[1,1,0.83,202.0],[1,1,0.84,39.0]]}
{"t":1776979012.437783,"e":[[1,0,0.1,314.0],[1,0,0.09,1446.0],[1,0,0.11,239.0]]}
{"t":1776979014.457608,"e":[[1,0,0.11,209.0],[1,0,0.1,199.0],[1,0,0.09,1350.0]]}
{"t":1776979015.468698,"e":[[0,0,0.1]]}
{"t":1776979016.473633,"e":[[1,0,0.11,153.0],[1,0,0.09,1296.0],[1,0,0.12,121.0]]}
{"t":1776979019.489304,"e":[[1,0,0.11,129.0],[1,0,0.1,26.0]]}
{"t":1776979021.503144,"e":[[0,0,0.12],[0,0,0.11],[1,0,0.09,1200.0],[1,1,0.81,250.0],[1,1,0.82,90.82],[0,1,0.83],[0,1,0.84]]}
{"t":1776979023.5258439,"e":[[1,0,0.1,225.0],[1,0,0.09,1227.0],[1,0,0.11,318.0],[1,1,0.81,407.0],[1,1,0.82,416.82],[1,1,0.83,203.0],[1,1,0.84,39.0]]}
{"t":1776979024.5338361,"e":[[1,0,0.11,342.0],[1,0,0.1,199.0]]}
{"t":1776979029.587926,"e":[[1,0,0.11,197.0],[0,0,0.1]]}
{"t":1776979030.603501,"e":[[1,0,0.09,1364.0],[1,0,0.12,124.0],[1,0,0.1,25.0],[1,0,0.11,173.0],[1,1,0.81,408.0],[1,1,0.82,417.82],[1,1,0.83,286.0],[1,1,0.84,86.0]]}
{"t":1776979032.6179898,"e":[[0,0,0.12],[1,0,0.09,1227.0],[1,1,0.83,203.0],[1,1,0.84,39.0]]}
{"t":1776979033.631568,"e":[[1,0,0.11,90.0],[1,0,0.1,67.0],[1,0,0.09,1226.0],[1,1,0.83,291.0],[1,1,0.84,89.0]]}
{"t":1776979034.644863,"e":[[1,0,0.11,113.0]]}
{"t":1776979037.6768699,"e":[[1,0,0.1,127.0]]}
{"t":1776979038.681684,"e":[[1,1,0.85,718.86]]}
{"t":1776979039.688419,"e":[[1,0,0.09,1200.0],[1,1,0.83,203.0],[1,1,0.84,39.0]]}
{"t":1776979040.7005498,"e":[[1,0,0.11,86.0],[1,0,0.1,108.0],[1,0,0.12,57.0],[1,1,0.83,293.0],[1,1,0.84,90.0]]}
{"t":1776979041.708986,"e":[[1,0,0.12,49.0],[1,0,0.11,72.0],[1,0,0.1,93.0],[1,1,0.83,203.0]]}
{"t":1776979042.716481,"e":[[1,1,0.83,294.0]]}
{"t":1776979043.7256699,"e":[[1,0,0.11,71.0]]}
{"t":1776979047.772817,"e":[[1,0,0.12,41.0],[1,0,0.11,123.0],[1,0,0.1,26.0]]}
{"t":1776979048.783055,"e":[[1,0,0.11,100.0],[0,0,0.1]]}
{"t":1776979049.796087,"e":[[1,0,0.12,83.0],[1,0,0.11,158.0],[1,0,0.09,1282.0],[1,0,0.1,25.0]]}
{"t":1776979050.810624,"e":[[1,0,0.12,93.0],[1,0,0.11,146.0],[1,0,0.1,77.0],[1,0,0.09,1200.0]]}
{"t":1776979053.8394592,"e":[[1,0,0.11,170.0],[1,0,0.1,52.0]]}
{"t":1776979058.879385,"e":[[1,0,0.11,146.0]]}
{"t":1776979059.897089,"e":[[1,0,0.11,170.0]]}
{"t":1776979063.923606,"e":[[1,0,0.12,103.0],[1,0,0.11,169.0],[1,0,0.1,25.0],[1,0,0.09,1282.0]]}
{"t":1776979066.949738,"e":[[1,0,0.09,1200.0]]}
{"t":1776979067.955457,"e":[[1,0,0.12,94.0],[1,0,0.11,149.0],[1,0,0.1,82.0]]}
{"t":1776979068.960734,"e":[[1,0,0.11,173.0],[1,0,0.1,57.0]]}
{"t":1776979069.968309,"e":[[1,0,0.12,76.0],[1,0,0.11,164.0],[1,0,0.1,59.0]]}
{"t":1776979073.985497,"e":[[1,0,0.11,140.0]]}
{"t":1776979074.997067,"e":[[1,0,0.12,41.0],[1,0,0.11,124.0],[0,0,0.1]]}
{"t":1776979076.0149,"e":[[1,0,0.12,101.0],[1,0,0.11,192.0],[1,0,0.09,1282.0]]}
{"t":1776979077.01964,"e":[[1,0,0.12,41.0],[1,0,0.11,124.0]]}
{"t":1776979078.0877068,"e":[[1,0,0.12,110.0],[1,0,0.11,198.0]]}
{"t":1776979079.104359,"e":[[1,0,0.12,41.0],[1,0,0.11,100.0],[1,0,0.1,25.0]]}
{"t":1776979080.118677,"e":[[1,0,0.12,112.0],[1,0,0.11,175.0]]}
{"t":1776979081.134896,"e":[[0,0,0.12],[1,0,0.11,60.0],[1,0,0.09,1200.0],[1,1,0.81,250.0],[1,1,0.82,90.82],[0,1,0.83],[0,1,0.84]]}
{"t":1776979082.147449,"e":[[1,0,0.1,85.0],[0,0,0.06]]}
{"t":1776979083.1631098,"e":[[1,0,0.01,115.0]]}
{"t":1776979084.171616,"e":[[1,0,0.11,162.0],[1,0,0.1,59.0],[1,0,0.12,73.0],[1,1,0.81,407.0],[1,1,0.82,416.82],[1,1,0.83,203.0],[1,1,0.84,39.0]]}
{"t":1776979087.206999,"e":[[0,0,0.1]]}
{"t":1776979088.2138398,"e":[[1,0,0.12,160.0],[1,0,0.11,131.0],[1,0,0.09,1282.0],[1,1,0.81,408.0],[1,1,0.82,417.82],[1,1,0.83,286.0],[1,1,0.84,86.0]]}
{"t":1776979089.221153,"e":[[1,0,0.11,107.0]]}
{"t":1776979090.2286022,"e":[[1,0,0.1,25.0]]}
{"t":1776979096.274104,"e":[[0,0,0.11],[1,0,0.09,1200.0],[1,1,0.83,203.0],[1,1,0.84,39.0]]}
{"t":1776979097.281425,"e":[[1,0,0.12,147.0],[1,0,0.1,78.0],[1,0,0.13,94.0],[1,1,0.83,291.0],[1,1,0.84,89.0]]}
{"t":1776979099.301047,"e":[[1,0,0.1,53.0],[1,0,0.11,24.0]]}
{"t":1776979102.3232388,"e":[[0,0,0.13],[1,0,0.12,60.0],[0,0,0.1],[1,1,0.81,250.0],[1,1,0.82,90.82],[0,1,0.83],[0,1,0.84]]}
{"t":1776979104.348536,"e":[[0,0,0.11],[1,0,0.1,25.0]]}
{"t":1776979106.3717089,"e":[[1,0,0.12,280.0],[1,0,0.1,85.0],[1,0,0.13,318.0],[1,1,0.81,407.0],[1,1,0.82,416.82],[1,1,0.83,203.0],[1,1,0.84,39.0]]}
{"t":1776979109.390201,"e":[[1,0,0.1,60.0],[1,0,0.11,25.0]]}
{"t":1776979111.404879,"e":[[0,0,0.13],[1,0,0.12,60.0],[0,0,0.1],[1,1,0.81,250.0],[1,1,0.82,90.82],[0,1,0.83],[0,1,0.84]]}
{"t":1776979114.437589,"e":[[1,0,0.12,304.0],[1,0,0.11,60.0],[1,0,0.13,318.0],[1,1,0.81,407.0],[1,1,0.82,416.82],[1,1,0.83,203.0],[1,1,0.84,39.0]]}
{"t":1776979115.4443111,"e":[[1,0,0.13,378.0],[1,0,0.12,244.0]]}
{"t":1776979117.451895,"e":[[0,0,0.11]]}
{"t":1776979118.460242,"e":[[1,0,0.13,281.0],[1,0,0.12,189.0],[1,0,0.14,207.0],[1,1,0.81,408.0],[1,1,0.82,417.82],[1,1,0.83,286.0],[1,1,0.84,86.0]]}
{"t":1776979119.477729,"e":[[1,0,0.12,165.0],[1,0,0.1,27.0]]}
{"t":1776979122.4985752,"e":[[1,0,0.01,25.0]]}
{"t":1776979128.537746,"e":[[0,0,0.1]]}
{"t":1776979129.54734,"e":[[1,0,0.1,27.0]]}
{"t":1776979130.556236,"e":[[0,0,0.14],[1,0,0.13,60.0],[0,0,0.12],[1,1,0.81,250.0],[1,1,0.82,90.82],[0,1,0.83],[0,1,0.84]]}
{"t":1776979132.568574,"e":[[1,0,0.13,280.0],[1,0,0.1,87.0],[1,0,0.14,318.0],[1,1,0.81,407.0],[1,1,0.82,416.82],[1,1,0.83,203.0],[1,1,0.84,39.0]]}
{"t":1776979134.59286,"e":[[1,0,0.1,60.0],[1,0,0.11,26.0]]}
{"t":1776979135.5978959,"e":[[0,0,0.14],[1,0,0.13,60.0],[0,0,0.1],[1,1,0.81,250.0],[1,1,0.82,90.82],[0,1,0.83],[0,1,0.84]]}
{"t":1776979138.624363,"e":[[1,0,0.13,280.0],[1,0,0.11,60.0],[1,0,0.14,318.0],[1,1,0.81,407.0],[1,1,0.82,416.82],[1,1,0.83,203.0],[1,1,0.84,39.0]]}
{"t":1776979139.636075,"e":[[1,0,0.12,25.0]]}
{"t":1776979141.650948,"e":[[1,0,0.01,10.0]]}
{"t":1776979142.654856,"e":[[1,0,0.03,49.0]]}
{"t":1776979143.658391,"e":[[0,0,0.12]]}
{"t":1776979144.664872,"e":[[1,0,0.12,25.0]]}
{"t":1776979147.682015,"e":[[1,0,0.14,141.0],[1,0,0.13,211.0],[0,0,0.11],[1,0,0.12,139.0],[1,1,0.81,408.0],[1,1,0.82,417.82],[1,1,0.83,286.0],[1,1,0.84,86.0]]}
{"t":1776979148.6882508,"e":[[1,0,0.12,114.0]]}
{"t":1776979149.697856,"e":[[1,0,0.1,26.0]]}
{"t":1776979150.7065759,"e":[[1,0,0.14,111.0],[1,0,0.13,172.0],[0,0,0.12],[1,1,0.82,416.82],[1,1,0.83,203.0],[1,1,0.84,39.0]]}
{"t":1776979151.711597,"e":[[1,0,0.1,105.0],[1,1,0.82,418.82],[1,1,0.83,292.0],[1,1,0.84,89.0]]}
{"t":1776979153.7202702,"e":[[1,0,0.1,79.0]]}
{"t":1776979154.725871,"e":[[1,0,0.11,25.0]]}
{"t":1776979158.738472,"e":[[0,0,0.11]]}
{"t":1776979159.749865,"e":[[1,0,0.11,25.0]]}
{"t":1776979162.765724,"e":[[0,0,0.14],[1,0,0.13,60.0],[0,0,0.1],[1,1,0.81,250.0],[1,1,0.82,90.82],[0,1,0.83],[0,1,0.84]]}
{"t":1776979163.793617,"e":[[0,0,0.11]]}
{"t":1776979164.808703,"e":[[1,0,0.1,26.0]]}
{"t":1776979165.8170938,"e":[[1,0,0.13,219.0],[1,0,0.1,85.0],[1,0,0.14,378.0],[1,1,0.81,408.0],[1,1,0.82,416.82],[1,1,0.83,203.0],[1,1,0.84,39.0]]}
{"t":1776979168.883063,"e":[[0,0,0.13],[0,0,0.1],[1,0,0.11,26.0]]}
{"t":1776979169.900068,"e":[[1,0,0.14,266.0],[1,0,0.09,1365.0],[1,1,0.82,417.82],[1,1,0.83,286.0],[1,1,0.84,86.0]]}
{"t":1776979170.91721,"e":[[1,0,0.14,449.0]]}
{"t":1776979171.93222,"e":[[1,0,0.14,518.0],[1,0,0.11,227.0],[1,0,0.09,1200.0],[1,1,0.82,418.82],[1,1,0.83,292.0],[1,1,0.84,89.0]]}
{"t":1776979173.9502,"e":[[1,0,0.11,201.0]]}
{"t":1776979174.9592881,"e":[[1,0,0.12,25.0]]}
{"t":1776979180.0119722,"e":[[1,0,0.03,44.0]]}
{"t":1776979181.0244071,"e":[[1,0,0.01,114.0]]}
{"t":1776979189.069438,"e":[[0,0,0.12]]}
{"t":1776979190.0817358,"e":[[1,0,0.12,25.0]]}
{"t":1776979192.094267,"e":[[0,0,0.11],[1,1,0.83,203.0],[1,1,0.84,39.0]]}
{"t":1776979193.106602,"e":[[1,0,0.14,586.0],[1,0,0.12,262.0],[1,1,0.83,294.0],[1,1,0.84,90.0],[1,1,0.85,711.86]]}
{"t":1776979194.1217432,"e":[[1,0,0.12,237.0],[1,0,0.13,23.0],[1,1,0.84,124.0],[1,1,0.85,681.86]]}
{"t":1776979200.210846,"e":[[1,0,0.01,10.0]]}
{"t":1776979201.2161422,"e":[[1,0,0.03,50.0]]}
{"t":1776979208.261129,"e":[[1,0,0.14,60.0],[0,0,0.12],[1,1,0.81,250.0],[1,1,0.82,90.82],[0,1,0.83],[1,1,0.84,34.0]]}
{"t":1776979209.2903218,"e":[[0,0,0.13],[1,0,0.1,26.0],[0,1,0.84],[1,1,0.83,39.0]]}
{"t":1776979210.3045912,"e":[[1,0,0.14,279.0],[1,0,0.09,1259.0],[1,1,0.81,408.0],[1,1,0.82,416.82],[1,1,0.83,242.0],[1,1,0.84,39.0]]}
{"t":1776979211.32776,"e":[[1,0,0.14,597.0]]}
{"t":1776979212.337474,"e":[[1,0,0.09,1200.0]]}
{"t":1776979213.3565571,"e":[[1,0,0.14,360.0],[1,0,0.1,304.0],[1,1,0.82,418.82],[1,1,0.83,325.0],[1,1,0.84,86.0]]}
{"t":1776979214.370697,"e":[[1,0,0.14,585.0],[0,0,0.1],[1,0,0.11,26.0],[1,1,0.83,203.0],[1,1,0.84,73.0]]}
{"t":1776979215.387918,"e":[[1,0,0.14,652.0],[1,0,0.09,1471.0],[1,1,0.83,292.0],[1,1,0.84,123.0]]}
{"t":1776979218.4224992,"e":[[1,0,0.14,624.0],[1,0,0.11,332.0],[1,0,0.09,1200.0],[1,1,0.83,294.0],[1,1,0.84,124.0]]}
{"t":1776979219.4379961,"e":[[1,0,0.11,306.0],[1,0,0.12,25.0]]}
{"t":1776979223.484946,"e":[[1,0,0.14,403.0],[1,0,0.12,316.0],[0,0,0.11],[1,1,0.81,409.0],[1,1,0.83,295.0],[1,1,0.84,125.0]]}
{"t":1776979224.5004532,"e":[[1,0,0.14,690.0],[1,0,0.12,291.0],[1,0,0.13,23.0],[1,1,0.84,91.0],[1,1,0.85,710.86]]}
{"t":1776979229.535329,"e":[[1,1,0.84,125.0],[1,1,0.85,681.86]]}
{"t":1776979234.5730119,"e":[[1,0,0.14,440.0],[1,0,0.13,325.0],[0,0,0.12],[1,0,0.1,27.0],[1,1,0.83,294.0],[1,1,0.84,90.0],[1,1,0.85,710.86]]}
{"t":1776979235.5862029,"e":[[1,0,0.14,755.0]]}
{"t":1776979238.613157,"e":[[0,0,0.1],[1,1,0.85,681.86]]}
{"t":1776979239.629515,"e":[[1,0,0.1,27.0],[1,1,0.84,124.0]]}
{"t":1776979241.650453,"e":[[1,0,0.03,44.0]]}
{"t":1776979242.661634,"e":[[1,0,0.01,114.0]]}
{"t":1776979243.668138,"e":[[0,0,0.1],[1,1,0.84,90.0]]}
{"t":1776979244.683896,"e":[[1,0,0.14,463.0],[0,0,0.13],[1,0,0.1,385.0],[1,1,0.83,295.0],[1,1,0.84,125.0]]}
{"t":1776979245.703907,"e":[[1,0,0.14,781.0]]}
{"t":1776979248.733121,"e":[[1,0,0.1,358.0],[1,1,0.84,91.0]]}
{"t":1776979249.743511,"e":[[1,0,0.11,26.0],[1,1,0.84,125.0]]}
{"t":1776979250.753281,"e":[[1,0,0.14,60.0],[0,0,0.1],[1,1,0.81,250.0],[1,1,0.82,90.82],[0,1,0.83],[1,1,0.84,34.0]]}
{"t":1776979251.799284,"e":[[1,0,0.14,538.0],[1,0,0.09,2222.0],[1,1,0.81,409.0],[1,1,0.82,420.82]]}
{"t":1776979253.834037,"e":[[0,0,0.11],[0,1,0.84],[1,1,0.85,1567.8600000000001]]}
{"t":1776979254.850881,"e":[[1,0,0.09,1022.0],[1,0,0.1,1227.0],[1,1,0.83,38.0]]}
{"t":1776979255.8658319,"e":[[0,0,0.09],[1,1,0.85,681.8600000000001]]}
{"t":1776979256.887512,"e":[[1,0,0.14,355.0],[1,0,0.1,1474.0],[1,1,0.81,407.0],[1,1,0.82,415.82],[1,1,0.83,323.0],[1,1,0.84,86.0]]}
{"t":1776979257.904416,"e":[[1,0,0.14,605.0]]}
{"t":1776979258.914689,"e":[[1,0,0.1,1447.0],[1,1,0.83,285.0]]}
{"t":1776979259.933438,"e":[[1,0,0.11,26.0],[1,1,0.84,120.0]]}
{"t":1776979260.946314,"e":[[1,0,0.14,371.0],[1,0,0.1,1200.0]]}
{"t":1776979261.959753,"e":[[1,0,0.14,610.0],[1,0,0.11,308.0],[1,1,0.81,408.0],[1,1,0.82,417.82],[1,1,0.83,291.0],[1,1,0.84,123.0]]}
{"t":1776979262.975913,"e":[[1,1,0.82,415.82],[1,1,0.83,285.0],[1,1,0.84,120.0]]}
{"t":1776979263.983315,"e":[[1,0,0.14,611.0],[1,0,0.11,283.0],[1,0,0.12,25.0],[1,1,0.82,418.82],[1,1,0.83,293.0],[1,1,0.84,124.0]]}
{"t":1776979264.991877,"e":[[1,0,0.01,10.0]]}
{"t":1776979266.0015519,"e":[[1,0,0.03,49.0]]}
{"t":1776979269.017633,"e":[[0,0,0.12],[1,1,0.84,90.0]]}
{"t":1776979270.039099,"e":[[1,0,0.12,25.0],[1,1,0.84,124.0]]}
{"t":1776979277.085877,"e":[[1,0,0.14,396.0],[1,0,0.12,309.0],[0,0,0.11],[1,1,0.81,409.0],[1,1,0.83,294.0]]}
{"t":1776979278.1032362,"e":[[1,0,0.14,677.0]]}
{"t":1776979279.118171,"e":[[1,0,0.12,284.0],[1,1,0.84,90.0]]}
{"t":1776979280.12364,"e":[[1,0,0.13,23.0],[1,1,0.84,124.0]]}
{"t":1776979286.150522,"e":[[1,0,0.14,60.0],[0,0,0.12],[1,1,0.81,250.0],[1,1,0.82,90.82],[0,1,0.83],[1,1,0.84,34.0]]}
{"t":1776979288.1660001,"e":[[1,0,0.14,279.0],[1,0,0.13,82.0],[1,1,0.81,408.0],[1,1,0.82,417.82],[1,1,0.84,73.0],[1,1,0.83,203.0]]}
{"t":1776979289.188255,"e":[[1,0,0.13,59.0],[1,0,0.11,26.0],[1,1,0.84,39.0],[1,1,0.85,712.8600000000001]]}
{"t":1776979290.1999419,"e":[[1,0,0.14,597.0]]}
{"t":1776979294.2221088,"e":[[1,1,0.84,73.0],[1,1,0.85,681.8600000000001]]}
{"t":1776979297.236424,"e":[[0,0,0.13]]}
{"t":1776979298.2418702,"e":[[1,0,0.14,664.0],[1,0,0.11,303.0],[1,1,0.81,409.0],[1,1,0.82,418.82],[1,1,0.83,286.0],[1,1,0.84,120.0]]}
{"t":1776979299.246837,"e":[[1,0,0.11,277.0],[1,0,0.12,25.0]]}
{"t":1776979302.2747672,"e":[[1,0,0.03,44.0]]}
{"t":1776979303.2800388,"e":[[1,0,0.01,114.0]]}
{"t":1776979305.292248,"e":[[1,0,0.14,426.0],[0,0,0.11],[1,0,0.1,1512.0],[1,1,0.83,292.0],[1,1,0.84,123.0]]}
{"t":1776979307.324513,"e":[[1,0,0.14,730.0]]}
{"t":1776979308.3388212,"e":[[1,0,0.14,455.0],[1,0,0.1,1200.0],[1,1,0.83,203.0],[1,1,0.84,73.0]]}
{"t":1776979309.357186,"e":[[1,0,0.12,346.0],[1,1,0.83,294.0],[1,1,0.84,90.0]]}
{"t":1776979310.3758469,"e":[[1,0,0.14,773.0],[1,0,0.13,23.0],[1,1,0.84,125.0]]}
{"t":1776979314.407458,"e":[[1,1,0.84,124.0]]}
{"t":1776979317.421278,"e":[[1,0,0.14,469.0],[0,0,0.12],[1,1,0.83,203.0],[1,1,0.84,73.0]]}
{"t":1776979318.4339468,"e":[[1,0,0.14,787.0],[1,0,0.13,391.0],[1,1,0.83,295.0],[1,1,0.84,125.0]]}
{"t":1776979319.449306,"e":[[0,0,0.13],[1,0,0.11,26.0],[1,1,0.84,124.0]]}
{"t":1776979320.462201,"e":[[1,0,0.14,791.0],[1,0,0.1,1575.0],[1,1,0.83,294.0],[1,1,0.84,123.0]]}
{"t":1776979322.47595,"e":[[1,0,0.14,60.0],[1,0,0.1,1200.0],[1,1,0.81,250.0],[1,1,0.82,90.82],[0,1,0.83],[1,1,0.84,33.0]]}
{"t":1776979324.505394,"e":[[1,0,0.11,25.0],[0,1,0.84],[1,1,0.83,39.0]]}
{"t":1776979327.535894,"e":[[1,0,0.14,279.0],[1,0,0.11,84.0],[1,1,0.81,408.0],[1,1,0.82,417.82],[1,1,0.83,242.0],[1,1,0.84,39.0]]}
{"t":1776979328.557861,"e":[[1,0,0.14,597.0]]}
{"t":1776979329.566271,"e":[[1,0,0.11,59.0],[1,0,0.12,25.0],[1,1,0.83,203.0],[1,1,0.84,73.0]]}
{"t":1776979331.585897,"e":[[1,0,0.01,10.0]]}
{"t":1776979332.5899332,"e":[[1,0,0.03,50.0]]}
{"t":1776979333.597672,"e":[[0,0,0.12],[0,0,0.11],[1,1,0.84,39.0]]}
{"t":1776979334.6102242,"e":[[1,0,0.14,664.0],[1,0,0.12,277.0],[1,0,0.11,26.0],[1,1,0.81,409.0],[1,1,0.82,418.82],[1,1,0.83,286.0],[1,1,0.84,120.0]]}
{"t":1776979336.631683,"e":[[0,0,0.12],[1,1,0.83,203.0],[1,1,0.84,73.0]]}
{"t":1776979337.6378639,"e":[[1,0,0.14,730.0],[1,0,0.11,338.0],[1,1,0.83,292.0],[1,1,0.84,123.0]]}
{"t":1776979338.647239,"e":[[1,0,0.11,312.0],[1,1,0.84,89.0]]}
{"t":1776979339.66335,"e":[[1,0,0.12,25.0],[1,1,0.84,123.0]]}
{"t":1776979341.685932,"e":[[1,0,0.14,455.0],[1,0,0.12,371.0],[0,0,0.11],[1,1,0.83,294.0],[1,1,0.84,124.0]]}
{"t":1776979342.6955898,"e":[[1,0,0.14,773.0]]}
{"t":1776979343.70533,"e":[[1,0,0.12,346.0],[1,1,0.84,90.0]]}
{"t":1776979344.71202,"e":[[1,0,0.13,23.0],[1,1,0.84,124.0]]}
{"t":1776979348.7335942,"e":[[0,0,0.13],[1,1,0.84,90.0]]}
{"t":1776979349.7394629,"e":[[1,0,0.13,23.0],[1,1,0.84,124.0]]}
{"t":1776979353.757236,"e":[[0,0,0.13],[1,1,0.84,90.0]]}
{"t":1776979354.7620978,"e":[[1,0,0.13,23.0],[1,1,0.84,124.0]]}
{"t":1776979355.772204,"e":[[1,0,0.14,469.0],[1,0,0.13,391.0],[0,0,0.12],[1,1,0.83,295.0],[1,1,0.84,125.0]]}
{"t":1776979356.792733,"e":[[1,0,0.14,787.0]]}
{"t":1776979357.799739,"e":[[1,0,0.14,60.0],[1,0,0.13,23.0],[1,1,0.81,250.0],[1,1,0.82,90.82],[0,1,0.83],[1,1,0.84,34.0]]}
{"t":1776979358.815964,"e":[[1,0,0.14,279.0],[1,0,0.13,59.0],[1,0,0.11,26.0],[1,1,0.81,408.0],[1,1,0.82,417.82],[1,1,0.84,39.0],[1,1,0.85,712.8600000000001],[1,1,0.83,203.0]]}
{"t":1776979359.8241751,"e":[[1,0,0.14,597.0]]}
{"t":1776979360.8311691,"e":[[1,0,0.14,388.0],[0,0,0.13],[1,0,0.11,303.0],[1,1,0.81,409.0],[1,1,0.82,418.82],[1,1,0.83,286.0],[1,1,0.84,86.0]]}
{"t":1776979361.842939,"e":[[1,0,0.14,664.0]]}
{"t":1776979362.852739,"e":[[1,0,0.03,44.0],[1,0,0.01,114.0]]}
{"t":1776979363.856852,"e":[[1,0,0.11,277.0],[1,1,0.85,681.8600000000001]]}
{"t":1776979364.873816,"e":[[1,0,0.12,25.0],[1,1,0.84,120.0]]}
{"t":1776979368.940614,"e":[[0,0,0.12],[1,1,0.84,86.0]]}
{"t":1776979369.955647,"e":[[1,0,0.12,25.0],[1,1,0.84,120.0]]}
{"t":1776979373.992595,"e":[[1,0,0.14,60.0],[0,0,0.12],[0,0,0.11],[1,1,0.81,250.0],[1,1,0.82,90.82],[0,1,0.83],[0,1,0.84]]}
{"t":1776979375.017025,"e":[[1,0,0.11,25.0],[1,1,0.83,39.0]]}
{"t":1776979378.053979,"e":[[1,0,0.14,279.0],[1,0,0.11,84.0],[1,1,0.81,408.0],[1,1,0.82,417.82],[1,1,0.83,242.0],[1,1,0.84,39.0]]}
{"t":1776979379.0686111,"e":[[1,0,0.14,597.0],[1,0,0.11,59.0],[1,0,0.12,25.0],[1,1,0.83,203.0],[1,1,0.84,73.0]]}
{"t":1776979382.096734,"e":[[0,0,0.11]]}
{"t":1776979383.121564,"e":[[1,0,0.14,388.0],[1,0,0.12,302.0],[1,1,0.81,409.0],[1,1,0.82,418.82],[1,1,0.83,286.0],[1,1,0.84,120.0]]}
{"t":1776979384.14145,"e":[[1,0,0.14,664.0],[1,0,0.12,277.0],[1,1,0.84,86.0]]}
{"t":1776979385.153574,"e":[[0,0,0.12],[1,0,0.13,23.0],[1,1,0.83,203.0],[1,1,0.84,73.0]]}
{"t":1776979386.1697469,"e":[[1,0,0.14,426.0],[1,0,0.13,335.0],[1,1,0.83,292.0],[1,1,0.84,123.0]]}
{"t":1776979387.185892,"e":[[1,0,0.14,730.0]]}
{"t":1776979389.2100039,"e":[[1,0,0.13,312.0],[1,1,0.83,203.0],[1,1,0.84,39.0]]}
{"t":1776979390.232039,"e":[[1,0,0.14,773.0],[1,0,0.13,346.0],[1,0,0.11,26.0],[1,1,0.83,294.0],[1,1,0.84,124.0]]}
{"t":1776979391.2484758,"e":[[0,0,0.13],[1,1,0.83,203.0],[1,1,0.84,73.0]]}
{"t":1776979392.2631328,"e":[[1,0,0.14,787.0],[1,0,0.11,394.0],[1,1,0.83,295.0],[1,1,0.84,125.0]]}
{"t":1776979393.279681,"e":[[1,0,0.14,60.0],[1,0,0.11,26.0],[1,1,0.81,250.0],[1,1,0.82,90.82],[0,1,0.83],[1,1,0.84,34.0]]}
{"t":1776979394.2924511,"e":[[1,0,0.11,25.0],[0,1,0.84],[1,1,0.83,39.0]]}
{"t":1776979396.311556,"e":[[1,0,0.14,279.0],[1,0,0.11,84.0],[1,1,0.81,408.0],[1,1,0.82,417.82],[1,1,0.83,242.0],[1,1,0.84,39.0]]}
{"t":1776979397.3262699,"e":[[1,0,0.14,597.0]]}
{"t":1776979399.3492742,"e":[[1,0,0.14,360.0],[1,0,0.11,59.0],[1,0,0.12,25.0],[1,0,0.01,10.0],[1,1,0.83,203.0],[1,1,0.84,73.0]]}
{"t":1776979400.3651772,"e":[[1,0,0.11,277.0],[1,0,0.03,50.0],[1,1,0.81,409.0],[1,1,0.82,418.82],[1,1,0.83,286.0],[1,1,0.84,120.0]]}
{"t":1776979401.3824892,"e":[[1,0,0.14,585.0],[0,0,0.11],[1,1,0.83,203.0],[1,1,0.84,73.0]]}
{"t":1776979402.4014459,"e":[[1,0,0.14,382.0],[1,0,0.12,297.0],[1,1,0.83,292.0],[1,1,0.84,123.0]]}
{"t":1776979403.4156969,"e":[[1,0,0.14,653.0]]}
{"t":1776979404.426751,"e":[[1,0,0.14,60.0],[0,0,0.12],[1,0,0.11,25.0],[1,1,0.81,250.0],[1,1,0.82,90.82],[1,1,0.83,39.0],[0,1,0.84]]}
{"t":1776979407.472841,"e":[[1,0,0.14,279.0],[1,0,0.11,84.0],[1,1,0.81,408.0],[1,1,0.82,417.82],[1,1,0.83,242.0],[1,1,0.84,39.0]]}
{"t":1776979408.486134,"e":[[1,0,0.14,597.0]]}
{"t":1776979409.501695,"e":[[1,0,0.11,59.0],[1,0,0.12,25.0],[1,1,0.83,203.0],[1,1,0.84,73.0]]}
{"t":1776979411.523812,"e":[[1,0,0.14,388.0],[0,0,0.11]]}
{"t":1776979412.536916,"e":[[1,0,0.14,664.0],[1,0,0.12,302.0],[1,1,0.81,409.0],[1,1,0.82,418.82],[1,1,0.83,286.0],[1,1,0.84,120.0]]}
{"t":1776979413.552841,"e":[[1,0,0.14,389.0],[1,1,0.83,203.0],[1,1,0.84,73.0]]}
{"t":1776979414.5676858,"e":[[1,0,0.14,628.0],[1,0,0.12,311.0],[1,0,0.13,23.0],[1,1,0.83,292.0],[1,1,0.84,124.0]]}
{"t":1776979415.581123,"e":[[1,0,0.14,405.0],[0,0,0.12],[1,1,0.83,203.0],[1,1,0.84,74.0]]}
{"t":1776979416.597232,"e":[[1,0,0.14,693.0],[1,0,0.13,316.0],[1,1,0.83,294.0],[1,1,0.84,125.0]]}
{"t":1776979417.614811,"e":[[1,0,0.14,397.0],[1,0,0.13,349.0],[1,1,0.83,295.0],[1,1,0.84,126.0]]}
{"t":1776979418.630077,"e":[[1,0,0.14,636.0]]}
{"t":1776979419.641139,"e":[[1,0,0.14,619.0],[1,0,0.13,297.0],[1,0,0.11,26.0],[1,1,0.83,294.0],[1,1,0.84,125.0]]}
{"t":1776979421.670975,"e":[[1,0,0.14,60.0],[0,0,0.13],[1,0,0.11,314.0],[1,1,0.81,250.0],[1,1,0.82,90.82],[1,1,0.83,92.0],[1,1,0.84,87.0]]}
{"t":1776979422.737395,"e":[[1,0,0.14,345.0]]}
{"t":1776979423.803242,"e":[[1,0,0.11,288.0],[1,1,0.84,52.0]]}
{"t":1776979424.820554,"e":[[1,0,0.14,276.0],[1,0,0.11,148.0],[1,0,0.12,24.0],[1,1,0.81,408.0],[1,1,0.82,417.82],[1,1,0.83,203.0],[1,1,0.84,39.0],[1,1,0.85,711.8600000000001]]}
{"t":1776979425.853899,"e":[[1,0,0.14,494.0]]}
{"t":1776979427.8736582,"e":[[1,0,0.14,331.0],[0,0,0.11],[1,1,0.83,92.0]]}
{"t":1776979428.889528,"e":[[1,0,0.14,563.0],[1,0,0.12,224.0],[1,1,0.81,409.0],[1,1,0.82,418.82],[1,1,0.83,286.0],[1,1,0.84,86.0],[1,1,0.85,681.8600000000001]]}
{"t":1776979429.907721,"e":[[1,0,0.13,23.0],[1,1,0.84,120.0]]}
{"t":1776979433.948595,"e":[[0,0,0.13],[1,1,0.84,86.0]]}
{"t":1776979434.964669,"e":[[1,0,0.13,23.0],[1,1,0.84,120.0]]}
{"t":1776979436.973088,"e":[[1,0,0.03,44.0]]}
{"t":1776979437.98085,"e":[[1,0,0.01,114.0]]}
{"t":1776979438.989151,"e":[[0,0,0.13]]}
{"t":1776979440.0022578,"e":[[1,0,0.14,60.0],[0,0,0.12],[1,0,0.13,23.0],[1,1,0.81,250.0],[1,1,0.82,90.82],[0,1,0.83],[1,1,0.84,34.0]]}
{"t":1776979443.037045,"e":[[1,0,0.14,279.0],[1,0,0.13,82.0],[1,1,0.81,408.0],[1,1,0.82,417.82],[1,1,0.84,73.0],[1,1,0.83,203.0]]}
{"t":1776979444.0454779,"e":[[1,0,0.14,597.0],[1,0,0.13,59.0],[1,1,0.84,39.0]]}
{"t":1776979445.0580852,"e":[[1,0,0.11,26.0],[1,1,0.84,73.0]]}
{"t":1776979447.071342,"e":[[1,0,0.14,389.0],[0,0,0.13]]}
{"t":1776979448.087373,"e":[[1,0,0.11,304.0],[1,1,0.81,409.0],[1,1,0.82,418.82],[1,1,0.83,286.0],[1,1,0.84,120.0]]}
{"t":1776979449.0931761,"e":[[1,0,0.14,665.0],[1,0,0.11,278.0],[1,1,0.84,86.0]]}
{"t":1776979450.115507,"e":[[1,0,0.12,25.0],[1,1,0.84,120.0]]}
{"t":1776979456.160528,"e":[[1,0,0.14,427.0],[1,0,0.12,337.0],[0,0,0.11],[1,1,0.83,292.0],[1,1,0.84,123.0]]}
{"t":1776979457.176476,"e":[[1,0,0.14,731.0]]}
{"t":1776979459.1927302,"e":[[1,0,0.12,312.0],[1,1,0.83,203.0],[1,1,0.84,39.0]]}
{"t":1776979460.207338,"e":[[1,0,0.14,774.0],[1,0,0.12,346.0],[1,0,0.13,24.0],[1,1,0.83,294.0],[1,1,0.84,123.0]]}
{"t":1776979464.24783,"e":[[1,0,0.14,469.0],[1,0,0.13,369.0],[0,0,0.12],[1,0,0.11,26.0],[1,1,0.83,295.0],[1,1,0.84,124.0]]}
{"t":1776979465.266315,"e":[[1,0,0.14,787.0],[1,0,0.01,10.0]]}
{"t":1776979467.2798421,"e":[[1,0,0.03,50.0]]}
{"t":1776979470.303412,"e":[[1,0,0.14,473.0],[0,0,0.13]]}
{"t":1776979471.320408,"e":[[1,0,0.14,791.0],[1,0,0.11,401.0],[1,1,0.83,294.0],[1,1,0.84,123.0]]}
{"t":1776979473.350267,"e":[[1,1,0.84,72.0]]}
{"t":1776979474.363505,"e":[[1,0,0.14,793.0],[1,0,0.11,377.0],[1,0,0.12,25.0],[1,1,0.83,295.0],[1,1,0.84,125.0]]}
{"t":1776979480.4028952,"e":[[1,0,0.14,475.0],[0,0,0.11]]}
{"t":1776979481.411958,"e":[[1,0,0.14,793.0],[1,0,0.12,403.0],[1,1,0.83,294.0],[1,1,0.84,124.0]]}
{"t":1776979484.4918249,"e":[[1,0,0.12,378.0],[1,0,0.13,24.0],[1,1,0.84,123.0]]}
{"t":1776979499.5889611,"e":[[1,0,0.14,60.0],[0,0,0.12],[1,1,0.81,250.0],[1,1,0.82,90.82],[0,1,0.83],[1,1,0.84,33.0]]}
{"t":1776979502.631507,"e":[[1,0,0.14,279.0],[1,0,0.13,83.0],[1,1,0.81,408.0],[1,1,0.82,417.82],[1,1,0.84,72.0],[1,1,0.83,203.0]]}
{"t":1776979503.652458,"e":[[1,0,0.14,597.0]]}
{"t":1776979504.666689,"e":[[1,0,0.13,59.0],[1,0,0.11,26.0],[1,1,0.84,73.0]]}
{"t":1776979510.713633,"e":[[1,0,0.03,44.0]]}
{"t":1776979512.725355,"e":[[1,0,0.01,114.0]]}
{"t":1776979517.7607381,"e":[[1,0,0.14,389.0],[0,0,0.13],[1,0,0.11,304.0]]}
{"t":1776979518.7784152,"e":[[1,0,0.14,665.0],[1,0,0.11,278.0],[1,1,0.84,39.0]]}
{"t":1776979519.784739,"e":[[1,0,0.12,25.0],[1,1,0.84,73.0]]}
{"t":1776979523.817276,"e":[[0,0,0.12],[1,1,0.84,39.0]]}
{"t":1776979524.8332648,"e":[[1,0,0.12,25.0],[1,1,0.84,73.0]]}
{"t":1776979528.87501,"e":[[1,0,0.14,427.0],[1,0,0.12,312.0],[0,0,0.11],[1,1,0.84,39.0]]}
{"t":1776979529.893357,"e":[[1,0,0.14,731.0],[1,0,0.13,23.0],[1,1,0.84,74.0]]}
{"t":1776979533.9308631,"e":[[1,0,0.14,456.0],[0,0,0.13],[0,0,0.12],[1,1,0.84,39.0]]}
{"t":1776979534.9474502,"e":[[1,0,0.14,774.0],[1,0,0.13,346.0],[1,0,0.11,26.0],[1,1,0.82,418.82],[1,1,0.84,72.0]]}
{"t":1776979538.976236,"e":[[0,0,0.11],[1,1,0.84,39.0]]}
{"t":1776979539.9942951,"e":[[1,0,0.11,26.0],[1,1,0.84,72.0]]}
{"t":1776979543.091128,"e":[[1,0,0.14,469.0],[0,0,0.13]]}
{"t":1776979544.107719,"e":[[1,0,0.14,787.0],[1,0,0.11,369.0],[1,1,0.84,39.0]]}
{"t":1776979545.12331,"e":[[1,0,0.12,25.0],[1,1,0.84,73.0]]}
{"t":1776979546.136721,"e":[[1,0,0.14,473.0],[1,0,0.12,400.0],[0,0,0.11]]}
{"t":1776979547.157758,"e":[[1,0,0.14,791.0]]}
{"t":1776979549.182074,"e":[[1,0,0.12,375.0],[1,0,0.13,24.0],[1,1,0.84,72.0]]}
{"t":1776979550.200215,"e":[[1,0,0.14,475.0]]}
{"t":1776979551.2111318,"e":[[1,0,0.14,793.0],[1,0,0.12,377.0]]}
{"t":1776979554.23376,"e":[[1,0,0.01,10.0]]}
{"t":1776979556.250379,"e":[[1,0,0.03,50.0]]}
{"t":1776979559.26842,"e":[[0,0,0.13],[1,1,0.84,39.0]]}
{"t":1776979560.28576,"e":[[1,0,0.13,24.0],[1,1,0.84,72.0]]}
{"t":1776979570.357358,"e":[[1,0,0.14,475.0],[0,0,0.12]]}
{"t":1776979571.382963,"e":[[1,0,0.14,793.0],[1,0,0.13,402.0]]}
{"t":1776979573.410888,"e":[[1,0,0.14,475.0]]}
{"t":1776979574.427465,"e":[[1,0,0.14,793.0],[1,0,0.13,378.0],[1,0,0.11,26.0],[1,1,0.84,73.0]]}
{"t":1776979579.4658911,"e":[[1,0,0.14,475.0],[0,0,0.13]]}
{"t":1776979580.485714,"e":[[1,0,0.11,404.0]]}
{"t":1776979581.498711,"e":[[1,0,0.14,793.0]]}
{"t":1776979584.521157,"e":[[1,0,0.11,378.0],[1,0,0.12,25.0]]}
{"t":1776979589.551562,"e":[[1,0,0.12,378.0],[1,0,0.11,26.0]]}
{"t":1776979594.605112,"e":[[0,0,0.11],[1,0,0.13,24.0],[1,1,0.84,72.0]]}
{"t":1776979597.63286,"e":[[1,0,0.14,475.0],[1,0,0.13,402.0],[0,0,0.12]]}
{"t":1776979598.648118,"e":[[1,0,0.14,793.0]]}
{"t":1776979599.658476,"e":[[1,0,0.13,378.0],[1,0,0.11,26.0]]}
{"t":1776979602.67955,"e":[[1,0,0.03,44.0]]}
{"t":1776979604.6944902,"e":[[1,0,0.01,114.0]]}
{"t":1776979608.730477,"e":[[0,0,0.11],[1,1,0.84,39.0]]}
{"t":1776979609.747334,"e":[[1,0,0.11,26.0],[1,1,0.84,72.0]]}
{"t":1776979613.79245,"e":[[0,0,0.11],[1,1,0.84,39.0]]}
{"t":1776979614.804992,"e":[[1,0,0.11,26.0],[1,1,0.84,72.0]]}
{"t":1776979618.835422,"e":[[0,0,0.11],[1,1,0.84,39.0]]}
{"t":1776979619.8490722,"e":[[1,0,0.11,26.0],[1,1,0.84,72.0]]}
{"t":1776979622.876734,"e":[[1,0,0.14,475.0],[0,0,0.13]]}
{"t":1776979623.896275,"e":[[1,0,0.11,378.0],[1,1,0.84,39.0]]}
{"t":1776979624.910563,"e":[[1,0,0.12,25.0],[1,1,0.84,73.0]]}
{"t":1776979625.931051,"e":[[1,0,0.14,793.0]]}
{"t":1776979628.953019,"e":[[0,0,0.12],[1,1,0.84,39.0]]}
{"t":1776979629.97278,"e":[[1,0,0.12,25.0],[1,1,0.84,72.0]]}
{"t":1776979636.021319,"e":[[1,0,0.14,60.0],[0,0,0.11],[1,1,0.81,250.0],[1,1,0.82,90.82],[0,1,0.83],[1,1,0.84,33.0]]}
{"t":1776979637.049831,"e":[[1,0,0.14,279.0],[1,0,0.12,84.0],[1,1,0.81,409.0],[1,1,0.82,418.82],[1,1,0.84,72.0],[1,1,0.83,203.0]]}
{"t":1776979638.0686421,"e":[[1,0,0.14,597.0]]}
{"t":1776979639.084321,"e":[[1,0,0.12,59.0],[1,1,0.84,39.0]]}
{"t":1776979640.0975099,"e":[[0,0,0.12],[1,0,0.13,23.0],[1,1,0.84,73.0]]}
{"t":1776979641.110275,"e":[[1,0,0.14,60.0],[1,0,0.13,301.0],[1,1,0.81,250.0],[1,1,0.82,90.82],[0,1,0.83],[1,1,0.84,34.0]]}
{"t":1776979642.12699,"e":[[1,0,0.14,336.0]]}
{"t":1776979644.1445062,"e":[[1,0,0.13,278.0],[0,1,0.84]]}
{"t":1776979645.163307,"e":[[1,0,0.14,243.0],[0,0,0.13],[1,0,0.1,1344.0],[1,0,0.11,26.0],[1,1,0.81,409.0],[1,1,0.82,418.82],[1,1,0.83,241.0],[1,1,0.84,39.0]]}
{"t":1776979646.186614,"e":[[1,0,0.14,408.0]]}
{"t":1776979649.213207,"e":[[1,1,0.83,204.0],[1,1,0.84,74.0]]}
{"t":1776979653.2474189,"e":[[1,0,0.01,10.0]]}
{"t":1776979654.2548978,"e":[[0,0,0.11],[1,1,0.84,39.0]]}
{"t":1776979655.26619,"e":[[1,0,0.14,281.0],[1,0,0.1,1381.0],[1,0,0.03,50.0],[1,0,0.11,26.0],[1,1,0.82,419.82],[1,1,0.83,287.0],[1,1,0.84,121.0]]}
{"t":1776979656.2835588,"e":[[1,0,0.14,473.0]]}
{"t":1776979659.310524,"e":[[1,1,0.84,120.0]]}
{"t":1776979661.3273442,"e":[[1,0,0.14,546.0],[1,0,0.11,240.0],[1,0,0.1,1200.0],[1,1,0.82,418.82],[1,1,0.83,209.0],[1,1,0.84,76.0]]}
{"t":1776979664.359363,"e":[[1,0,0.14,352.0],[1,0,0.11,214.0],[1,0,0.12,25.0],[1,1,0.83,203.0],[1,1,0.84,73.0]]}
{"t":1776979665.382648,"e":[[1,0,0.14,591.0],[1,0,0.11,252.0]]}
{"t":1776979666.401193,"e":[[1,0,0.14,385.0],[0,0,0.11]]}
{"t":1776979667.4168692,"e":[[1,0,0.14,658.0],[1,0,0.12,300.0]]}
{"t":1776979669.4522712,"e":[[1,0,0.14,387.0],[1,0,0.12,308.0],[1,0,0.13,23.0]]}
{"t":1776979670.4684439,"e":[[1,0,0.14,626.0]]}
{"t":1776979672.485158,"e":[[1,0,0.14,693.0],[1,0,0.13,315.0],[0,0,0.12]]}
{"t":1776979673.505915,"e":[[1,0,0.14,60.0],[1,0,0.13,23.0],[1,1,0.81,250.0],[1,1,0.82,90.82],[0,1,0.83],[1,1,0.84,34.0]]}
{"t":1776979674.526389,"e":[[0,0,0.13],[1,0,0.11,25.0],[0,1,0.84],[1,1,0.83,39.0]]}
{"t":1776979677.5577102,"e":[[1,0,0.11,84.0]]}
{"t":1776979678.581398,"e":[[1,0,0.14,597.0],[1,1,0.81,409.0],[1,1,0.82,418.82],[1,1,0.83,242.0],[1,1,0.84,39.0]]}
{"t":1776979679.589112,"e":[[1,0,0.11,59.0],[1,0,0.12,25.0],[1,1,0.83,203.0],[1,1,0.84,73.0]]}
{"t":1776979689.638497,"e":[[1,0,0.14,389.0],[0,0,0.12],[1,0,0.11,26.0]]}
{"t":1776979690.648934,"e":[[1,0,0.12,278.0]]}
{"t":1776979691.66694,"e":[[1,0,0.14,665.0]]}
{"t":1776979694.7016919,"e":[[0,0,0.11],[1,0,0.13,24.0],[1,1,0.84,72.0]]}
{"t":1776979698.738755,"e":[[0,0,0.13],[1,1,0.84,39.0]]}
{"t":1776979699.755053,"e":[[1,0,0.13,24.0],[1,1,0.84,72.0]]}
{"t":1776979700.771796,"e":[[1,0,0.14,427.0],[1,0,0.13,336.0],[0,0,0.12]]}
{"t":1776979701.788845,"e":[[1,0,0.14,731.0]]}
{"t":1776979703.80163,"e":[[1,0,0.13,312.0],[1,1,0.84,39.0]]}
{"t":1776979704.815827,"e":[[1,0,0.11,26.0],[1,1,0.84,72.0]]}
{"t":1776979708.8517609,"e":[[0,0,0.11],[1,1,0.84,39.0]]}
{"t":1776979709.871108,"e":[[1,0,0.11,26.0],[1,1,0.84,72.0]]}
{"t":1776979713.918507,"e":[[0,0,0.11],[1,1,0.84,39.0]]}
{"t":1776979714.936487,"e":[[1,0,0.14,60.0],[0,0,0.13],[1,0,0.11,26.0],[1,1,0.81,250.0],[1,1,0.82,90.82],[0,1,0.83],[1,1,0.84,33.0]]}
{"t":1776979718.986039,"e":[[1,0,0.14,279.0],[1,0,0.11,59.0],[1,1,0.81,409.0],[1,1,0.82,418.82],[1,1,0.84,39.0],[1,1,0.83,203.0]]}
{"t":1776979720.003347,"e":[[1,0,0.12,25.0],[1,1,0.85,710.8600000000001]]}
{"t":1776979721.02542,"e":[[1,0,0.14,597.0]]}
{"t":1776979723.0563111,"e":[[0,0,0.11]]}
{"t":1776979724.078424,"e":[[1,0,0.14,389.0],[1,0,0.12,278.0],[1,0,0.13,23.0],[1,1,0.82,419.82],[1,1,0.83,287.0],[1,1,0.84,120.0],[1,1,0.85,681.8600000000001]]}
{"t":1776979725.087816,"e":[[1,0,0.14,665.0]]}
{"t":1776979726.090754,"e":[[1,0,0.14,427.0],[1,0,0.13,335.0],[0,0,0.12],[1,1,0.82,418.82],[1,1,0.83,209.0],[1,1,0.84,76.0]]}
{"t":1776979727.1065679,"e":[[1,0,0.14,731.0]]}
{"t":1776979729.127435,"e":[[1,0,0.13,312.0],[1,1,0.84,42.0]]}
{"t":1776979730.145338,"e":[[1,0,0.14,456.0],[0,0,0.13],[1,0,0.1,1546.0],[1,0,0.11,26.0],[1,1,0.82,419.82],[1,1,0.83,287.0],[1,1,0.84,119.0]]}
{"t":1776979731.162873,"e":[[1,0,0.14,774.0]]}
{"t":1776979735.201226,"e":[[1,0,0.14,787.0],[1,0,0.1,1569.0],[1,1,0.83,293.0],[1,1,0.84,123.0]]}
{"t":1776979736.216362,"e":[[1,0,0.14,60.0],[1,0,0.1,1200.0],[1,1,0.81,250.0],[1,1,0.82,90.82],[0,1,0.83],[1,1,0.84,33.0]]}
{"t":1776979737.241647,"e":[[1,0,0.14,378.0],[1,0,0.11,401.0]]}
{"t":1776979738.25713,"e":[[1,0,0.14,299.0],[1,0,0.11,191.0],[1,0,0.03,44.0],[1,1,0.81,409.0],[1,1,0.82,418.82],[1,1,0.84,72.0],[1,1,0.83,203.0]]}
{"t":1776979739.277498,"e":[[1,0,0.14,538.0],[1,0,0.11,165.0],[1,0,0.12,25.0],[1,1,0.84,73.0]]}
{"t":1776979740.2951481,"e":[[1,0,0.01,115.0]]}
{"t":1776979742.3102531,"e":[[1,0,0.14,356.0],[0,0,0.11]]}
{"t":1776979743.32949,"e":[[1,0,0.14,606.0],[1,0,0.12,272.0]]}
{"t":1776979744.3456771,"e":[[1,0,0.12,247.0],[1,1,0.84,39.0]]}
{"t":1776979745.3612642,"e":[[1,0,0.13,24.0],[1,1,0.84,73.0]]}
{"t":1776979748.394957,"e":[[1,0,0.14,394.0],[1,0,0.13,307.0],[0,0,0.12]]}
{"t":1776979749.410537,"e":[[1,0,0.14,674.0],[1,0,0.13,283.0],[1,0,0.11,26.0],[1,1,0.84,72.0]]}
{"t":1776979750.422494,"e":[[0,0,0.13]]}
{"t":1776979751.441538,"e":[[1,0,0.14,740.0],[1,0,0.11,343.0]]}
{"t":1776979754.4757729,"e":[[1,0,0.14,776.0],[1,0,0.11,351.0],[1,0,0.12,25.0],[1,1,0.84,73.0]]}
{"t":1776979759.517668,"e":[[1,1,0.84,72.0]]}
{"t":1776979764.553422,"e":[[0,0,0.12],[1,1,0.84,39.0]]}
{"t":1776979765.558321,"e":[[1,0,0.12,25.0],[1,1,0.84,72.0]]}
{"t":1776979766.570092,"e":[[1,0,0.14,470.0],[1,0,0.12,394.0],[0,0,0.11]]}
{"t":1776979767.591012,"e":[[1,0,0.14,788.0]]}
{"t":1776979769.609133,"e":[[1,0,0.12,369.0],[1,0,0.13,24.0]]}
{"t":1776979778.671754,"e":[[0,0,0.12]]}
{"t":1776979779.686711,"e":[[1,0,0.14,791.0],[1,0,0.13,375.0],[1,0,0.11,26.0],[1,1,0.84,73.0]]}
{"t":1776979784.735809,"e":[[1,1,0.84,72.0]]}
{"t":1776979787.757783,"e":[[1,0,0.14,475.0],[0,0,0.13]]}
{"t":1776979788.771426,"e":[[1,0,0.14,793.0],[1,0,0.11,403.0]]}
{"t":1776979789.7871501,"e":[[1,0,0.11,377.0],[1,0,0.12,25.0]]}
{"t":1776979798.8498409,"e":[[1,0,0.14,475.0],[1,0,0.12,403.0],[0,0,0.11]]}
{"t":1776979799.867278,"e":[[1,0,0.14,793.0],[1,0,0.12,378.0],[1,0,0.13,23.0],[1,1,0.84,73.0]]}
{"t":1776979803.899509,"e":[[0,0,0.13],[1,1,0.84,39.0]]}
{"t":1776979804.9127831,"e":[[1,0,0.13,24.0],[1,1,0.84,72.0]]}
{"t":1776979806.9307709,"e":[[1,0,0.01,10.0]]}
{"t":1776979808.938886,"e":[[0,0,0.13],[1,0,0.03,49.0],[1,1,0.84,39.0]]}
{"t":1776979809.95377,"e":[[1,0,0.13,24.0],[1,1,0.84,72.0]]}
{"t":1776979813.984849,"e":[[0,0,0.13]]}
{"t":1776979814.9961972,"e":[[1,0,0.13,24.0]]}
{"t":1776979816.004361,"e":[[1,0,0.14,475.0],[1,0,0.13,402.0],[0,0,0.12]]}
{"t":1776979817.019922,"e":[[1,0,0.14,793.0]]}
{"t":1776979819.035682,"e":[[1,0,0.13,378.0],[1,1,0.84,39.0]]}
{"t":1776979820.0560918,"e":[[1,0,0.14,60.0],[0,0,0.13],[1,0,0.11,26.0],[1,1,0.81,250.0],[1,1,0.82,90.82],[0,1,0.83],[1,1,0.84,33.0]]}
{"t":1776979824.103594,"e":[[0,0,0.11],[0,1,0.84]]}
{"t":1776979825.122005,"e":[[1,0,0.14,279.0],[1,0,0.11,84.0],[1,1,0.81,409.0],[1,1,0.82,418.82],[1,1,0.83,242.0],[1,1,0.84,39.0]]}
{"t":1776979826.137264,"e":[[1,0,0.14,597.0]]}
{"t":1776979827.158894,"e":[[1,0,0.14,360.0]]}
{"t":1776979828.175582,"e":[[1,0,0.14,585.0],[1,0,0.11,303.0]]}
{"t":1776979829.183528,"e":[[1,0,0.11,278.0],[1,0,0.12,25.0],[1,1,0.83,203.0],[1,1,0.84,73.0]]}
{"t":1776979830.205705,"e":[[1,0,0.14,364.0],[1,0,0.11,272.0]]}
{"t":1776979831.2203038,"e":[[1,0,0.14,603.0]]}
{"t":1776979832.244597,"e":[[1,0,0.14,60.0],[0,0,0.11],[1,1,0.81,250.0],[1,1,0.82,90.82],[0,1,0.83],[1,1,0.84,34.0]]}
{"t":1776979834.276937,"e":[[0,0,0.12],[0,1,0.84]]}
{"t":1776979835.291805,"e":[[1,0,0.14,279.0],[1,0,0.1,1259.0],[1,0,0.11,25.0],[1,1,0.81,409.0],[1,1,0.82,418.82],[1,1,0.83,242.0],[1,1,0.84,39.0]]}
{"t":1776979836.314614,"e":[[1,0,0.14,597.0]]}
{"t":1776979839.341758,"e":[[1,0,0.14,360.0],[1,0,0.11,278.0],[1,0,0.1,1200.0],[1,1,0.83,203.0]]}
{"t":1776979840.36112,"e":[[1,0,0.14,585.0],[1,0,0.12,25.0],[1,1,0.84,73.0]]}
{"t":1776979844.401731,"e":[[1,0,0.14,382.0],[0,0,0.12],[0,0,0.11],[1,1,0.84,39.0]]}
{"t":1776979845.4183779,"e":[[1,0,0.12,272.0],[1,0,0.11,26.0],[1,1,0.84,73.0]]}
{"t":1776979846.4412029,"e":[[1,0,0.14,653.0]]}
{"t":1776979849.462462,"e":[[0,0,0.12],[0,0,0.11],[1,0,0.13,24.0],[1,1,0.84,72.0]]}
{"t":1776979850.477813,"e":[[1,0,0.14,719.0],[1,0,0.1,1506.0],[1,1,0.82,419.82],[1,1,0.83,287.0],[1,1,0.84,119.0]]}
{"t":1776979853.5166469,"e":[[1,0,0.14,452.0],[1,0,0.1,1200.0],[1,1,0.82,418.82],[1,1,0.83,209.0],[1,1,0.84,75.0]]}
{"t":1776979854.524426,"e":[[1,0,0.13,340.0],[1,1,0.84,42.0]]}
{"t":1776979855.5317361,"e":[[1,0,0.14,770.0],[1,0,0.11,26.0],[1,1,0.84,76.0]]}
{"t":1776979858.554548,"e":[[1,0,0.14,468.0],[0,0,0.13],[1,0,0.11,392.0],[1,1,0.83,203.0],[1,1,0.84,73.0]]}
{"t":1776979859.5639539,"e":[[1,0,0.14,786.0],[1,0,0.11,366.0],[1,0,0.12,25.0],[1,1,0.84,72.0]]}
{"t":1776979864.58724,"e":[[1,0,0.14,473.0],[0,0,0.12],[1,0,0.11,26.0]]}
{"t":1776979865.596274,"e":[[1,0,0.14,791.0],[1,0,0.12,375.0]]}
{"t":1776979866.614618,"e":[[1,0,0.14,60.0],[0,0,0.12],[1,1,0.81,250.0],[1,1,0.82,90.82],[0,1,0.83],[1,1,0.84,33.0]]}
{"t":1776979869.640723,"e":[[1,0,0.11,25.0],[0,1,0.84],[1,1,0.83,38.0]]}
{"t":1776979870.6450438,"e":[[1,0,0.14,279.0],[1,0,0.1,1259.0],[1,1,0.81,409.0],[1,1,0.82,418.82],[1,1,0.83,242.0],[1,1,0.84,39.0]]}
{"t":1776979871.663184,"e":[[1,0,0.14,597.0]]}
{"t":1776979874.694565,"e":[[1,0,0.11,26.0],[1,0,0.03,44.0],[1,1,0.83,204.0],[1,1,0.84,72.0]]}
{"t":1776979876.711926,"e":[[1,0,0.01,114.0]]}
{"t":1776979891.810949,"e":[[1,0,0.14,360.0],[1,0,0.1,1200.0],[1,1,0.83,203.0]]}
{"t":1776979892.82029,"e":[[1,0,0.14,585.0],[1,0,0.11,304.0]]}
{"t":1776979894.855659,"e":[[1,0,0.14,382.0],[0,0,0.11],[1,0,0.12,25.0],[1,1,0.84,73.0]]}
{"t":1776979895.868097,"e":[[1,0,0.14,653.0],[1,0,0.1,1472.0]]}
{"t":1776979899.903101,"e":[[0,0,0.12],[1,0,0.11,26.0],[1,1,0.84,72.0]]}
{"t":1776979900.9305751,"e":[[1,0,0.14,386.0],[1,0,0.1,1200.0]]}
{"t":1776979901.947406,"e":[[1,0,0.14,625.0],[1,0,0.11,332.0]]}
{"t":1776979904.09082,"e":[[1,0,0.11,306.0],[1,1,0.84,39.0]]}
{"t":1776979905.1036842,"e":[[1,0,0.12,25.0],[1,1,0.84,73.0]]}
{"t":1776979909.132048,"e":[[0,0,0.12],[1,1,0.84,39.0]]}
{"t":1776979910.147947,"e":[[1,0,0.12,25.0],[1,1,0.84,73.0]]}
{"t":1776979917.20495,"e":[[1,0,0.14,404.0],[0,0,0.11]]}
{"t":1776979918.224722,"e":[[1,0,0.14,691.0],[1,0,0.12,317.0]]}
{"t":1776979919.2394218,"e":[[1,0,0.12,292.0],[1,1,0.84,39.0]]}
{"t":1776979920.251956,"e":[[1,0,0.14,397.0],[1,0,0.12,326.0],[1,0,0.13,24.0],[1,1,0.84,72.0]]}
{"t":1776979921.2671518,"e":[[1,0,0.14,636.0]]}
{"t":1776979922.277932,"e":[[1,0,0.14,703.0],[1,0,0.13,322.0],[0,0,0.12]]}
{"t":1776979924.2959192,"e":[[1,0,0.13,298.0],[1,0,0.11,26.0]]}
{"t":1776979927.320731,"e":[[1,0,0.14,447.0],[0,0,0.13]]}
{"t":1776979928.3382359,"e":[[1,0,0.11,358.0]]}
{"t":1776979929.3524978,"e":[[1,0,0.14,765.0],[1,0,0.11,332.0],[1,1,0.84,39.0]]}
{"t":1776979930.365912,"e":[[1,0,0.12,25.0],[1,1,0.84,72.0]]}
{"t":1776979931.381688,"e":[[1,0,0.14,466.0],[1,0,0.12,389.0],[0,0,0.11]]}
{"t":1776979932.400099,"e":[[1,0,0.14,784.0]]}
{"t":1776979934.426216,"e":[[1,0,0.12,364.0],[1,1,0.84,39.0]]}
{"t":1776979935.448703,"e":[[1,0,0.13,24.0],[1,1,0.84,72.0]]}
{"t":1776979941.500191,"e":[[1,0,0.14,472.0],[1,0,0.13,398.0],[0,0,0.12],[1,0,0.01,10.0],[1,1,0.02,100.0]]}
{"t":1776979942.522871,"e":[[1,0,0.14,790.0]]}
{"t":1776979943.534011,"e":[[1,0,0.14,474.0],[1,0,0.13,401.0],[1,1,0.01,271.0]]}
{"t":1776979944.5507789,"e":[[1,0,0.14,792.0],[1,0,0.13,377.0],[1,0,0.11,26.0]]}
{"t":1776979947.577177,"e":[[1,0,0.14,793.0],[0,0,0.13],[1,0,0.11,404.0]]}
{"t":1776979948.596159,"e":[[1,0,0.14,60.0],[1,0,0.11,26.0],[1,1,0.81,250.0],[1,1,0.82,90.82],[0,1,0.83],[1,1,0.84,33.0]]}
{"t":1776979949.612604,"e":[[0,0,0.11],[0,1,0.84]]}
{"t":1776979950.626524,"e":[[1,0,0.11,25.0],[1,1,0.83,38.0]]}
{"t":1776979952.65566,"e":[[1,0,0.14,279.0],[1,0,0.11,84.0],[1,1,0.81,409.0],[1,1,0.82,418.82],[1,1,0.83,241.0],[1,1,0.84,39.0]]}
{"t":1776979953.671535,"e":[[1,0,0.14,597.0]]}
{"t":1776979954.688389,"e":[[1,0,0.11,59.0],[1,0,0.12,25.0],[1,1,0.83,203.0]]}
{"t":1776979955.707595,"e":[[1,1,0.84,73.0]]}
{"t":1776979967.809658,"e":[[1,0,0.14,389.0],[0,0,0.11]]}
{"t":1776979968.8309739,"e":[[1,0,0.14,665.0],[1,0,0.12,303.0]]}
{"t":1776979969.8509161,"e":[[1,0,0.12,278.0],[1,0,0.13,24.0],[1,1,0.84,72.0]]}
{"t":1776979981.955667,"e":[[1,0,0.14,731.0],[1,0,0.13,336.0],[0,0,0.12]]}
{"t":1776979983.986321,"e":[[1,0,0.14,456.0],[1,0,0.13,370.0]]}
{"t":1776979985.0020108,"e":[[1,0,0.14,774.0],[1,0,0.13,346.0],[1,0,0.11,26.0]]}
{"t":1776979986.019079,"e":[[1,0,0.14,469.0],[0,0,0.13]]}
{"t":1776979987.034246,"e":[[1,0,0.11,395.0]]}
{"t":1776979988.050168,"e":[[1,0,0.14,787.0]]}
{"t":1776979990.072613,"e":[[1,0,0.11,369.0],[1,0,0.12,25.0]]}
{"t":1776979994.1033652,"e":[[1,0,0.14,473.0],[0,0,0.11]]}
{"t":1776979995.120489,"e":[[1,0,0.14,791.0],[1,0,0.12,375.0],[1,1,0.82,419.82],[1,1,0.84,39.0]]}
{"t":1776979996.134913,"e":[[1,0,0.13,24.0],[1,1,0.84,72.0]]}
{"t":1776979998.1586869,"e":[[1,0,0.14,475.0],[1,0,0.13,401.0],[0,0,0.12]]}
{"t":1776979999.1714182,"e":[[1,0,0.14,793.0]]}
{"t":1776980000.180236,"e":[[1,0,0.13,377.0],[1,1,0.84,39.0]]}
{"t":1776980001.193675,"e":[[1,0,0.14,475.0],[0,0,0.13],[1,0,0.1,1578.0]]}
{"t":1776980002.208147,"e":[[1,0,0.14,378.0],[1,0,0.1,1200.0],[1,0,0.11,26.0],[1,1,0.81,250.0],[1,1,0.82,90.82],[0,1,0.83],[1,1,0.84,34.0]]}
{"t":1776980003.223941,"e":[[1,0,0.14,60.0]]}
{"t":1776980004.2373629,"e":[[0,0,0.11],[0,1,0.84]]}
{"t":1776980005.253522,"e":[[1,0,0.11,25.0],[1,1,0.83,38.0]]}
{"t":1776980007.280448,"e":[[1,0,0.14,279.0],[1,0,0.11,84.0],[1,1,0.81,409.0],[1,1,0.82,419.82],[1,1,0.83,241.0],[1,1,0.84,39.0]]}
{"t":1776980008.294794,"e":[[1,0,0.14,597.0]]}
{"t":1776980009.302658,"e":[[1,0,0.11,59.0],[1,1,0.83,203.0]]}
{"t":1776980010.312974,"e":[[1,0,0.12,25.0],[1,1,0.84,72.0]]}
{"t":1776980015.356566,"e":[[0,0,0.12],[1,1,0.84,39.0]]}
{"t":1776980016.371419,"e":[[0,0,0.11],[1,0,0.12,25.0],[1,1,0.84,72.0]]}
{"t":1776980017.387726,"e":[[1,0,0.14,389.0],[1,0,0.12,303.0]]}
{"t":1776980019.41774,"e":[[1,0,0.14,665.0]]}
{"t":1776980020.427689,"e":[[1,0,0.12,278.0],[1,1,0.84,39.0]]}
{"t":1776980022.442543,"e":[[1,0,0.14,427.0],[0,0,0.12],[1,0,0.1,1512.0],[1,0,0.11,26.0],[1,1,0.84,73.0]]}
{"t":1776980023.460842,"e":[[1,0,0.14,731.0]]}
{"t":1776980025.478539,"e":[[1,1,0.84,72.0]]}
{"t":1776980026.489411,"e":[[1,0,0.14,456.0],[1,0,0.1,1546.0]]}
{"t":1776980027.50291,"e":[[1,0,0.14,774.0]]}
{"t":1776980028.51399,"e":[[1,0,0.1,1200.0]]}
{"t":1776980029.531808,"e":[[1,0,0.14,469.0],[1,0,0.11,395.0]]}
{"t":1776980030.547501,"e":[[1,0,0.14,787.0],[1,0,0.11,369.0],[1,1,0.84,39.0]]}
{"t":1776980031.561755,"e":[[1,0,0.14,60.0],[0,0,0.11],[1,0,0.1,1575.0],[1,1,0.81,250.0],[1,1,0.82,90.82],[0,1,0.83],[0,1,0.84]]}
{"t":1776980032.589107,"e":[[1,0,0.14,378.0]]}
{"t":1776980033.5998359,"e":[[1,0,0.11,26.0],[1,1,0.83,37.0]]}
{"t":1776980034.6140401,"e":[[1,0,0.14,298.0],[1,0,0.11,191.0],[1,0,0.1,1200.0],[1,1,0.81,409.0],[1,1,0.82,419.82],[1,1,0.83,240.0],[1,1,0.84,39.0]]}
{"t":1776980035.6380742,"e":[[1,0,0.14,537.0],[1,0,0.11,165.0],[1,1,0.83,203.0]]}
{"t":1776980036.654976,"e":[[0,0,0.11]]}
{"t":1776980037.667946,"e":[[1,0,0.14,355.0],[1,0,0.1,1447.0],[1,0,0.11,26.0],[1,1,0.84,73.0]]}
{"t":1776980038.684246,"e":[[1,0,0.14,605.0]]}
{"t":1776980039.75165,"e":[[1,0,0.1,1200.0]]}
{"t":1776980040.7603729,"e":[[1,0,0.14,371.0],[0,0,0.11],[1,1,0.84,39.0]]}
{"t":1776980041.780159,"e":[[1,0,0.11,282.0]]}
{"t":1776980042.8059971,"e":[[1,0,0.12,25.0],[1,1,0.84,73.0]]}
{"t":1776980043.814917,"e":[[1,0,0.14,610.0]]}
{"t":1776980044.828404,"e":[[1,0,0.14,396.0],[0,0,0.11]]}
{"t":1776980045.848945,"e":[[1,0,0.14,677.0],[1,0,0.12,284.0],[1,0,0.13,24.0],[1,1,0.84,72.0]]}
{"t":1776980047.874488,"e":[[1,0,0.14,434.0],[0,0,0.12]]}
{"t":1776980048.909193,"e":[[1,0,0.14,743.0],[1,0,0.13,343.0]]}
{"t":1776980049.918408,"e":[[1,0,0.13,319.0],[1,1,0.84,39.0]]}
{"t":1776980050.93479,"e":[[1,0,0.11,26.0],[1,1,0.84,72.0]]}
{"t":1776980053.963362,"e":[[1,0,0.14,460.0],[0,0,0.13],[1,0,0.11,379.0]]}
{"t":1776980054.981903,"e":[[1,0,0.14,778.0],[1,0,0.11,353.0],[1,1,0.84,39.0]]}
{"t":1776980055.9976058,"e":[[1,0,0.14,470.0],[0,0,0.11],[1,0,0.12,25.0],[1,1,0.84,72.0]]}
{"t":1776980057.0162718,"e":[[1,0,0.14,788.0],[1,0,0.1,1570.0]]}
{"t":1776980059.036295,"e":[[1,0,0.1,1200.0]]}
{"t":1776980060.048734,"e":[[1,0,0.14,473.0],[1,0,0.12,375.0],[1,1,0.84,39.0]]}
{"t":1776980061.062219,"e":[[1,0,0.13,23.0],[1,1,0.84,73.0]]}
{"t":1776980062.076055,"e":[[1,0,0.14,791.0]]}
{"t":1776980065.099478,"e":[[0,0,0.13],[0,0,0.12],[1,1,0.84,39.0]]}
{"t":1776980066.114054,"e":[[1,0,0.14,475.0],[1,0,0.13,377.0],[1,0,0.11,26.0],[1,1,0.84,72.0]]}
{"t":1776980067.1254132,"e":[[1,0,0.14,793.0]]}
{"t":1776980069.144686,"e":[[1,0,0.14,475.0],[0,0,0.13],[1,0,0.11,404.0]]}
{"t":1776980070.163462,"e":[[1,0,0.14,793.0]]}
{"t":1776980071.1774468,"e":[[1,0,0.11,378.0],[1,0,0.12,25.0]]}
{"t":1776980074.1980958,"e":[[1,0,0.14,475.0],[1,0,0.12,403.0],[0,0,0.11]]}
{"t":1776980075.213216,"e":[[1,0,0.12,378.0],[1,1,0.84,39.0]]}
{"t":1776980076.2286239,"e":[[1,0,0.14,793.0],[1,0,0.13,23.0],[1,1,0.84,73.0]]}
{"t":1776980079.2546391,"e":[[1,0,0.14,475.0],[0,0,0.12]]}
{"t":1776980080.272047,"e":[[1,0,0.14,793.0],[1,0,0.13,378.0],[1,1,0.84,39.0]]}
{"t":1776980081.287393,"e":[[1,0,0.11,26.0],[1,1,0.84,72.0]]}
{"t":1776980085.318686,"e":[[0,0,0.11],[1,1,0.84,39.0]]}
{"t":1776980086.333699,"e":[[1,0,0.11,26.0],[1,1,0.84,72.0]]}
{"t":1776980090.3686342,"e":[[1,0,0.14,475.0],[0,0,0.13],[1,0,0.11,378.0],[1,1,0.84,39.0]]}
{"t":1776980092.4014552,"e":[[1,0,0.14,793.0],[1,0,0.12,25.0],[1,1,0.84,72.0]]}
{"t":1776980098.4505432,"e":[[1,0,0.14,475.0],[0,0,0.11]]}
{"t":1776980099.465569,"e":[[1,0,0.14,793.0],[1,0,0.12,403.0]]}
{"t":1776980100.4802282,"e":[[1,0,0.12,378.0],[1,1,0.84,39.0]]}
{"t":1776980101.493268,"e":[[1,0,0.13,24.0],[1,1,0.84,72.0]]}
{"t":1776980105.530238,"e":[[0,0,0.13],[1,1,0.84,39.0]]}
{"t":1776980106.542668,"e":[[1,0,0.13,24.0],[1,1,0.84,72.0]]}
{"t":1776980107.5551019,"e":[[1,0,0.14,475.0],[1,0,0.13,402.0],[0,0,0.12]]}
{"t":1776980108.5716732,"e":[[1,0,0.14,793.0]]}
{"t":1776980110.5908322,"e":[[1,0,0.13,378.0],[1,0,0.11,26.0]]}
{"t":1776980115.6178071,"e":[[0,0,0.11],[1,1,0.84,39.0]]}
{"t":1776980116.6381068,"e":[[1,0,0.11,26.0],[1,1,0.84,72.0]]}
{"t":1776980118.660933,"e":[[1,0,0.14,475.0],[0,0,0.13],[1,0,0.11,404.0]]}
{"t":1776980119.6785228,"e":[[1,0,0.14,793.0]]}
{"t":1776980120.691299,"e":[[1,0,0.11,378.0],[1,0,0.12,25.0],[1,1,0.84,73.0]]}
{"t":1776980125.7410848,"e":[[1,1,0.84,72.0]]}
{"t":1776980166.9892921,"e":[[1,0,0.12,403.0],[0,0,0.11]]}
{"t":1776980170.0221329,"e":[[1,0,0.14,475.0]]}
{"t":1776980171.033397,"e":[[1,0,0.14,793.0],[1,0,0.12,378.0],[1,0,0.13,23.0],[1,1,0.84,73.0]]}
{"t":1776980173.057191,"e":[[1,0,0.14,475.0],[0,0,0.12]]}
{"t":1776980174.070951,"e":[[1,0,0.14,793.0],[1,0,0.13,401.0]]}
{"t":1776980175.0812778,"e":[[1,0,0.13,378.0],[1,1,0.84,39.0]]}
{"t":1776980176.087865,"e":[[1,0,0.11,26.0],[1,1,0.84,72.0]]}
{"t":1776980190.185584,"e":[[0,0,0.11],[1,1,0.84,39.0]]}
{"t":1776980191.20354,"e":[[1,0,0.11,26.0],[1,1,0.84,72.0]]}
{"t":1776980195.22635,"e":[[1,0,0.14,475.0],[0,0,0.13],[1,0,0.11,378.0],[1,1,0.84,39.0]]}
{"t":1776980196.244538,"e":[[1,0,0.14,793.0],[1,0,0.12,25.0],[1,1,0.84,73.0]]}
{"t":1776980198.2657092,"e":[[1,0,0.14,475.0],[1,0,0.12,403.0],[0,0,0.11]]}
{"t":1776980199.279596,"e":[[1,0,0.14,793.0]]}
{"t":1776980200.29224,"e":[[1,0,0.12,378.0],[1,1,0.84,39.0]]}
{"t":1776980201.303828,"e":[[1,0,0.14,475.0],[0,0,0.12],[1,0,0.13,24.0],[1,1,0.84,72.0]]}
{"t":1776980202.3137898,"e":[[1,0,0.1,1578.0]]}
{"t":1776980203.3242052,"e":[[1,0,0.14,793.0]]}
{"t":1776980204.3298008,"e":[[1,0,0.14,475.0],[1,0,0.1,1200.0]]}
{"t":1776980205.341054,"e":[[1,0,0.14,793.0],[1,0,0.13,378.0],[1,1,0.84,39.0]]}
{"t":1776980206.353861,"e":[[1,0,0.11,26.0],[1,1,0.84,72.0]]}
{"t":1776980210.39988,"e":[[0,0,0.11],[1,1,0.84,39.0]]}
{"t":1776980211.42051,"e":[[1,0,0.14,475.0],[0,0,0.13]]}
{"t":1776980212.453109,"e":[[1,0,0.14,793.0],[1,0,0.1,1578.0],[1,0,0.11,26.0],[1,1,0.84,72.0]]}
{"t":1776980215.482005,"e":[[0,0,0.11],[1,1,0.84,39.0]]}
{"t":1776980216.500921,"e":[[1,0,0.14,60.0],[1,0,0.1,1200.0],[1,0,0.11,26.0],[1,1,0.81,250.0],[1,1,0.82,90.82],[0,1,0.83],[1,1,0.84,33.0]]}
{"t":1776980220.563881,"e":[[1,0,0.14,279.0],[1,0,0.11,85.0],[1,1,0.81,409.0],[1,1,0.82,419.82],[1,1,0.84,72.0],[1,1,0.83,203.0]]}
{"t":1776980221.5912058,"e":[[1,0,0.14,597.0],[1,0,0.11,59.0],[1,0,0.12,25.0],[1,1,0.84,74.0]]}
{"t":1776980225.636118,"e":[[0,0,0.12],[1,1,0.84,39.0]]}
{"t":1776980226.649855,"e":[[1,0,0.12,25.0],[1,1,0.84,72.0]]}
{"t":1776980235.711534,"e":[[0,0,0.12],[1,1,0.84,39.0]]}
{"t":1776980236.7219121,"e":[[1,0,0.12,25.0],[1,1,0.84,72.0]]}
{"t":1776980238.7372139,"e":[[0,0,0.11]]}
{"t":1776980239.753128,"e":[[1,0,0.14,665.0],[1,0,0.12,303.0]]}
{"t":1776980240.7703738,"e":[[1,0,0.12,278.0],[1,1,0.84,39.0]]}
{"t":1776980241.790317,"e":[[1,0,0.13,24.0],[1,1,0.84,72.0]]}
{"t":1776980242.801561,"e":[[1,0,0.14,427.0],[1,0,0.13,336.0],[0,0,0.12]]}
{"t":1776980243.817766,"e":[[1,0,0.14,731.0]]}
{"t":1776980245.8324668,"e":[[1,0,0.14,774.0],[1,0,0.13,346.0],[1,0,0.11,26.0]]}
{"t":1776980252.909537,"e":[[0,0,0.13]]}
{"t":1776980253.92886,"e":[[1,0,0.14,470.0],[1,0,0.11,395.0]]}
{"t":1776980254.943907,"e":[[1,0,0.14,788.0]]}
{"t":1776980255.9481971,"e":[[1,0,0.11,369.0],[1,1,0.84,39.0]]}
{"t":1776980256.962406,"e":[[1,0,0.12,25.0],[1,1,0.84,72.0]]}
{"t":1776980260.994236,"e":[[0,0,0.12],[1,1,0.84,39.0]]}
{"t":1776980262.008011,"e":[[1,0,0.12,25.0],[1,1,0.84,72.0]]}
{"t":1776980263.028702,"e":[[0,0,0.11]]}
{"t":1776980264.0415418,"e":[[1,0,0.14,792.0],[1,0,0.12,401.0]]}
{"t":1776980266.066454,"e":[[1,0,0.14,793.0],[1,0,0.12,378.0],[1,1,0.84,39.0]]}
{"t":1776980267.08344,"e":[[1,0,0.13,24.0],[1,1,0.84,72.0]]}
{"t":1776980268.096695,"e":[[1,0,0.14,475.0],[0,0,0.12]]}
{"t":1776980269.111677,"e":[[1,0,0.14,793.0],[1,0,0.13,402.0]]}
{"t":1776980271.131624,"e":[[1,0,0.14,475.0],[1,0,0.13,378.0],[1,0,0.11,26.0],[1,1,0.84,39.0]]}
{"t":1776980272.147509,"e":[[1,0,0.14,793.0],[1,1,0.84,71.0]]}
{"t":1776980276.182373,"e":[[1,1,0.84,39.0]]}
{"t":1776980277.1987882,"e":[[1,1,0.84,71.0]]}
{"t":1776980279.212241,"e":[[0,0,0.13],[1,0,0.11,404.0]]}
{"t":1776980281.2385652,"e":[[1,0,0.14,475.0],[1,0,0.11,378.0],[1,0,0.12,25.0],[1,1,0.84,72.0]]}
{"t":1776980282.2521129,"e":[[1,0,0.14,793.0]]}
{"t":1776980287.29693,"e":[[0,0,0.12],[1,1,0.84,39.0]]}
{"t":1776980288.3159811,"e":[[1,0,0.12,25.0],[1,1,0.84,72.0]]}
{"t":1776980291.3441448,"e":[[1,0,0.12,378.0],[1,0,0.11,26.0],[1,1,0.84,73.0]]}
{"t":1776980294.3779929,"e":[[1,0,0.14,475.0],[0,0,0.12],[1,0,0.11,404.0]]}
{"t":1776980295.397852,"e":[[1,0,0.14,793.0]]}
{"t":1776980296.413557,"e":[[1,0,0.11,378.0],[1,0,0.12,25.0],[1,1,0.84,72.0]]}
{"t":1776980297.428685,"e":[[1,0,0.14,475.0],[0,0,0.11]]}
{"t":1776980298.4508119,"e":[[1,0,0.14,793.0],[1,0,0.12,403.0]]}
{"t":1776980301.48195,"e":[[1,0,0.12,378.0],[1,0,0.13,24.0]]}
{"t":1776980303.499189,"e":[[1,0,0.14,475.0],[1,0,0.13,402.0],[0,0,0.12]]}
{"t":1776980304.517792,"e":[[1,0,0.14,793.0]]}
{"t":1776980306.535902,"e":[[1,0,0.13,378.0],[1,0,0.11,26.0]]}
{"t":1776980311.5785012,"e":[[1,1,0.84,71.0]]}
{"t":1776980316.618552,"e":[[0,0,0.11],[1,1,0.84,39.0]]}
{"t":1776980317.642941,"e":[[1,0,0.11,26.0],[1,1,0.84,71.0]]}
{"t":1776980321.673723,"e":[[0,0,0.13],[1,0,0.11,378.0],[1,1,0.84,39.0]]}
{"t":1776980324.713695,"e":[[0,0,0.11],[1,0,0.1,1578.0],[1,0,0.12,25.0],[1,1,0.84,72.0]]}
{"t":1776980326.7396421,"e":[[0,0,0.12],[1,0,0.11,26.0]]}
{"t":1776980334.8031309,"e":[[1,0,0.14,475.0],[1,0,0.1,1200.0]]}
{"t":1776980335.816278,"e":[[1,0,0.14,793.0],[1,0,0.11,404.0]]}
{"t":1776980336.830367,"e":[[1,0,0.11,378.0],[1,1,0.84,39.0]]}
{"t":1776980339.870958,"e":[[1,0,0.14,60.0],[0,0,0.11],[1,1,0.81,250.0],[1,1,0.82,90.82],[0,1,0.83],[0,1,0.84]]}
{"t":1776980340.896566,"e":[[1,0,0.11,25.0],[1,1,0.83,38.0]]}
{"t":1776980341.910361,"e":[[0,0,0.11],[0,1,0.83]]}
{"t":1776980342.92643,"e":[[1,0,0.11,25.0],[1,1,0.83,38.0]]}
{"t":1776980346.9657018,"e":[[1,0,0.14,279.0],[1,0,0.11,84.0],[1,1,0.81,409.0],[1,1,0.82,419.82],[1,1,0.83,241.0],[1,1,0.84,39.0]]}
{"t":1776980347.9774709,"e":[[1,0,0.14,597.0]]}
{"t":1776980352.015635,"e":[[1,0,0.14,360.0],[1,0,0.11,278.0],[1,1,0.83,203.0]]}
{"t":1776980353.024231,"e":[[1,0,0.14,585.0],[1,0,0.12,25.0],[1,1,0.84,73.0]]}
{"t":1776980357.054312,"e":[[0,0,0.12],[1,1,0.84,39.0]]}
{"t":1776980358.068768,"e":[[1,0,0.12,25.0],[1,1,0.84,72.0]]}
{"t":1776980359.084876,"e":[[1,0,0.14,60.0],[0,0,0.11],[1,1,0.81,250.0],[1,1,0.82,90.82],[0,1,0.83],[1,1,0.84,33.0]]}
{"t":1776980362.116677,"e":[[1,0,0.14,279.0],[0,0,0.12],[1,0,0.1,1259.0],[1,0,0.11,25.0],[1,1,0.81,409.0],[1,1,0.82,419.82],[1,1,0.84,39.0],[1,1,0.83,241.0]]}
{"t":1776980363.136044,"e":[[1,0,0.14,597.0]]}
{"t":1776980367.178379,"e":[[1,0,0.11,26.0],[1,1,0.83,203.0],[1,1,0.84,72.0]]}
{"t":1776980368.191754,"e":[[1,0,0.14,360.0],[1,0,0.1,1200.0]]}
{"t":1776980369.208498,"e":[[1,0,0.14,585.0],[1,0,0.11,304.0]]}
{"t":1776980370.2208798,"e":[[1,0,0.14,364.0],[1,0,0.11,298.0]]}
{"t":1776980372.235212,"e":[[1,0,0.14,603.0],[1,0,0.11,272.0],[1,0,0.12,25.0]]}
{"t":1776980376.266303,"e":[[0,0,0.12],[1,1,0.84,39.0]]}
{"t":1776980377.2815208,"e":[[1,0,0.12,25.0],[1,1,0.84,72.0]]}
{"t":1776980387.468399,"e":[[0,0,0.12],[1,1,0.84,39.0]]}
{"t":1776980388.479181,"e":[[1,0,0.12,25.0],[1,1,0.84,72.0]]}
{"t":1776980397.547731,"e":[[0,0,0.12],[1,1,0.84,39.0]]}
{"t":1776980398.570938,"e":[[1,0,0.12,25.0],[1,1,0.84,72.0]]}
{"t":1776980407.6326091,"e":[[0,0,0.12],[1,1,0.84,39.0]]}
{"t":1776980416.695222,"e":[[1,0,0.14,392.0],[0,0,0.11]]}
{"t":1776980417.713616,"e":[[1,0,0.14,670.0],[1,0,0.1,1481.0]]}
{"t":1776980422.7574651,"e":[[1,0,0.14,392.0]]}
{"t":1776980423.770659,"e":[[1,0,0.14,391.0],[1,0,0.1,1515.0]]}
{"t":1776980424.7923908,"e":[[1,0,0.14,630.0]]}
{"t":1776980425.803306,"e":[[1,0,0.14,378.0],[1,0,0.1,1495.0]]}
{"t":1776980426.80996,"e":[[1,0,0.14,617.0]]}
{"t":1776980428.823528,"e":[[1,0,0.14,60.0],[1,0,0.1,1200.0],[1,1,0.81,250.0],[1,1,0.82,90.82],[0,1,0.83],[0,1,0.84]]}
{"t":1776980431.865155,"e":[[1,0,0.14,279.0],[1,0,0.1,1259.0],[1,1,0.81,409.0],[1,1,0.82,419.82],[1,1,0.83,203.0],[1,1,0.84,39.0]]}
{"t":1776980432.886158,"e":[[1,0,0.14,597.0]]}
{"t":1776980436.932385,"e":[[1,0,0.14,585.0],[1,0,0.1,1478.0]]}
{"t":1776980438.9541829,"e":[[1,0,0.14,60.0],[1,0,0.1,1200.0],[1,1,0.81,250.0],[1,1,0.82,90.82],[0,1,0.83],[0,1,0.84]]}
{"t":1776980441.991785,"e":[[1,0,0.14,279.0],[1,0,0.1,1259.0],[1,1,0.81,409.0],[1,1,0.82,419.82],[1,1,0.83,203.0],[1,1,0.84,39.0]]}
{"t":1776980443.018125,"e":[[1,0,0.14,597.0]]}
{"t":1776980444.031349,"e":[[1,0,0.14,360.0],[1,0,0.13,24.0]]}
{"t":1776980445.048059,"e":[[1,0,0.14,585.0],[1,0,0.1,1478.0],[1,1,0.84,72.0]]}
{"t":1776980448.0807738,"e":[[1,0,0.1,1200.0]]}
{"t":1776980449.0938811,"e":[[1,0,0.14,364.0],[1,0,0.13,296.0]]}
{"t":1776980450.111899,"e":[[1,0,0.14,603.0],[1,0,0.13,272.0],[1,1,0.84,39.0]]}
{"t":1776980453.140348,"e":[[1,0,0.14,392.0],[0,0,0.13]]}
{"t":1776980454.154814,"e":[[1,0,0.14,670.0],[1,0,0.1,1481.0]]}
{"t":1776980455.17067,"e":[[1,0,0.11,26.0],[1,1,0.84,72.0]]}
{"t":1776980456.18276,"e":[[1,0,0.14,391.0],[1,0,0.11,341.0],[1,0,0.1,1200.0]]}
{"t":1776980457.197255,"e":[[1,0,0.14,630.0]]}
{"t":1776980459.220083,"e":[[1,0,0.14,391.0]]}
{"t":1776980460.235795,"e":[[1,0,0.14,378.0],[1,0,0.11,295.0],[1,0,0.12,25.0],[1,1,0.84,73.0]]}
{"t":1776980461.251276,"e":[[1,0,0.14,617.0]]}
{"t":1776980465.2814488,"e":[[0,0,0.12]]}
{"t":1776980466.294291,"e":[[1,1,0.84,39.0]]}
{"t":1776980467.31626,"e":[[1,0,0.12,25.0],[1,1,0.84,73.0]]}
{"t":1776980469.33106,"e":[[0,0,0.12],[1,1,0.84,39.0]]}
{"t":1776980470.3470101,"e":[[1,0,0.12,25.0],[1,1,0.84,73.0]]}
{"t":1776980473.376462,"e":[[1,0,0.14,684.0],[1,0,0.12,313.0],[0,0,0.11]]}
{"t":1776980474.393625,"e":[[1,0,0.12,288.0],[1,1,0.84,39.0]]}
{"t":1776980475.409621,"e":[[1,0,0.13,24.0],[1,1,0.84,72.0]]}
{"t":1776980476.4249861,"e":[[1,0,0.14,438.0],[0,0,0.12]]}
{"t":1776980477.4416761,"e":[[1,0,0.13,347.0]]}
{"t":1776980478.459898,"e":[[1,0,0.14,751.0]]}
{"t":1776980479.471453,"e":[[1,0,0.13,323.0],[1,1,0.84,39.0]]}
{"t":1776980480.489409,"e":[[1,0,0.14,462.0],[0,0,0.13],[1,0,0.1,1557.0],[1,0,0.11,26.0],[1,1,0.84,72.0]]}
{"t":1776980481.5059881,"e":[[1,0,0.14,780.0]]}
{"t":1776980487.546646,"e":[[0,0,0.11]]}
{"t":1776980488.560389,"e":[[1,0,0.14,60.0],[1,0,0.1,1200.0],[1,0,0.11,25.0],[1,1,0.81,250.0],[1,1,0.82,90.82],[1,1,0.83,39.0],[0,1,0.84]]}
{"t":1776980490.596148,"e":[[1,0,0.14,279.0],[1,0,0.11,84.0],[1,1,0.81,409.0],[1,1,0.82,419.82],[1,1,0.83,242.0],[1,1,0.84,39.0]]}
{"t":1776980491.6142201,"e":[[1,0,0.14,597.0]]}
{"t":1776980492.6295922,"e":[[1,0,0.11,59.0],[1,1,0.83,203.0]]}
{"t":1776980493.6422322,"e":[[1,0,0.14,360.0],[1,0,0.11,278.0],[1,0,0.12,25.0],[1,1,0.84,73.0]]}
{"t":1776980494.659307,"e":[[1,0,0.14,585.0]]}
{"t":1776980495.68056,"e":[[1,0,0.14,382.0],[1,0,0.12,297.0],[0,0,0.11]]}
{"t":1776980496.6995509,"e":[[1,0,0.14,653.0]]}
{"t":1776980497.710519,"e":[[1,0,0.12,272.0],[1,1,0.84,39.0]]}
{"t":1776980498.723455,"e":[[1,0,0.13,24.0],[1,1,0.84,73.0]]}
{"t":1776980502.763252,"e":[[0,0,0.13],[1,1,0.84,39.0]]}
{"t":1776980503.7933109,"e":[[1,0,0.14,420.0],[0,0,0.12],[1,0,0.13,306.0]]}
{"t":1776980504.8107462,"e":[[1,0,0.14,719.0],[1,0,0.11,26.0],[1,1,0.84,72.0]]}
{"t":1776980505.8251321,"e":[[1,0,0.14,770.0],[0,0,0.13],[1,0,0.1,1540.0]]}
{"t":1776980507.855159,"e":[[1,0,0.14,786.0],[1,0,0.11,392.0],[1,0,0.1,1200.0]]}
{"t":1776980508.8687181,"e":[[1,0,0.11,366.0],[1,1,0.84,39.0]]}
{"t":1776980509.889653,"e":[[1,0,0.14,791.0],[1,0,0.11,375.0]]}
{"t":1776980510.909303,"e":[[1,0,0.12,25.0],[1,1,0.84,73.0]]}
{"t":1776980512.929775,"e":[[0,0,0.12],[1,1,0.84,39.0]]}
{"t":1776980513.945427,"e":[[1,0,0.12,25.0],[1,1,0.84,72.0]]}
{"t":1776980515.9620469,"e":[[0,0,0.11]]}
{"t":1776980516.981985,"e":[[1,0,0.14,793.0],[1,0,0.12,402.0]]}
{"t":1776980517.998454,"e":[[1,0,0.12,377.0],[1,1,0.84,39.0]]}
{"t":1776980519.011539,"e":[[1,0,0.14,475.0],[0,0,0.12],[1,0,0.1,1578.0]]}
{"t":1776980520.027141,"e":[[1,0,0.14,793.0],[1,0,0.13,24.0],[1,1,0.84,72.0]]}
{"t":1776980522.047363,"e":[[1,0,0.14,475.0],[1,0,0.1,1200.0]]}
{"t":1776980523.065294,"e":[[1,0,0.14,793.0],[1,0,0.13,378.0],[1,1,0.84,39.0]]}
{"t":1776980524.08113,"e":[[1,0,0.14,60.0],[0,0,0.13],[1,0,0.11,26.0],[1,1,0.81,250.0],[1,1,0.82,90.82],[0,1,0.83],[1,1,0.84,33.0]]}
{"t":1776980526.116436,"e":[[1,0,0.14,538.0],[1,0,0.13,1022.0],[1,1,0.81,409.0],[1,1,0.82,420.82],[1,1,0.84,647.0],[1,1,0.85,953.8600000000001]]}
{"t":1776980528.159174,"e":[[0,0,0.13],[1,1,0.85,681.8600000000001]]}
{"t":1776980529.178713,"e":[[1,0,0.14,356.0],[1,0,0.11,247.0],[1,1,0.03,20.0],[1,1,0.82,418.82],[1,1,0.84,39.0],[1,1,0.83,203.0],[1,1,0.02,142.0]]}
{"t":1776980530.192708,"e":[[1,0,0.12,25.0],[1,1,0.84,74.0]]}
{"t":1776980531.209737,"e":[[1,0,0.14,606.0]]}
{"t":1776980533.225607,"e":[[1,1,0.84,73.0]]}
{"t":1776980538.263216,"e":[[1,1,0.84,39.0]]}
{"t":1776980539.278472,"e":[[0,0,0.12]]}
{"t":1776980540.289064,"e":[[1,0,0.12,25.0],[1,1,0.84,73.0]]}
{"t":1776980544.317148,"e":[[0,0,0.12],[1,1,0.84,39.0]]}
{"t":1776980545.3351848,"e":[[1,0,0.12,25.0],[1,1,0.84,73.0]]}
{"t":1776980548.364038,"e":[[1,0,0.14,674.0],[1,0,0.12,283.0],[0,0,0.11],[1,1,0.82,419.82],[1,1,0.84,39.0]]}
{"t":1776980549.3820622,"e":[[1,0,0.13,24.0],[1,1,0.84,72.0]]}
{"t":1776980550.4052649,"e":[[1,1,0.85,676.8600000000001]]}
{"t":1776980552.417959,"e":[[1,0,0.14,740.0],[1,0,0.13,341.0],[0,0,0.12]]}
{"t":1776980553.443795,"e":[[1,0,0.13,317.0],[1,1,0.84,39.0]]}
{"t":1776980554.456309,"e":[[1,0,0.14,777.0],[1,0,0.13,351.0],[1,0,0.11,26.0],[1,1,0.84,72.0]]}
{"t":1776980558.492346,"e":[[0,0,0.11],[1,1,0.84,39.0]]}
{"t":1776980559.510575,"e":[[1,0,0.11,26.0],[1,1,0.84,72.0]]}
{"t":1776980562.5381172,"e":[[1,0,0.14,60.0],[0,0,0.13],[1,0,0.11,396.0],[1,1,0.81,250.0],[1,1,0.82,90.82],[0,1,0.83],[1,1,0.84,33.0]]}
{"t":1776980563.569702,"e":[[1,0,0.14,378.0],[1,0,0.11,370.0],[1,1,0.03,64.0],[0,1,0.84],[1,1,0.02,100.0]]}
{"t":1776980565.594719,"e":[[1,0,0.12,25.0],[1,1,0.83,37.0]]}
{"t":1776980566.604689,"e":[[1,0,0.14,266.0],[1,0,0.12,190.0],[0,0,0.11],[1,1,0.81,409.0],[1,1,0.82,419.82],[1,1,0.83,240.0],[1,1,0.84,39.0]]}
{"t":1776980567.621194,"e":[[1,0,0.14,449.0]]}
{"t":1776980569.6498601,"e":[[1,0,0.14,518.0],[1,0,0.12,201.0],[1,1,0.83,203.0]]}
{"t":1776980570.6664388,"e":[[1,0,0.13,23.0],[1,1,0.84,73.0]]}
{"t":1776980574.705585,"e":[[0,0,0.13],[1,1,0.84,39.0]]}
{"t":1776980575.71822,"e":[[1,0,0.13,23.0],[1,1,0.84,73.0]]}
{"t":1776980577.735656,"e":[[1,0,0.14,60.0],[0,0,0.12],[1,1,0.81,250.0],[1,1,0.82,90.82],[0,1,0.83],[1,1,0.84,34.0]]}
{"t":1776980578.763276,"e":[[1,0,0.14,279.0],[1,0,0.13,82.0],[1,1,0.81,409.0],[1,1,0.82,419.82],[1,1,0.84,73.0],[1,1,0.83,203.0]]}
{"t":1776980579.784961,"e":[[1,0,0.14,597.0],[1,0,0.13,59.0],[1,1,0.84,39.0]]}
{"t":1776980580.801905,"e":[[0,0,0.13],[1,0,0.11,26.0],[1,1,0.84,72.0]]}
{"t":1776980581.820854,"e":[[1,0,0.14,389.0]]}
{"t":1776980582.834708,"e":[[1,0,0.14,665.0],[1,0,0.1,1478.0]]}
{"t":1776980584.854483,"e":[[0,0,0.11],[1,1,0.84,39.0]]}
{"t":1776980585.860897,"e":[[1,0,0.11,26.0],[1,1,0.84,72.0]]}
{"t":1776980586.8874009,"e":[[1,0,0.14,390.0]]}
{"t":1776980587.893047,"e":[[1,0,0.1,1512.0]]}
{"t":1776980588.906068,"e":[[1,0,0.14,629.0]]}
{"t":1776980589.9223082,"e":[[1,0,0.14,60.0],[1,0,0.1,1200.0],[1,1,0.81,250.0],[1,1,0.82,90.82],[0,1,0.83],[1,1,0.84,33.0]]}
{"t":1776980590.948404,"e":[[0,0,0.11],[0,1,0.84]]}
{"t":1776980591.962518,"e":[[1,0,0.11,25.0],[1,1,0.83,38.0]]}
{"t":1776980592.981667,"e":[[1,0,0.14,279.0],[1,0,0.11,84.0],[1,1,0.81,409.0],[1,1,0.82,419.82],[1,1,0.83,241.0],[1,1,0.84,39.0]]}
{"t":1776980593.997779,"e":[[1,0,0.14,597.0]]}
{"t":1776980597.019396,"e":[[1,0,0.14,360.0],[1,0,0.11,59.0],[1,1,0.83,203.0]]}
{"t":1776980598.03548,"e":[[1,0,0.11,278.0],[1,0,0.12,25.0],[1,1,0.84,73.0]]}
{"t":1776980599.052858,"e":[[1,0,0.14,585.0]]}
{"t":1776980600.0643961,"e":[[1,0,0.14,382.0],[1,0,0.12,297.0],[0,0,0.11]]}
{"t":1776980601.080975,"e":[[1,0,0.14,653.0],[1,0,0.12,272.0],[1,1,0.84,39.0]]}
{"t":1776980602.094506,"e":[[0,0,0.12],[1,0,0.11,26.0],[1,1,0.84,72.0]]}
{"t":1776980603.109162,"e":[[1,0,0.14,420.0],[1,0,0.1,1506.0]]}
{"t":1776980604.121093,"e":[[1,0,0.14,719.0]]}
{"t":1776980606.137001,"e":[[0,0,0.11],[1,1,0.84,39.0]]}
{"t":1776980607.1527228,"e":[[1,0,0.11,26.0],[1,1,0.84,72.0]]}
{"t":1776980612.184988,"e":[[0,0,0.11],[1,1,0.84,39.0]]}
{"t":1776980613.192063,"e":[[1,0,0.14,452.0],[1,0,0.1,1540.0],[1,0,0.11,26.0],[1,1,0.03,20.0],[1,1,0.84,72.0],[1,1,0.02,152.0]]}
{"t":1776980614.2074041,"e":[[1,0,0.14,770.0]]}
{"t":1776980615.2169971,"e":[[1,0,0.14,468.0],[1,0,0.1,1200.0]]}
{"t":1776980616.233954,"e":[[1,0,0.14,786.0],[1,0,0.11,366.0],[1,1,0.84,39.0]]}
{"t":1776980617.249818,"e":[[1,0,0.12,25.0],[1,1,0.84,72.0]]}
{"t":1776980621.283967,"e":[[0,0,0.12],[1,1,0.84,39.0]]}
{"t":1776980623.310373,"e":[[1,0,0.12,25.0],[1,1,0.84,72.0]]}
{"t":1776980626.331745,"e":[[0,0,0.12],[1,1,0.84,39.0]]}
{"t":1776980627.349143,"e":[[1,0,0.12,25.0],[1,1,0.84,72.0]]}
{"t":1776980630.378912,"e":[[1,0,0.14,473.0],[0,0,0.11]]}
{"t":1776980631.398562,"e":[[0,0,0.12],[1,1,0.84,39.0]]}
{"t":1776980632.4112582,"e":[[1,0,0.14,791.0],[1,0,0.12,375.0],[1,0,0.11,26.0],[1,1,0.84,73.0]]}
{"t":1776980636.4441001,"e":[[0,0,0.11],[1,1,0.84,39.0]]}
{"t":1776980637.456342,"e":[[1,0,0.13,24.0],[1,1,0.84,72.0]]}
{"t":1776980641.488872,"e":[[1,0,0.14,475.0],[0,0,0.13],[0,0,0.12],[1,1,0.84,39.0]]}
{"t":1776980642.5068989,"e":[[1,0,0.14,793.0],[1,0,0.13,377.0],[1,0,0.11,26.0],[1,1,0.84,73.0]]}
{"t":1776980647.5498219,"e":[[1,1,0.84,71.0]]}
{"t":1776980650.573486,"e":[[0,0,0.13],[1,0,0.11,404.0]]}
{"t":1776980651.586477,"e":[[1,0,0.11,378.0],[1,1,0.84,39.0]]}
{"t":1776980652.6010098,"e":[[1,0,0.12,25.0],[1,1,0.84,72.0]]}
{"t":1776980656.632494,"e":[[0,0,0.12],[1,1,0.84,39.0]]}
{"t":1776980658.652771,"e":[[1,0,0.14,475.0],[0,0,0.11],[1,0,0.12,25.0],[1,1,0.84,72.0]]}
{"t":1776980659.669371,"e":[[1,0,0.14,793.0],[1,0,0.12,403.0],[1,1,0.03,69.0],[1,1,0.02,100.0]]}
{"t":1776980662.6957319,"e":[[1,0,0.12,378.0],[1,0,0.13,24.0]]}
{"t":1776980663.705122,"e":[[1,0,0.14,475.0],[0,0,0.12]]}
{"t":1776980664.721338,"e":[[1,0,0.13,402.0]]}
{"t":1776980665.733456,"e":[[1,0,0.14,793.0]]}
{"t":1776980667.750463,"e":[[1,0,0.14,475.0]]}
{"t":1776980668.76646,"e":[[1,0,0.14,793.0],[1,0,0.13,378.0],[1,0,0.11,26.0],[1,1,0.84,71.0]]}
{"t":1776980673.81322,"e":[[1,0,0.14,475.0],[0,0,0.13],[1,0,0.11,378.0],[1,1,0.84,39.0]]}
{"t":1776980674.828566,"e":[[1,0,0.14,793.0]]}
{"t":1776980675.837524,"e":[[1,0,0.12,25.0],[1,1,0.84,72.0]]}
{"t":1776980677.857554,"e":[[0,0,0.12],[1,1,0.84,39.0]]}
{"t":1776980678.869746,"e":[[1,0,0.12,25.0],[1,1,0.84,72.0]]}
{"t":1776980682.899885,"e":[[0,0,0.12],[1,1,0.84,39.0]]}
{"t":1776980683.914494,"e":[[1,0,0.12,25.0],[1,1,0.84,72.0]]}
{"t":1776980684.930916,"e":[[1,0,0.12,403.0],[0,0,0.11]]}
{"t":1776980685.9446669,"e":[[1,0,0.14,475.0]]}
{"t":1776980686.9585438,"e":[[1,0,0.14,793.0]]}
{"t":1776980687.9667919,"e":[[1,0,0.12,378.0],[1,1,0.84,39.0]]}
{"t":1776980688.98259,"e":[[1,0,0.13,24.0],[1,1,0.84,72.0]]}
{"t":1776980694.0195699,"e":[[1,0,0.14,475.0],[0,0,0.12]]}
{"t":1776980695.0324302,"e":[[1,0,0.14,793.0],[1,0,0.13,402.0]]}
{"t":1776980698.0718012,"e":[[1,0,0.13,378.0],[1,1,0.84,39.0]]}
{"t":1776980700.0908082,"e":[[1,0,0.11,26.0],[1,1,0.82,329.0],[1,1,0.84,71.0]]}
{"t":1776980710.1544871,"e":[[1,0,0.14,475.0],[0,0,0.13],[1,0,0.11,378.0],[1,1,0.03,20.0],[0,1,0.82],[0,1,0.83],[1,1,0.84,329.0],[1,1,0.02,150.0]]}
{"t":1776980711.170652,"e":[[1,0,0.14,793.0],[1,1,0.85,850.8600000000001]]}
{"t":1776980718.218712,"e":[[1,0,0.12,25.0],[1,1,0.82,39.0]]}
{"t":1776980720.2425652,"e":[[1,0,0.12,403.0],[0,0,0.11],[1,1,0.82,368.0],[1,1,0.84,17.0],[1,1,0.85,676.8600000000001],[1,1,0.83,166.0]]}
{"t":1776980724.278655,"e":[[1,0,0.12,378.0],[1,1,0.82,329.0]]}
{"t":1776980727.3062,"e":[[1,0,0.13,24.0],[1,1,0.84,50.0]]}
{"t":1776980729.3228512,"e":[[0,0,0.13],[1,1,0.84,17.0]]}
{"t":1776980730.335878,"e":[[1,0,0.13,24.0],[1,1,0.84,50.0]]}
{"t":1776980737.391225,"e":[[1,0,0.14,475.0],[0,0,0.12],[0,1,0.82],[0,1,0.83]]}
{"t":1776980738.410142,"e":[[1,0,0.14,793.0],[1,0,0.13,402.0],[1,1,0.84,362.0],[1,1,0.85,851.8600000000001]]}
{"t":1776980740.431516,"e":[[1,0,0.14,475.0],[1,0,0.13,378.0],[1,0,0.11,26.0],[1,1,0.84,329.0],[1,1,0.85,837.8600000000001],[1,1,0.82,39.0]]}
{"t":1776980742.47634,"e":[[1,0,0.14,793.0],[1,1,0.85,851.8600000000001]]}
{"t":1776980745.4977028,"e":[[0,0,0.11],[0,1,0.82]]}
{"t":1776980746.5158021,"e":[[0,0,0.13],[1,0,0.1,1578.0],[1,0,0.11,26.0],[0,1,0.84],[1,1,0.85,1892.8600000000001],[1,1,0.82,38.0]]}
{"t":1776980749.5466309,"e":[[0,0,0.11],[0,1,0.82]]}
{"t":1776980750.5608,"e":[[1,0,0.11,26.0],[1,1,0.82,39.0]]}
{"t":1776980758.610584,"e":[[1,0,0.14,60.0],[1,0,0.1,1200.0],[1,1,0.03,71.0],[1,1,0.81,250.0],[1,1,0.85,676.8600000000001],[1,1,0.02,100.0]]}
{"t":1776980759.631683,"e":[[0,0,0.11],[0,1,0.82]]}
{"t":1776980761.657168,"e":[[1,0,0.11,25.0],[1,1,0.82,40.0]]}
{"t":1776980762.6692328,"e":[[1,0,0.14,278.0],[1,0,0.11,84.0],[1,1,0.81,409.0],[1,1,0.82,369.0],[1,1,0.83,166.0],[1,1,0.84,17.0]]}
{"t":1776980764.7141492,"e":[[1,0,0.14,596.0],[1,0,0.11,59.0],[1,1,0.82,329.0]]}
{"t":1776980765.729409,"e":[[0,0,0.11],[0,1,0.82],[0,1,0.83],[0,1,0.84]]}
{"t":1776980766.743007,"e":[[1,0,0.14,388.0],[1,0,0.1,1477.0],[1,1,0.85,1006.8600000000001]]}
{"t":1776980767.75998,"e":[[1,0,0.14,663.0],[1,0,0.12,25.0],[1,1,0.85,1892.8600000000001],[1,1,0.84,35.0]]}
{"t":1776980769.784178,"e":[[0,0,0.12],[0,1,0.84]]}
{"t":1776980770.798649,"e":[[1,0,0.11,26.0],[1,1,0.82,39.0]]}
{"t":1776980773.826316,"e":[[1,0,0.14,389.0],[1,0,0.11,338.0],[1,0,0.1,1200.0],[1,1,0.82,368.0],[1,1,0.85,676.8600000000001],[1,1,0.83,166.0],[1,1,0.84,17.0]]}
{"t":1776980774.8436952,"e":[[1,0,0.14,628.0],[1,0,0.11,312.0],[1,1,0.82,329.0]]}
{"t":1776980776.866107,"e":[[1,0,0.12,25.0],[1,1,0.84,50.0]]}
{"t":1776980779.886245,"e":[[0,0,0.12],[1,1,0.84,17.0]]}
{"t":1776980780.902285,"e":[[1,0,0.12,25.0],[1,1,0.84,50.0]]}
{"t":1776980784.9429939,"e":[[0,0,0.12],[1,1,0.84,17.0]]}
{"t":1776980785.956077,"e":[[1,0,0.14,406.0],[0,0,0.11],[1,0,0.12,25.0],[0,1,0.82],[0,1,0.83],[1,1,0.84,33.0]]}
{"t":1776980786.972651,"e":[[1,0,0.14,694.0],[1,0,0.1,1494.0],[1,1,0.85,1892.8600000000001]]}
{"t":1776980790.005991,"e":[[0,0,0.12],[1,0,0.11,26.0],[0,1,0.84],[1,1,0.82,39.0]]}
{"t":1776980798.05874,"e":[[1,0,0.14,399.0],[1,0,0.1,1200.0],[1,1,0.85,676.8600000000001]]}
{"t":1776980799.0757,"e":[[1,0,0.14,638.0],[1,0,0.11,354.0],[1,1,0.82,368.0],[1,1,0.83,166.0],[1,1,0.84,17.0]]}
{"t":1776980800.0889301,"e":[[1,0,0.11,328.0],[1,0,0.12,25.0],[1,1,0.82,329.0],[1,1,0.84,50.0]]}
{"t":1776980808.160405,"e":[[0,0,0.12],[1,1,0.84,17.0]]}
{"t":1776980814.197629,"e":[[0,0,0.11],[1,1,0.03,20.0],[0,1,0.82],[0,1,0.83],[0,1,0.84],[1,1,0.02,150.0]]}
{"t":1776980815.2107599,"e":[[1,0,0.14,705.0],[1,0,0.1,1498.0],[1,1,0.85,1892.8600000000001]]}
{"t":1776980816.226511,"e":[[1,0,0.14,447.0],[1,1,0.85,1006.8600000000001]]}
{"t":1776980817.241518,"e":[[1,0,0.14,765.0],[1,0,0.1,1533.0],[1,1,0.85,1892.8600000000001]]}
{"t":1776980819.2644851,"e":[[1,0,0.11,26.0],[1,1,0.82,39.0]]}
{"t":1776980821.286386,"e":[[1,0,0.14,466.0],[1,0,0.11,390.0],[1,0,0.1,1200.0],[1,1,0.82,368.0],[1,1,0.85,676.8600000000001],[1,1,0.83,166.0],[1,1,0.84,17.0]]}
{"t":1776980822.292941,"e":[[1,0,0.14,784.0]]}
{"t":1776980823.298166,"e":[[1,0,0.11,364.0],[1,1,0.82,329.0]]}
{"t":1776980824.307413,"e":[[1,0,0.12,25.0],[1,1,0.84,50.0]]}
{"t":1776980832.348234,"e":[[1,0,0.14,473.0],[0,0,0.11],[0,1,0.82],[0,1,0.83]]}
{"t":1776980833.3604538,"e":[[1,0,0.14,791.0],[1,0,0.12,399.0],[1,1,0.84,362.0],[1,1,0.85,851.8600000000001]]}
