{"t": 1776975855.3857431, "events": [{"op": "set", "side": "bid", "price": 0.98, "size": 608.0}, {"op": "set", "side": "bid", "price": 0.78, "size": 3681.0}, {"op": "set", "side": "bid", "price": 0.77, "size": 256.0}]}
{"t": 1776975859.432927, "events": [{"op": "set", "side": "bid", "price": 0.98, "size": 606.0}, {"op": "set", "side": "bid", "price": 0.78, "size": 3680.0}]}
{"t": 1776975866.4869819, "events": [{"op": "set", "side": "bid", "price": 0.98, "size": 605.0}, {"op": "set", "side": "bid", "price": 0.78, "size": 3679.0}]}
{"t": 1776975870.536895, "events": [{"op": "set", "side": "bid", "price": 0.77, "size": 255.0}]}
{"t": 1776975878.59487, "events": [{"op": "set", "side": "bid", "price": 0.98, "size": 208.0}, {"op": "set", "side": "bid", "price": 0.78, "size": 3414.0}, {"op": "set", "side": "bid", "price": 0.77, "size": 123.0}]}
{"t": 1776975882.637974, "events": [{"op": "set", "side": "bid", "price": 0.98, "size": 649.0}, {"op": "set", "side": "bid", "price": 0.78, "size": 3708.0}, {"op": "set", "side": "bid", "price": 0.77, "size": 270.0}]}
{"t": 1776975889.700941, "events": [{"op": "set", "side": "bid", "price": 0.98, "size": 627.0}, {"op": "set", "side": "bid", "price": 0.78, "size": 3693.0}, {"op": "set", "side": "bid", "price": 0.77, "size": 263.0}]}
{"t": 1776975913.861079, "events": [{"op": "set", "side": "bid", "price": 0.98, "size": 616.0}, {"op": "set", "side": "bid", "price": 0.78, "size": 3686.0}, {"op": "set", "side": "bid", "price": 0.77, "size": 259.0}]}
{"t": 1776975916.9452019, "events": [{"op": "set", "side": "bid", "price": 0.98, "size": 611.0}, {"op": "set", "side": "bid", "price": 0.78, "size": 3682.0}, {"op": "set", "side": "bid", "price": 0.77, "size": 257.0}]}
{"t": 1776975940.061205, "events": [{"op": "set", "side": "bid", "price": 0.98, "size": 208.0}, {"op": "set", "side": "bid", "price": 0.78, "size": 3414.0}, {"op": "set", "side": "bid", "price": 0.77, "size": 123.0}]}
{"t": 1776975942.095907, "events": [{"op": "set", "side": "bid", "price": 0.98, "size": 649.0}, {"op": "set", "side": "bid", "price": 0.78, "size": 3708.0}, {"op": "set", "side": "bid", "price": 0.77, "size": 270.0}]}
{"t": 1776975946.19179, "events": [{"op": "set", "side": "bid", "price": 0.98, "size": 627.0}, {"op": "set", "side": "bid", "price": 0.78, "size": 3693.0}, {"op": "set", "side": "bid", "price": 0.77, "size": 263.0}]}
{"t": 1776975951.2976189, "events": [{"op": "set", "side": "bid", "price": 0.98, "size": 208.0}, {"op": "set", "side": "bid", "price": 0.78, "size": 3414.0}, {"op": "set", "side": "bid", "price": 0.77, "size": 123.0}]}
{"t": 1776975954.332581, "events": [{"op": "set", "side": "bid", "price": 0.98, "size": 649.0}, {"op": "set", "side": "bid", "price": 0.78, "size": 3708.0}, {"op": "set", "side": "bid", "price": 0.77, "size": 270.0}]}
{"t": 1776975959.372451, "events": [{"op": "set", "side": "bid", "price": 0.98, "size": 627.0}, {"op": "set", "side": "bid", "price": 0.78, "size": 3693.0}, {"op": "set", "side": "bid", "price": 0.77, "size": 263.0}]}
{"t": 1776975972.4612129, "events": [{"op": "set", "side": "bid", "price": 0.98, "size": 616.0}, {"op": "set", "side": "bid", "price": 0.78, "size": 3686.0}, {"op": "set", "side": "bid", "price": 0.77, "size": 259.0}]}
{"t": 1776975978.524107, "events": [{"op": "set", "side": "bid", "price": 0.98, "size": 611.0}, {"op": "set", "side": "bid", "price": 0.78, "size": 3682.0}, {"op": "set", "side": "bid", "price": 0.77, "size": 257.0}]}
{"t": 1776975989.593303, "events": [{"op": "set", "side": "bid", "price": 0.98, "size": 608.0}, {"op": "set", "side": "bid", "price": 0.78, "size": 3681.0}, {"op": "set", "side": "bid", "price": 0.77, "size": 256.0}]}
{"t": 1776976002.718677, "events": [{"op": "set", "side": "bid", "price": 0.98, "size": 606.0}, {"op": "set", "side": "bid", "price": 0.78, "size": 3680.0}]}
{"t": 1776976005.821455, "events": [{"op": "set", "side": "bid", "price": 0.98, "size": 605.0}, {"op": "set", "side": "bid", "price": 0.78, "size": 3679.0}]}
{"t": 1776976011.8745532, "events": [{"op": "set", "side": "bid", "price": 0.77, "size": 255.0}]}
{"t": 1776976044.185159, "events": [{"op": "set", "side": "bid", "price": 0.98, "size": 208.0}, {"op": "set", "side": "bid", "price": 0.78, "size": 3414.0}, {"op": "set", "side": "bid", "price": 0.77, "size": 123.0}]}
{"t": 1776976047.209746, "events": [{"op": "set", "side": "bid", "price": 0.98, "size": 649.0}, {"op": "set", "side": "bid", "price": 0.78, "size": 3708.0}, {"op": "set", "side": "bid", "price": 0.77, "size": 270.0}]}
{"t": 1776976049.2295182, "events": [{"op": "set", "side": "bid", "price": 0.98, "size": 627.0}, {"op": "set", "side": "bid", "price": 0.78, "size": 3693.0}, {"op": "set", "side": "bid", "price": 0.77, "size": 263.0}]}
{"t": 1776976058.306615, "events": [{"op": "set", "side": "bid", "price": 0.98, "size": 208.0}, {"op": "set", "side": "bid", "price": 0.78, "size": 3414.0}, {"op": "set", "side": "bid", "price": 0.77, "size": 123.0}]}
{"t": 1776976061.337662, "events": [{"op": "set", "side": "bid", "price": 0.98, "size": 649.0}, {"op": "set", "side": "bid", "price": 0.78, "size": 3708.0}, {"op": "set", "side": "bid", "price": 0.77, "size": 270.0}]}
{"t": 1776976065.3873029, "events": [{"op": "set", "side": "bid", "price": 0.98, "size": 627.0}, {"op": "set", "side": "bid", "price": 0.78, "size": 3693.0}, {"op": "set", "side": "bid", "price": 0.77, "size": 263.0}]}
{"t": 1776976074.460224, "events": [{"op": "set", "side": "bid", "price": 0.98, "size": 616.0}, {"op": "set", "side": "bid", "price": 0.78, "size": 3686.0}, {"op": "set", "side": "bid", "price": 0.77, "size": 259.0}]}
{"t": 1776976077.482344, "events": [{"op": "set", "side": "bid", "price": 0.98, "size": 611.0}, {"op": "set", "side": "bid", "price": 0.78, "size": 3682.0}, {"op": "set", "side": "bid", "price": 0.77, "size": 257.0}]}
{"t": 1776976085.548361, "events": [{"op": "set", "side": "bid", "price": 0.98, "size": 208.0}, {"op": "set", "side": "bid", "price": 0.78, "size": 3414.0}, {"op": "set", "side": "bid", "price": 0.77, "size": 123.0}]}
{"t": 1776976088.582797, "events": [{"op": "set", "side": "bid", "price": 0.98, "size": 649.0}, {"op": "set", "side": "bid", "price": 0.78, "size": 3708.0}, {"op": "set", "side": "bid", "price": 0.77, "size": 270.0}]}
{"t": 1776976091.599458, "events": [{"op": "set", "side": "bid", "price": 0.98, "size": 627.0}, {"op": "set", "side": "bid", "price": 0.78, "size": 3693.0}]}
{"t": 1776976092.6074328, "events": [{"op": "set", "side": "bid", "price": 0.77, "size": 263.0}]}
{"t": 1776976095.6349592, "events": [{"op": "set", "side": "bid", "price": 0.98, "size": 616.0}, {"op": "set", "side": "bid", "price": 0.78, "size": 3686.0}, {"op": "set", "side": "bid", "price": 0.77, "size": 259.0}]}
{"t": 1776976099.67869, "events": [{"op": "set", "side": "bid", "price": 0.98, "size": 611.0}, {"op": "set", "side": "bid", "price": 0.78, "size": 3682.0}, {"op": "set", "side": "bid", "price": 0.77, "size": 257.0}]}
{"t": 1776976113.775799, "events": [{"op": "set", "side": "bid", "price": 0.98, "size": 608.0}, {"op": "set", "side": "bid", "price": 0.78, "size": 3681.0}, {"op": "set", "side": "bid", "price": 0.77, "size": 256.0}]}
{"t": 1776976116.79982, "events": [{"op": "set", "side": "bid", "price": 0.98, "size": 606.0}, {"op": "set", "side": "bid", "price": 0.78, "size": 3680.0}]}
{"t": 1776976128.8931751, "events": [{"op": "set", "side": "bid", "price": 0.98, "size": 605.0}, {"op": "set", "side": "bid", "price": 0.78, "size": 3679.0}]}
{"t": 1776976130.9047801, "events": [{"op": "set", "side": "bid", "price": 0.77, "size": 255.0}]}
{"t": 1776976135.934583, "events": [{"op": "set", "side": "bid", "price": 0.98, "size": 208.0}, {"op": "set", "side": "bid", "price": 0.78, "size": 3414.0}, {"op": "set", "side": "bid", "price": 0.77, "size": 123.0}]}
{"t": 1776976139.976351, "events": [{"op": "set", "side": "bid", "price": 0.98, "size": 649.0}, {"op": "set", "side": "bid", "price": 0.78, "size": 3708.0}, {"op": "set", "side": "bid", "price": 0.77, "size": 270.0}]}
{"t": 1776976152.035327, "events": [{"op": "set", "side": "bid", "price": 0.98, "size": 208.0}, {"op": "set", "side": "bid", "price": 0.78, "size": 3414.0}, {"op": "set", "side": "bid", "price": 0.77, "size": 123.0}]}
{"t": 1776976155.081144, "events": [{"op": "set", "side": "bid", "price": 0.98, "size": 649.0}, {"op": "set", "side": "bid", "price": 0.78, "size": 3708.0}, {"op": "set", "side": "bid", "price": 0.77, "size": 270.0}]}
{"t": 1776976172.213068, "events": [{"op": "set", "side": "bid", "price": 0.98, "size": 627.0}, {"op": "set", "side": "bid", "price": 0.78, "size": 3693.0}, {"op": "set", "side": "bid", "price": 0.77, "size": 263.0}]}
{"t": 1776976177.2679732, "events": [{"op": "set", "side": "bid", "price": 0.98, "size": 616.0}, {"op": "set", "side": "bid", "price": 0.78, "size": 3686.0}, {"op": "set", "side": "bid", "price": 0.77, "size": 259.0}]}
{"t": 1776976197.420757, "events": [{"op": "set", "side": "bid", "price": 0.98, "size": 611.0}, {"op": "set", "side": "bid", "price": 0.78, "size": 3682.0}, {"op": "set", "side": "bid", "price": 0.77, "size": 257.0}]}
{"t": 1776976204.476952, "events": [{"op": "set", "side": "bid", "price": 0.98, "size": 208.0}, {"op": "set", "side": "bid", "price": 0.78, "size": 3414.0}, {"op": "set", "side": "bid", "price": 0.77, "size": 123.0}]}
{"t": 1776976207.508864, "events": [{"op": "set", "side": "bid", "price": 0.98, "size": 649.0}, {"op": "set", "side": "bid", "price": 0.78, "size": 3708.0}, {"op": "set", "side": "bid", "price": 0.77, "size": 270.0}]}
{"t": 1776976215.5757089, "events": [{"op": "set", "side": "bid", "price": 0.98, "size": 627.0}, {"op": "set", "side": "bid", "price": 0.78, "size": 3693.0}, {"op": "set", "side": "bid", "price": 0.77, "size": 263.0}]}
{"t": 1776976218.6080482, "events": [{"op": "set", "side": "bid", "price": 0.98, "size": 616.0}, {"op": "set", "side": "bid", "price": 0.78, "size": 3686.0}, {"op": "set", "side": "bid", "price": 0.77, "size": 259.0}]}
{"t": 1776976222.6332319, "events": [{"op": "set", "side": "bid", "price": 0.98, "size": 611.0}, {"op": "set", "side": "bid", "price": 0.78, "size": 3682.0}, {"op": "set", "side": "bid", "price": 0.77, "size": 257.0}]}
{"t": 1776976223.6436858, "events": [{"op": "set", "side": "bid", "price": 0.98, "size": 608.0}, {"op": "set", "side": "bid", "price": 0.78, "size": 3681.0}, {"op": "set", "side": "bid", "price": 0.77, "size": 256.0}]}
{"t": 1776976255.835129, "events": [{"op": "set", "side": "bid", "price": 0.98, "size": 606.0}, {"op": "set", "side": "bid", "price": 0.78, "size": 3680.0}]}
{"t": 1776976259.875783, "events": [{"op": "set", "side": "bid", "price": 0.98, "size": 605.0}, {"op": "set", "side": "bid", "price": 0.78, "size": 3679.0}]}
{"t": 1776976276.0147579, "events": [{"op": "set", "side": "bid", "price": 0.77, "size": 255.0}]}
{"t": 1776976285.139929, "events": [{"op": "set", "side": "bid", "price": 0.98, "size": 208.0}, {"op": "set", "side": "bid", "price": 0.78, "size": 3414.0}, {"op": "set", "side": "bid", "price": 0.77, "size": 123.0}]}
{"t": 1776976287.161626, "events": [{"op": "set", "side": "bid", "price": 0.98, "size": 649.0}, {"op": "set", "side": "bid", "price": 0.78, "size": 3708.0}, {"op": "set", "side": "bid", "price": 0.77, "size": 270.0}]}
{"t": 1776976301.276474, "events": [{"op": "set", "side": "bid", "price": 0.98, "size": 208.0}, {"op": "set", "side": "bid", "price": 0.78, "size": 3414.0}, {"op": "set", "side": "bid", "price": 0.77, "size": 123.0}]}
{"t": 1776976304.313708, "events": [{"op": "set", "side": "bid", "price": 0.98, "size": 649.0}, {"op": "set", "side": "bid", "price": 0.78, "size": 3708.0}, {"op": "set", "side": "bid", "price": 0.77, "size": 270.0}]}
{"t": 1776976307.3653572, "events": [{"op": "set", "side": "bid", "price": 0.98, "size": 627.0}, {"op": "set", "side": "bid", "price": 0.78, "size": 3693.0}, {"op": "set", "side": "bid", "price": 0.77, "size": 263.0}]}
{"t": 1776976323.4797351, "events": [{"op": "set", "side": "bid", "price": 0.77, "size": 259.0}]}
{"t": 1776976324.50117, "events": [{"op": "set", "side": "bid", "price": 0.98, "size": 616.0}, {"op": "set", "side": "bid", "price": 0.78, "size": 3686.0}]}
{"t": 1776976332.56369, "events": [{"op": "set", "side": "bid", "price": 0.98, "size": 611.0}, {"op": "set", "side": "bid", "price": 0.78, "size": 3682.0}, {"op": "set", "side": "bid", "price": 0.77, "size": 257.0}]}
{"t": 1776976335.619046, "events": [{"op": "set", "side": "bid", "price": 0.98, "size": 608.0}, {"op": "set", "side": "bid", "price": 0.78, "size": 3681.0}, {"op": "set", "side": "bid", "price": 0.77, "size": 256.0}]}
{"t": 1776976339.6474261, "events": [{"op": "set", "side": "bid", "price": 0.98, "size": 606.0}, {"op": "set", "side": "bid", "price": 0.78, "size": 3680.0}]}
{"t": 1776976340.6580539, "events": [{"op": "set", "side": "bid", "price": 0.98, "size": 208.0}, {"op": "set", "side": "bid", "price": 0.78, "size": 3414.0}, {"op": "set", "side": "bid", "price": 0.77, "size": 123.0}]}
{"t": 1776976348.738213, "events": [{"op": "set", "side": "bid", "price": 0.98, "size": 649.0}, {"op": "set", "side": "bid", "price": 0.78, "size": 3708.0}, {"op": "set", "side": "bid", "price": 0.77, "size": 270.0}]}
{"t": 1776976351.775647, "events": [{"op": "set", "side": "bid", "price": 0.98, "size": 208.0}, {"op": "set", "side": "bid", "price": 0.78, "size": 3414.0}, {"op": "set", "side": "bid", "price": 0.77, "size": 123.0}]}
{"t": 1776976356.839608, "events": [{"op": "set", "side": "bid", "price": 0.98, "size": 649.0}]}
{"t": 1776976357.858582, "events": [{"op": "set", "side": "bid", "price": 0.78, "size": 3708.0}, {"op": "set", "side": "bid", "price": 0.77, "size": 270.0}]}
{"t": 1776976359.87871, "events": [{"op": "set", "side": "bid", "price": 0.98, "size": 627.0}, {"op": "set", "side": "bid", "price": 0.78, "size": 3693.0}, {"op": "set", "side": "bid", "price": 0.77, "size": 263.0}]}
{"t": 1776976362.91397, "events": [{"op": "set", "side": "bid", "price": 0.98, "size": 616.0}, {"op": "set", "side": "bid", "price": 0.78, "size": 3686.0}, {"op": "set", "side": "bid", "price": 0.77, "size": 259.0}]}
{"t": 1776976390.085834, "events": [{"op": "set", "side": "bid", "price": 0.98, "size": 611.0}, {"op": "set", "side": "bid", "price": 0.78, "size": 3682.0}, {"op": "set", "side": "bid", "price": 0.77, "size": 257.0}]}
{"t": 1776976393.108543, "events": [{"op": "set", "side": "bid", "price": 0.98, "size": 608.0}, {"op": "set", "side": "bid", "price": 0.78, "size": 3681.0}, {"op": "set", "side": "bid", "price": 0.77, "size": 256.0}]}
{"t": 1776976415.243485, "events": [{"op": "set", "side": "bid", "price": 0.98, "size": 606.0}, {"op": "set", "side": "bid", "price": 0.78, "size": 3680.0}]}
{"t": 1776976423.3098712, "events": [{"op": "set", "side": "bid", "price": 0.98, "size": 605.0}, {"op": "set", "side": "bid", "price": 0.78, "size": 3679.0}]}
{"t": 1776976425.340163, "events": [{"op": "set", "side": "bid", "price": 0.98, "size": 208.0}, {"op": "set", "side": "bid", "price": 0.78, "size": 3414.0}, {"op": "set", "side": "bid", "price": 0.77, "size": 123.0}]}
{"t": 1776976428.364198, "events": [{"op": "set", "side": "bid", "price": 0.98, "size": 649.0}, {"op": "set", "side": "bid", "price": 0.78, "size": 3708.0}, {"op": "set", "side": "bid", "price": 0.77, "size": 270.0}]}
{"t": 1776976431.391558, "events": [{"op": "set", "side": "bid", "price": 0.98, "size": 627.0}, {"op": "set", "side": "bid", "price": 0.78, "size": 3693.0}, {"op": "set", "side": "bid", "price": 0.77, "size": 263.0}]}
{"t": 1776976436.4190028, "events": [{"op": "set", "side": "bid", "price": 0.98, "size": 616.0}, {"op": "set", "side": "bid", "price": 0.78, "size": 3686.0}, {"op": "set", "side": "bid", "price": 0.77, "size": 259.0}]}
{"t": 1776976438.4467258, "events": [{"op": "set", "side": "bid", "price": 0.98, "size": 611.0}, {"op": "set", "side": "bid", "price": 0.78, "size": 3682.0}, {"op": "set", "side": "bid", "price": 0.77, "size": 257.0}]}
{"t": 1776976442.480271, "events": [{"op": "set", "side": "bid", "price": 0.98, "size": 608.0}, {"op": "set", "side": "bid", "price": 0.78, "size": 3681.0}, {"op": "set", "side": "bid", "price": 0.77, "size": 256.0}]}
{"t": 1776976443.4918458, "events": [{"op": "set", "side": "bid", "price": 0.98, "size": 606.0}, {"op": "set", "side": "bid", "price": 0.78, "size": 3680.0}]}
{"t": 1776976452.543754, "events": [{"op": "set", "side": "bid", "price": 0.98, "size": 605.0}, {"op": "set", "side": "bid", "price": 0.78, "size": 3679.0}]}
{"t": 1776976455.5719721, "events": [{"op": "set", "side": "bid", "price": 0.77, "size": 255.0}]}
{"t": 1776976465.66493, "events": [{"op": "set", "side": "bid", "price": 0.98, "size": 208.0}, {"op": "set", "side": "bid", "price": 0.78, "size": 3414.0}, {"op": "set", "side": "bid", "price": 0.77, "size": 123.0}]}
{"t": 1776976468.700096, "events": [{"op": "set", "side": "bid", "price": 0.98, "size": 649.0}, {"op": "set", "side": "bid", "price": 0.78, "size": 3708.0}, {"op": "set", "side": "bid", "price": 0.77, "size": 270.0}]}
{"t": 1776976472.725442, "events": [{"op": "set", "side": "bid", "price": 0.98, "size": 627.0}, {"op": "set", "side": "bid", "price": 0.78, "size": 3693.0}, {"op": "set", "side": "bid", "price": 0.77, "size": 263.0}]}
{"t": 1776976477.761339, "events": [{"op": "set", "side": "bid", "price": 0.98, "size": 208.0}, {"op": "set", "side": "bid", "price": 0.78, "size": 3414.0}, {"op": "set", "side": "bid", "price": 0.77, "size": 123.0}]}
{"t": 1776976480.793513, "events": [{"op": "set", "side": "bid", "price": 0.98, "size": 649.0}, {"op": "set", "side": "bid", "price": 0.78, "size": 3708.0}, {"op": "set", "side": "bid", "price": 0.77, "size": 270.0}]}
{"t": 1776976484.820907, "events": [{"op": "set", "side": "bid", "price": 0.98, "size": 627.0}, {"op": "set", "side": "bid", "price": 0.78, "size": 3693.0}, {"op": "set", "side": "bid", "price": 0.77, "size": 263.0}]}
{"t": 1776976491.914994, "events": [{"op": "set", "side": "bid", "price": 0.98, "size": 616.0}, {"op": "set", "side": "bid", "price": 0.78, "size": 3686.0}, {"op": "set", "side": "bid", "price": 0.77, "size": 259.0}]}
{"t": 1776976506.004798, "events": [{"op": "set", "side": "bid", "price": 0.98, "size": 611.0}, {"op": "set", "side": "bid", "price": 0.78, "size": 3682.0}, {"op": "set", "side": "bid", "price": 0.77, "size": 257.0}]}
{"t": 1776976519.114893, "events": [{"op": "set", "side": "bid", "price": 0.78, "size": 268.0}, {"op": "set", "side": "bid", "price": 0.79, "size": 3365.0}]}
{"t": 1776976521.1357608, "events": [{"op": "set", "side": "bid", "price": 0.98, "size": 628.0}, {"op": "set", "side": "bid", "price": 0.79, "size": 3645.0}, {"op": "set", "side": "bid", "price": 0.77, "size": 263.0}, {"op": "delete", "side": "bid", "price": 0.78}]}
{"t": 1776976536.203557, "events": [{"op": "set", "side": "bid", "price": 0.98, "size": 208.0}, {"op": "set", "side": "bid", "price": 0.79, "size": 3365.0}, {"op": "set", "side": "bid", "price": 0.77, "size": 123.0}]}
{"t": 1776976537.216504, "events": [{"op": "set", "side": "bid", "price": 0.98, "size": 669.0}, {"op": "set", "side": "bid", "price": 0.79, "size": 3672.0}, {"op": "set", "side": "bid", "price": 0.77, "size": 277.0}]}
{"t": 1776976542.257569, "events": [{"op": "set", "side": "bid", "price": 0.98, "size": 657.0}, {"op": "set", "side": "bid", "price": 0.79, "size": 3664.0}, {"op": "set", "side": "bid", "price": 0.77, "size": 273.0}]}
{"t": 1776976546.315924, "events": [{"op": "set", "side": "bid", "price": 0.98, "size": 651.0}, {"op": "set", "side": "bid", "price": 0.79, "size": 3660.0}, {"op": "set", "side": "bid", "price": 0.77, "size": 271.0}]}
{"t": 1776976549.3694139, "events": [{"op": "set", "side": "bid", "price": 0.98, "size": 648.0}, {"op": "set", "side": "bid", "price": 0.79, "size": 3658.0}, {"op": "set", "side": "bid", "price": 0.77, "size": 270.0}]}
{"t": 1776976552.38733, "events": [{"op": "set", "side": "bid", "price": 0.98, "size": 647.0}, {"op": "set", "side": "bid", "price": 0.79, "size": 3657.0}, {"op": "set", "side": "bid", "price": 0.77, "size": 269.0}]}
{"t": 1776976560.430049, "events": [{"op": "set", "side": "bid", "price": 0.98, "size": 646.0}]}
{"t": 1776976565.468847, "events": [{"op": "set", "side": "bid", "price": 0.98, "size": 645.0}]}
{"t": 1776976569.49947, "events": [{"op": "set", "side": "bid", "price": 0.98, "size": 208.0}, {"op": "set", "side": "bid", "price": 0.79, "size": 3365.0}, {"op": "set", "side": "bid", "price": 0.77, "size": 123.0}]}
{"t": 1776976572.538016, "events": [{"op": "set", "side": "bid", "price": 0.98, "size": 669.0}, {"op": "set", "side": "bid", "price": 0.79, "size": 3672.0}, {"op": "set", "side": "bid", "price": 0.77, "size": 277.0}]}
{"t": 1776976574.550605, "events": [{"op": "set", "side": "bid", "price": 0.98, "size": 657.0}, {"op": "set", "side": "bid", "price": 0.79, "size": 3664.0}, {"op": "set", "side": "bid", "price": 0.77, "size": 273.0}]}
{"t": 1776976577.582925, "events": [{"op": "set", "side": "bid", "price": 0.98, "size": 651.0}, {"op": "set", "side": "bid", "price": 0.79, "size": 3660.0}, {"op": "set", "side": "bid", "price": 0.77, "size": 271.0}]}
{"t": 1776976579.598368, "events": [{"op": "set", "side": "bid", "price": 0.98, "size": 648.0}, {"op": "set", "side": "bid", "price": 0.79, "size": 3658.0}, {"op": "set", "side": "bid", "price": 0.77, "size": 270.0}]}
{"t": 1776976582.626801, "events": [{"op": "set", "side": "bid", "price": 0.98, "size": 647.0}, {"op": "set", "side": "bid", "price": 0.79, "size": 3657.0}, {"op": "set", "side": "bid", "price": 0.77, "size": 269.0}]}
{"t": 1776976587.65838, "events": [{"op": "set", "side": "bid", "price": 0.98, "size": 646.0}]}
{"t": 1776976592.712306, "events": [{"op": "set", "side": "bid", "price": 0.98, "size": 645.0}]}
{"t": 1776976605.780865, "events": [{"op": "set", "side": "bid", "price": 0.79, "size": 3656.0}]}
{"t": 1776976627.946018, "events": [{"op": "set", "side": "bid", "price": 0.98, "size": 208.0}, {"op": "set", "side": "bid", "price": 0.79, "size": 3365.0}, {"op": "set", "side": "bid", "price": 0.77, "size": 123.0}]}
{"t": 1776976630.9735959, "events": [{"op": "set", "side": "bid", "price": 0.98, "size": 669.0}, {"op": "set", "side": "bid", "price": 0.79, "size": 3672.0}, {"op": "set", "side": "bid", "price": 0.77, "size": 277.0}]}
{"t": 1776976637.021386, "events": [{"op": "set", "side": "bid", "price": 0.98, "size": 657.0}, {"op": "set", "side": "bid", "price": 0.79, "size": 3664.0}, {"op": "set", "side": "bid", "price": 0.77, "size": 273.0}]}
{"t": 1776976648.087174, "events": [{"op": "set", "side": "bid", "price": 0.98, "size": 651.0}, {"op": "set", "side": "bid", "price": 0.79, "size": 3660.0}, {"op": "set", "side": "bid", "price": 0.77, "size": 271.0}]}
{"t": 1776976650.106755, "events": [{"op": "set", "side": "bid", "price": 0.98, "size": 648.0}, {"op": "set", "side": "bid", "price": 0.79, "size": 3658.0}, {"op": "set", "side": "bid", "price": 0.77, "size": 270.0}]}
{"t": 1776976653.130749, "events": [{"op": "set", "side": "bid", "price": 0.98, "size": 647.0}, {"op": "set", "side": "bid", "price": 0.79, "size": 3657.0}, {"op": "set", "side": "bid", "price": 0.77, "size": 269.0}]}
{"t": 1776976660.164791, "events": [{"op": "set", "side": "bid", "price": 0.98, "size": 646.0}]}
{"t": 1776976688.379301, "events": [{"op": "set", "side": "bid", "price": 0.98, "size": 645.0}]}
{"t": 1776976694.6291242, "events": [{"op": "set", "side": "bid", "price": 0.98, "size": 208.0}, {"op": "set", "side": "bid", "price": 0.79, "size": 3365.0}, {"op": "set", "side": "bid", "price": 0.77, "size": 123.0}]}
{"t": 1776976697.8306718, "events": [{"op": "set", "side": "bid", "price": 0.98, "size": 669.0}, {"op": "set", "side": "bid", "price": 0.79, "size": 3672.0}, {"op": "set", "side": "bid", "price": 0.77, "size": 277.0}]}
{"t": 1776976703.879584, "events": [{"op": "set", "side": "bid", "price": 0.98, "size": 657.0}, {"op": "set", "side": "bid", "price": 0.79, "size": 3664.0}, {"op": "set", "side": "bid", "price": 0.77, "size": 273.0}]}
{"t": 1776976721.023626, "events": [{"op": "set", "side": "bid", "price": 0.98, "size": 651.0}, {"op": "set", "side": "bid", "price": 0.79, "size": 3660.0}, {"op": "set", "side": "bid", "price": 0.77, "size": 271.0}]}
{"t": 1776976729.136172, "events": [{"op": "set", "side": "bid", "price": 0.98, "size": 648.0}, {"op": "set", "side": "bid", "price": 0.79, "size": 3658.0}, {"op": "set", "side": "bid", "price": 0.77, "size": 270.0}]}
{"t": 1776976738.2212422, "events": [{"op": "set", "side": "bid", "price": 0.98, "size": 647.0}, {"op": "set", "side": "bid", "price": 0.79, "size": 3657.0}, {"op": "set", "side": "bid", "price": 0.77, "size": 269.0}]}
{"t": 1776976741.2510169, "events": [{"op": "set", "side": "bid", "price": 0.98, "size": 646.0}]}
{"t": 1776976752.540415, "events": [{"op": "set", "side": "bid", "price": 0.98, "size": 645.0}]}
{"t": 1776976760.616456, "events": [{"op": "set", "side": "bid", "price": 0.79, "size": 3656.0}]}
{"t": 1776976798.966105, "events": [{"op": "set", "side": "bid", "price": 0.98, "size": 208.0}, {"op": "set", "side": "bid", "price": 0.79, "size": 3365.0}, {"op": "set", "side": "bid", "price": 0.77, "size": 123.0}]}
{"t": 1776976804.039381, "events": [{"op": "set", "side": "bid", "price": 0.98, "size": 669.0}, {"op": "set", "side": "bid", "price": 0.79, "size": 3672.0}, {"op": "set", "side": "bid", "price": 0.77, "size": 277.0}]}
{"t": 1776976807.082735, "events": [{"op": "set", "side": "bid", "price": 0.98, "size": 657.0}, {"op": "set", "side": "bid", "price": 0.79, "size": 3664.0}, {"op": "set", "side": "bid", "price": 0.77, "size": 273.0}]}
{"t": 1776976813.173311, "events": [{"op": "set", "side": "bid", "price": 0.98, "size": 651.0}, {"op": "set", "side": "bid", "price": 0.79, "size": 3660.0}, {"op": "set", "side": "bid", "price": 0.77, "size": 271.0}]}
{"t": 1776976816.192041, "events": [{"op": "set", "side": "bid", "price": 0.98, "size": 648.0}, {"op": "set", "side": "bid", "price": 0.79, "size": 3658.0}, {"op": "set", "side": "bid", "price": 0.77, "size": 270.0}]}
{"t": 1776976820.246989, "events": [{"op": "set", "side": "bid", "price": 0.77, "size": 269.0}]}
{"t": 1776976821.2622788, "events": [{"op": "set", "side": "bid", "price": 0.98, "size": 647.0}, {"op": "set", "side": "bid", "price": 0.79, "size": 3657.0}]}
{"t": 1776976823.281095, "events": [{"op": "set", "side": "bid", "price": 0.98, "size": 208.0}, {"op": "set", "side": "bid", "price": 0.79, "size": 3365.0}, {"op": "set", "side": "bid", "price": 0.77, "size": 123.0}]}
{"t": 1776976826.322222, "events": [{"op": "set", "side": "bid", "price": 0.98, "size": 669.0}, {"op": "set", "side": "bid", "price": 0.79, "size": 3672.0}, {"op": "set", "side": "bid", "price": 0.77, "size": 277.0}]}
{"t": 1776976830.3663218, "events": [{"op": "set", "side": "bid", "price": 0.98, "size": 657.0}, {"op": "set", "side": "bid", "price": 0.79, "size": 3664.0}, {"op": "set", "side": "bid", "price": 0.77, "size": 273.0}]}
{"t": 1776976836.4244428, "events": [{"op": "set", "side": "bid", "price": 0.98, "size": 651.0}, {"op": "set", "side": "bid", "price": 0.79, "size": 3660.0}, {"op": "set", "side": "bid", "price": 0.77, "size": 271.0}]}
{"t": 1776976839.444206, "events": [{"op": "set", "side": "bid", "price": 0.98, "size": 648.0}, {"op": "set", "side": "bid", "price": 0.79, "size": 3658.0}, {"op": "set", "side": "bid", "price": 0.77, "size": 270.0}]}
{"t": 1776976844.4879239, "events": [{"op": "set", "side": "bid", "price": 0.98, "size": 647.0}, {"op": "set", "side": "bid", "price": 0.79, "size": 3657.0}, {"op": "set", "side": "bid", "price": 0.77, "size": 269.0}]}
{"t": 1776976857.581012, "events": [{"op": "set", "side": "bid", "price": 0.98, "size": 646.0}]}
{"t": 1776976863.631295, "events": [{"op": "set", "side": "bid", "price": 0.98, "size": 645.0}]}
{"t": 1776976873.730138, "events": [{"op": "set", "side": "bid", "price": 0.98, "size": 208.0}, {"op": "set", "side": "bid", "price": 0.79, "size": 3365.0}, {"op": "set", "side": "bid", "price": 0.77, "size": 123.0}]}
{"t": 1776976876.771445, "events": [{"op": "set", "side": "bid", "price": 0.98, "size": 669.0}, {"op": "set", "side": "bid", "price": 0.79, "size": 3672.0}, {"op": "set", "side": "bid", "price": 0.77, "size": 277.0}]}
{"t": 1776976880.821571, "events": [{"op": "set", "side": "bid", "price": 0.98, "size": 657.0}, {"op": "set", "side": "bid", "price": 0.79, "size": 3664.0}, {"op": "set", "side": "bid", "price": 0.77, "size": 273.0}]}
{"t": 1776976885.872129, "events": [{"op": "set", "side": "bid", "price": 0.98, "size": 651.0}, {"op": "set", "side": "bid", "price": 0.79, "size": 3660.0}, {"op": "set", "side": "bid", "price": 0.77, "size": 271.0}]}
{"t": 1776976889.923457, "events": [{"op": "set", "side": "bid", "price": 0.98, "size": 648.0}, {"op": "set", "side": "bid", "price": 0.79, "size": 3658.0}, {"op": "set", "side": "bid", "price": 0.77, "size": 270.0}]}
{"t": 1776976894.0004108, "events": [{"op": "set", "side": "bid", "price": 0.98, "size": 647.0}, {"op": "set", "side": "bid", "price": 0.79, "size": 3657.0}, {"op": "set", "side": "bid", "price": 0.77, "size": 269.0}]}
{"t": 1776976902.095287, "events": [{"op": "set", "side": "bid", "price": 0.98, "size": 646.0}]}
{"t": 1776976907.188873, "events": [{"op": "set", "side": "bid", "price": 0.98, "size": 645.0}]}
{"t": 1776976911.240003, "events": [{"op": "set", "side": "bid", "price": 0.79, "size": 3656.0}]}
{"t": 1776977027.54447, "events": [{"op": "set", "side": "bid", "price": 0.98, "size": 208.0}, {"op": "set", "side": "bid", "price": 0.79, "size": 3365.0}, {"op": "set", "side": "bid", "price": 0.77, "size": 123.0}]}
{"t": 1776977031.587998, "events": [{"op": "set", "side": "bid", "price": 0.98, "size": 669.0}, {"op": "set", "side": "bid", "price": 0.79, "size": 3672.0}, {"op": "set", "side": "bid", "price": 0.77, "size": 277.0}]}
{"t": 1776977036.641244, "events": [{"op": "set", "side": "bid", "price": 0.98, "size": 657.0}, {"op": "set", "side": "bid", "price": 0.79, "size": 3664.0}, {"op": "set", "side": "bid", "price": 0.77, "size": 273.0}]}
{"t": 1776977052.744798, "events": [{"op": "set", "side": "bid", "price": 0.98, "size": 651.0}, {"op": "set", "side": "bid", "price": 0.79, "size": 3660.0}, {"op": "set", "side": "bid", "price": 0.77, "size": 271.0}]}
{"t": 1776977057.7837021, "events": [{"op": "set", "side": "bid", "price": 0.98, "size": 648.0}, {"op": "set", "side": "bid", "price": 0.79, "size": 3658.0}, {"op": "set", "side": "bid", "price": 0.77, "size": 270.0}]}
{"t": 1776977076.963868, "events": [{"op": "set", "side": "bid", "price": 0.98, "size": 647.0}, {"op": "set", "side": "bid", "price": 0.79, "size": 3657.0}, {"op": "set", "side": "bid", "price": 0.77, "size": 269.0}]}
{"t": 1776977088.161928, "events": [{"op": "set", "side": "bid", "price": 0.98, "size": 646.0}]}
{"t": 1776977094.2532868, "events": [{"op": "set", "side": "bid", "price": 0.98, "size": 645.0}]}
{"t": 1776977110.4252942, "events": [{"op": "set", "side": "bid", "price": 0.79, "size": 3656.0}]}
{"t": 1776977130.577865, "events": [{"op": "set", "side": "bid", "price": 0.98, "size": 208.0}, {"op": "set", "side": "bid", "price": 0.79, "size": 3365.0}, {"op": "set", "side": "bid", "price": 0.77, "size": 123.0}]}
{"t":1776978858.741338,"e":[[1,0,0.98,708.0],[1,0,0.79,3615.0]]}
{"t":1776978869.856717,"e":[[1,0,0.98,208.0],[1,0,0.79,3365.0]]}
{"t":1776978873.903151,"e":[[1,0,0.98,708.0],[1,0,0.79,3615.0]]}
{"t":1776978909.223537,"e":[[1,0,0.98,208.0],[1,0,0.79,3365.0]]}
{"t":1776978915.3441558,"e":[[1,0,0.98,708.0],[1,0,0.79,3615.0]]}
{"t":1776978979.146398,"e":[[1,0,0.98,208.0],[1,0,0.79,3365.0]]}
{"t":1776978982.174557,"e":[[1,0,0.98,708.0],[1,0,0.79,3615.0]]}
{"t":1776979006.375099,"e":[[1,0,0.98,208.0],[1,0,0.79,3365.0]]}
{"t":1776979009.408774,"e":[[1,0,0.98,708.0],[1,0,0.79,3615.0]]}
{"t":1776979021.503144,"e":[[1,0,0.98,208.0],[1,0,0.79,3365.0]]}
{"t":1776979024.5338361,"e":[[1,0,0.98,708.0],[1,0,0.79,3615.0]]}
{"t":1776979081.134896,"e":[[1,0,0.98,208.0],[1,0,0.79,3365.0]]}
{"t":1776979085.186368,"e":[[1,0,0.98,708.0],[1,0,0.79,3615.0]]}
{"t":1776979102.3232388,"e":[[1,0,0.98,208.0],[1,0,0.79,3365.0]]}
{"t":1776979107.379297,"e":[[1,0,0.98,708.0],[1,0,0.79,3615.0]]}
{"t":1776979111.404879,"e":[[1,0,0.98,208.0],[1,0,0.79,3365.0]]}
{"t":1776979113.428629,"e":[[1,0,0.98,708.0],[1,0,0.79,3615.0]]}
{"t":1776979130.556236,"e":[[1,0,0.98,208.0],[1,0,0.79,3365.0]]}
{"t":1776979133.575329,"e":[[1,0,0.98,708.0],[1,0,0.79,3615.0]]}
{"t":1776979135.5978959,"e":[[1,0,0.98,208.0],[1,0,0.79,3365.0]]}
{"t":1776979138.624363,"e":[[1,0,0.98,708.0],[1,0,0.79,3615.0]]}
{"t":1776979162.765724,"e":[[1,0,0.98,208.0],[1,0,0.79,3365.0]]}
{"t":1776979165.8170938,"e":[[1,0,0.98,708.0],[1,0,0.79,3615.0]]}
{"t":1776979208.261129,"e":[[1,0,0.98,208.0],[1,0,0.79,3365.0]]}
{"t":1776979210.3045912,"e":[[1,0,0.98,708.0],[1,0,0.79,3615.0]]}
{"t":1776979250.753281,"e":[[1,0,0.98,208.0],[1,0,0.79,3365.0]]}
{"t":1776979252.8169029,"e":[[1,0,0.98,958.0]]}
{"t":1776979286.150522,"e":[[1,0,0.98,208.0]]}
{"t":1776979289.188255,"e":[[1,0,0.98,708.0],[1,0,0.79,3615.0]]}
{"t":1776979322.47595,"e":[[1,0,0.98,208.0],[1,0,0.79,3365.0]]}
{"t":1776979327.535894,"e":[[1,0,0.98,708.0],[1,0,0.79,3615.0]]}
{"t":1776979357.799739,"e":[[1,0,0.98,208.0],[1,0,0.79,3365.0]]}
{"t":1776979358.815964,"e":[[1,0,0.98,708.0],[1,0,0.79,3615.0]]}
{"t":1776979373.992595,"e":[[1,0,0.98,208.0],[1,0,0.79,3365.0]]}
{"t":1776979377.03843,"e":[[1,0,0.98,708.0],[1,0,0.79,3615.0]]}
{"t":1776979393.279681,"e":[[1,0,0.98,208.0],[1,0,0.79,3365.0]]}
{"t":1776979396.311556,"e":[[1,0,0.98,708.0],[1,0,0.79,3615.0]]}
{"t":1776979404.426751,"e":[[1,0,0.98,208.0],[1,0,0.79,3365.0]]}
{"t":1776979408.486134,"e":[[1,0,0.98,708.0],[1,0,0.79,3615.0]]}
{"t":1776979421.670975,"e":[[1,0,0.98,208.0],[1,0,0.79,3365.0]]}
{"t":1776979425.853899,"e":[[1,0,0.98,708.0],[1,0,0.79,3615.0]]}
{"t":1776979440.0022578,"e":[[1,0,0.98,208.0],[1,0,0.79,3365.0]]}
{"t":1776979443.037045,"e":[[1,0,0.98,708.0],[1,0,0.79,3615.0]]}
{"t":1776979499.5889611,"e":[[1,0,0.98,208.0],[1,0,0.79,3365.0]]}
{"t":1776979502.631507,"e":[[1,0,0.98,708.0],[1,0,0.79,3615.0]]}
{"t":1776979636.021319,"e":[[1,0,0.98,208.0],[1,0,0.79,3365.0]]}
{"t":1776979638.0686421,"e":[[1,0,0.98,708.0],[1,0,0.79,3615.0]]}
{"t":1776979641.110275,"e":[[1,0,0.98,208.0],[1,0,0.79,3365.0]]}
{"t":1776979645.163307,"e":[[1,0,0.98,708.0],[1,0,0.79,3615.0]]}
{"t":1776979673.505915,"e":[[1,0,0.98,208.0],[1,0,0.79,3365.0]]}
{"t":1776979677.5577102,"e":[[1,0,0.98,708.0],[1,0,0.79,3615.0]]}
{"t":1776979714.936487,"e":[[1,0,0.98,208.0],[1,0,0.79,3365.0]]}
{"t":1776979718.986039,"e":[[1,0,0.98,708.0],[1,0,0.79,3615.0]]}
{"t":1776979736.216362,"e":[[1,0,0.98,208.0],[1,0,0.79,3365.0]]}
{"t":1776979738.25713,"e":[[1,0,0.98,708.0],[1,0,0.79,3615.0]]}
{"t":1776979820.0560918,"e":[[1,0,0.98,208.0],[1,0,0.79,3365.0]]}
{"t":1776979826.137264,"e":[[1,0,0.98,708.0],[1,0,0.79,3615.0]]}
{"t":1776979832.244597,"e":[[1,0,0.98,208.0],[1,0,0.79,3365.0]]}
{"t":1776979835.291805,"e":[[1,0,0.98,708.0],[1,0,0.79,3615.0]]}
{"t":1776979866.614618,"e":[[1,0,0.98,208.0],[1,0,0.79,3365.0]]}
{"t":1776979869.640723,"e":[[1,0,0.98,708.0],[1,0,0.79,3615.0]]}
{"t":1776979948.596159,"e":[[1,0,0.98,208.0],[1,0,0.79,3365.0]]}
{"t":1776979951.6405408,"e":[[1,0,0.98,708.0],[1,0,0.79,3615.0]]}
{"t":1776980002.208147,"e":[[1,0,0.98,208.0],[1,0,0.79,3365.0]]}
{"t":1776980006.266819,"e":[[1,0,0.98,708.0],[1,0,0.79,3615.0]]}
{"t":1776980031.561755,"e":[[1,0,0.98,208.0],[1,0,0.79,3365.0]]}
{"t":1776980034.6140401,"e":[[1,0,0.98,708.0],[1,0,0.79,3615.0]]}
{"t":1776980216.500921,"e":[[1,0,0.98,208.0],[1,0,0.79,3365.0]]}
{"t":1776980220.563881,"e":[[1,0,0.98,708.0],[1,0,0.79,3615.0]]}
{"t":1776980339.870958,"e":[[1,0,0.98,208.0],[1,0,0.79,3365.0]]}
{"t":1776980346.9657018,"e":[[1,0,0.98,708.0],[1,0,0.79,3615.0]]}
{"t":1776980359.084876,"e":[[1,0,0.98,208.0],[1,0,0.79,3365.0]]}
{"t":1776980362.116677,"e":[[1,0,0.98,708.0],[1,0,0.79,3615.0]]}
{"t":1776980428.823528,"e":[[1,0,0.98,208.0],[1,0,0.79,3365.0]]}
{"t":1776980431.865155,"e":[[1,0,0.98,708.0],[1,0,0.79,3615.0]]}
{"t":1776980438.9541829,"e":[[1,0,0.98,208.0],[1,0,0.79,3365.0]]}
{"t":1776980441.991785,"e":[[1,0,0.98,708.0],[1,0,0.79,3615.0]]}
{"t":1776980488.560389,"e":[[1,0,0.98,208.0],[1,0,0.79,3365.0]]}
{"t":1776980490.596148,"e":[[1,0,0.98,708.0],[1,0,0.79,3615.0]]}
{"t":1776980524.08113,"e":[[1,0,0.98,958.0],[1,0,0.79,3365.0]]}
{"t":1776980562.5381172,"e":[[1,0,0.98,208.0]]}
{"t":1776980566.604689,"e":[[1,0,0.98,708.0],[1,0,0.79,3615.0]]}
{"t":1776980577.735656,"e":[[1,0,0.98,208.0],[1,0,0.79,3365.0]]}
{"t":1776980578.763276,"e":[[1,0,0.98,708.0],[1,0,0.79,3615.0]]}
{"t":1776980589.9223082,"e":[[1,0,0.98,208.0],[1,0,0.79,3365.0]]}
{"t":1776980591.962518,"e":[[1,0,0.98,708.0],[1,0,0.79,3615.0]]}
{"t":1776980758.610584,"e":[[1,0,0.98,208.0],[1,0,0.79,3365.0]]}
{"t":1776980762.6692328,"e":[[1,0,0.98,708.0],[1,0,0.79,3615.0]]}
{"t":1776980842.4296498,"e":[[1,0,0.98,208.0],[1,0,0.79,3365.0]]}
{"t":1776980845.4702349,"e":[[1,0,0.98,708.0],[1,0,0.79,3615.0]]}
{"t":1776980929.387115,"e":[[1,0,0.98,208.0],[1,0,0.79,3365.0]]}
{"t":1776980932.421974,"e":[[1,0,0.98,708.0],[1,0,0.79,3615.0]]}
{"t":1776980942.557023,"e":[[1,0,0.98,208.0],[1,0,0.79,3365.0]]}
{"t":1776980946.62488,"e":[[1,0,0.98,708.0],[1,0,0.79,3615.0]]}
{"t":1776980957.745952,"e":[[1,0,0.98,208.0],[1,0,0.79,3365.0]]}
{"t":1776980960.798671,"e":[[1,0,0.98,708.0],[1,0,0.79,3615.0]]}
{"t":1776980976.982363,"e":[[1,0,0.98,208.0],[1,0,0.79,3365.0]]}
{"t":1776980980.029228,"e":[[1,0,0.98,708.0],[1,0,0.79,3615.0]]}
{"t":1776980995.2883961,"e":[[1,0,0.98,208.0],[1,0,0.79,3365.0]]}
{"t":1776980999.340385,"e":[[1,0,0.98,708.0],[1,0,0.79,3615.0]]}
{"t":1776981008.444097,"e":[[1,0,0.98,208.0],[1,0,0.79,3365.0]]}
{"t":1776981012.4987168,"e":[[1,0,0.98,708.0],[1,0,0.79,3615.0]]}
{"t":1776981018.585931,"e":[[1,0,0.98,208.0],[1,0,0.79,3365.0]]}
{"t":1776981021.6490638,"e":[[1,0,0.98,708.0],[1,0,0.79,3615.0]]}
{"t":1776981039.859245,"e":[[1,0,0.98,208.0],[1,0,0.79,3365.0]]}
{"t":1776981043.911885,"e":[[1,0,0.98,708.0],[1,0,0.79,3615.0]]}
{"t":1776981072.162536,"e":[[1,0,0.98,208.0],[1,0,0.79,3365.0]]}
{"t":1776981075.2181,"e":[[1,0,0.98,708.0],[1,0,0.79,3615.0]]}
{"t":1776981087.326062,"e":[[1,0,0.98,208.0],[1,0,0.79,3365.0]]}
{"t":1776981089.372341,"e":[[1,0,0.98,708.0],[1,0,0.79,3615.0]]}
{"t":1776981100.51648,"e":[[1,0,0.98,208.0],[1,0,0.79,3365.0]]}
{"t":1776981102.5422,"e":[[1,0,0.98,708.0],[1,0,0.79,3615.0]]}
{"t":1776981193.665442,"e":[[1,0,0.98,208.0],[1,0,0.79,3365.0]]}
{"t":1776981196.725966,"e":[[1,0,0.98,708.0],[1,0,0.79,3615.0]]}
{"t":1776981206.826984,"e":[[1,0,0.98,208.0],[1,0,0.79,3365.0]]}
{"t":1776981209.856044,"e":[[1,0,0.98,708.0],[1,0,0.79,3615.0]]}
{"t":1776981249.287044,"e":[[1,0,0.98,208.0],[1,0,0.79,3365.0]]}
{"t":1776981252.324728,"e":[[1,0,0.98,708.0],[1,0,0.79,3615.0]]}
{"t":1776981263.4313338,"e":[[1,0,0.98,208.0],[1,0,0.79,3365.0]]}
{"t":1776981265.4678552,"e":[[1,0,0.98,708.0],[1,0,0.79,3615.0]]}
{"t":1776981297.8282409,"e":[[1,0,0.98,208.0],[1,0,0.79,3365.0]]}
{"t":1776981309.9810922,"e":[[0,0,0.79],[1,0,0.78,3289.0]]}
{"t":1776983273.533773,"e":[[1,0,0.01,50000.0]]}
{"t":1776985561.1312761,"e":[[1,0,0.99,5388.8099999999995]]}
{"t":1776986085.884392,"e":[[0,0,0.78],[1,0,0.79,3064.0]]}
{"t":1776986313.663645,"e":[[1,0,0.98,458.0]]}
{"t":1776986363.351876,"e":[[1,0,0.98,208.0]]}
{"t":1776986364.384167,"e":[[1,0,0.98,458.0]]}
{"t":1776986383.65274,"e":[[1,0,0.98,208.0]]}
{"t":1776986384.680605,"e":[[1,0,0.98,458.0]]}
{"t":1776986397.8622699,"e":[[1,0,0.98,208.0]]}
{"t":1776986401.9132118,"e":[[1,0,0.98,458.0]]}
{"t":1776986419.158252,"e":[[1,0,0.98,208.0]]}
{"t":1776986421.196193,"e":[[1,0,0.98,458.0]]}
{"t":1776986437.380849,"e":[[1,0,0.98,208.0]]}
{"t":1776986439.423061,"e":[[1,0,0.98,458.0]]}
{"t":1776986469.807368,"e":[[1,0,0.98,208.0]]}
{"t":1776986472.854091,"e":[[1,0,0.98,458.0]]}
{"t":1776986494.109504,"e":[[1,0,0.98,208.0]]}
{"t":1776986496.1457589,"e":[[1,0,0.98,458.0]]}
{"t":1776986534.6683981,"e":[[1,0,0.98,208.0]]}
{"t":1776986537.7171562,"e":[[1,0,0.98,458.0]]}
{"t":1776986573.241257,"e":[[1,0,0.98,208.0]]}
{"t":1776986575.279156,"e":[[1,0,0.98,458.0]]}
{"t":1776986579.318312,"e":[[1,0,0.98,208.0]]}
{"t":1776986581.3651452,"e":[[1,0,0.98,458.0]]}
{"t":1776986659.255121,"e":[[1,0,0.98,208.0]]}
{"t":1776986661.2968,"e":[[1,0,0.98,458.0]]}
{"t":1776986680.548555,"e":[[1,0,0.98,208.0]]}
{"t":1776986683.588853,"e":[[1,0,0.98,458.0]]}
{"t":1776986705.846477,"e":[[1,0,0.98,208.0]]}
{"t":1776986709.9064,"e":[[1,0,0.98,458.0]]}
{"t":1776986729.172899,"e":[[1,0,0.98,208.0]]}
{"t":1776986733.2222269,"e":[[1,0,0.98,458.0]]}
{"t":1776986832.4536839,"e":[[1,0,0.98,208.0]]}
{"t":1776986838.5462232,"e":[[1,0,0.98,458.0]]}
{"t":1776986869.923723,"e":[[1,0,0.98,208.0]]}
{"t":1776986872.010302,"e":[[1,0,0.98,458.0]]}
{"t":1776986886.168145,"e":[[1,0,0.98,208.0]]}
{"t":1776986888.2016718,"e":[[1,0,0.98,458.0]]}
{"t":1776986915.520103,"e":[[1,0,0.98,208.0]]}
{"t":1776986920.597632,"e":[[1,0,0.98,458.0]]}
{"t":1776986942.903061,"e":[[1,0,0.98,208.0]]}
{"t":1776986946.9656582,"e":[[1,0,0.98,458.0]]}
{"t":1776986947.983878,"e":[[1,0,0.98,208.0]]}
{"t":1776986952.033379,"e":[[1,0,0.98,458.0]]}
{"t":1776986964.188865,"e":[[1,0,0.98,208.0]]}
{"t":1776986966.217751,"e":[[1,0,0.98,458.0]]}
{"t":1776986970.258007,"e":[[1,0,0.98,208.0]]}
{"t":1776986971.275799,"e":[[1,0,0.98,458.0]]}
{"t":1776986979.398657,"e":[[1,0,0.98,208.0]]}
{"t":1776986981.42221,"e":[[1,0,0.98,458.0]]}
{"t":1776986996.63327,"e":[[1,0,0.98,208.0]]}
{"t":1776986997.66156,"e":[[1,0,0.98,458.0]]}
{"t":1776987079.743087,"e":[[1,0,0.98,208.0]]}
{"t":1776987080.771084,"e":[[1,0,0.98,458.0]]}
{"t":1776987106.2961988,"e":[[1,0,0.99,5222.8099999999995]]}
{"t":1776987127.571431,"e":[[1,0,0.98,208.0]]}
{"t":1776987128.5982761,"e":[[1,0,0.98,458.0]]}
{"t":1776987131.655811,"e":[[1,0,0.98,208.0]]}
{"t":1776987135.711443,"e":[[1,0,0.98,458.0]]}
{"t":1776987144.8593578,"e":[[1,0,0.98,208.0]]}
{"t":1776987148.931984,"e":[[1,0,0.98,458.0]]}
{"t":1776987208.6758132,"e":[[1,0,0.98,208.0]]}
{"t":1776987212.738463,"e":[[1,0,0.98,458.0]]}
{"t":1776987268.385867,"e":[[1,0,0.98,208.0]]}
{"t":1776987271.432161,"e":[[1,0,0.98,458.0]]}
{"t":1776987307.884866,"e":[[1,0,0.98,208.0]]}
{"t":1776987308.906742,"e":[[1,0,0.98,458.0]]}
{"t":1776987317.0173628,"e":[[1,0,0.98,208.0]]}
{"t":1776987318.03879,"e":[[1,0,0.98,458.0]]}
{"t":1776987362.556312,"e":[[1,0,0.98,208.0]]}
{"t":1776987366.622816,"e":[[1,0,0.98,458.0]]}
{"t":1776987388.8948748,"e":[[1,0,0.98,208.0]]}
{"t":1776987392.957681,"e":[[1,0,0.98,458.0]]}
{"t":1776987480.037149,"e":[[1,0,0.98,208.0]]}
{"t":1776987481.0704799,"e":[[1,0,0.98,458.0]]}
{"t":1776987509.499563,"e":[[1,0,0.98,208.0]]}
{"t":1776987512.555327,"e":[[1,0,0.98,458.0]]}
{"t":1776987531.878761,"e":[[1,0,0.98,208.0]]}
{"t":1776987532.89665,"e":[[1,0,0.98,458.0]]}
{"t":1776987546.0651488,"e":[[1,0,0.98,208.0]]}
{"t":1776987548.090229,"e":[[1,0,0.98,458.0]]}
{"t":1776987565.324453,"e":[[1,0,0.98,208.0]]}
{"t":1776987568.358059,"e":[[1,0,0.98,458.0]]}
{"t":1776987570.385914,"e":[[1,0,0.98,208.0]]}
{"t":1776987571.411482,"e":[[1,0,0.98,458.0]]}
{"t":1776987577.4838452,"e":[[1,0,0.98,208.0]]}
{"t":1776987580.526141,"e":[[1,0,0.98,458.0]]}
{"t":1776987584.5848262,"e":[[1,0,0.99,5722.8099999999995]]}
{"t":1776987586.6072462,"e":[[1,0,0.98,208.0]]}
{"t":1776987587.619329,"e":[[1,0,0.98,458.0]]}
{"t":1776987593.725282,"e":[[1,0,0.98,208.0]]}
{"t":1776987594.758166,"e":[[1,0,0.98,458.0]]}
{"t":1776987620.079356,"e":[[1,0,0.98,208.0]]}
{"t":1776987622.1203682,"e":[[1,0,0.98,458.0]]}
{"t":1776987655.4332852,"e":[[1,0,0.98,208.0]]}
