{"t": 1776975854.366905, "events": [{"op": "set", "side": "bid", "price": 0.78, "size": 26.0}]}
{"t": 1776975868.5054138, "events": [{"op": "delete", "side": "bid", "price": 0.78}]}
{"t": 1776975869.519797, "events": [{"op": "set", "side": "bid", "price": 0.78, "size": 26.0}]}
{"t": 1776975878.59487, "events": [{"op": "set", "side": "bid", "price": 0.76, "size": 7.0}, {"op": "delete", "side": "bid", "price": 0.78}, {"op": "delete", "side": "bid", "price": 0.77}, {"op": "set", "side": "bid", "price": 0.72, "size": 88.0}, {"op": "delete", "side": "bid", "price": 0.53}, {"op": "delete", "side": "bid", "price": 0.03}, {"op": "set", "side": "bid", "price": 0.46, "size": 51.0}, {"op": "set", "side": "bid", "price": 0.81, "size": 23.0}, {"op": "set", "side": "ask", "price": 0.17, "size": 879.0}]}
{"t": 1776975879.608191, "events": [{"op": "set", "side": "ask", "price": 0.16, "size": 34.0}]}
{"t": 1776975881.629726, "events": [{"op": "set", "side": "bid", "price": 0.82, "size": 201.0}, {"op": "set", "side": "bid", "price": 0.81, "size": 24.0}, {"op": "set", "side": "bid", "price": 0.8, "size": 959.54}, {"op": "set", "side": "ask", "price": 0.16, "size": 2034.0}]}
{"t": 1776975883.6573179, "events": [{"op": "set", "side": "bid", "price": 0.81, "size": 1.0}, {"op": "set", "side": "bid", "price": 0.77, "size": 27.0}, {"op": "set", "side": "ask", "price": 0.16, "size": 2000.0}, {"op": "set", "side": "ask", "price": 0.17, "size": 910.0}]}
{"t": 1776975889.700941, "events": [{"op": "set", "side": "bid", "price": 0.82, "size": 200.0}, {"op": "delete", "side": "bid", "price": 0.81}, {"op": "set", "side": "bid", "price": 0.8, "size": 311.53999999999996}, {"op": "set", "side": "bid", "price": 0.77, "size": 681.0}, {"op": "set", "side": "bid", "price": 0.78, "size": 30.0}, {"op": "set", "side": "bid", "price": 0.79, "size": 39.0}, {"op": "delete", "side": "ask", "price": 0.16}, {"op": "set", "side": "ask", "price": 0.17, "size": 2910.0}]}
{"t": 1776975893.74344, "events": [{"op": "set", "side": "bid", "price": 0.8, "size": 334.53999999999996}, {"op": "set", "side": "bid", "price": 0.77, "size": 654.0}]}
{"t": 1776975913.861079, "events": [{"op": "set", "side": "bid", "price": 0.8, "size": 311.53999999999996}, {"op": "delete", "side": "bid", "price": 0.79}, {"op": "set", "side": "bid", "price": 0.78, "size": 26.0}]}
{"t": 1776975914.8911412, "events": [{"op": "set", "side": "bid", "price": 0.76, "size": 340.0}, {"op": "set", "side": "bid", "price": 0.77, "size": 667.0}, {"op": "set", "side": "bid", "price": 0.72, "size": 103.0}]}
{"t": 1776975917.960892, "events": [{"op": "set", "side": "bid", "price": 0.72, "size": 112.0}]}
{"t": 1776975940.061205, "events": [{"op": "set", "side": "bid", "price": 0.76, "size": 7.0}, {"op": "delete", "side": "bid", "price": 0.77}, {"op": "set", "side": "bid", "price": 0.72, "size": 88.0}, {"op": "delete", "side": "bid", "price": 0.46}, {"op": "set", "side": "bid", "price": 0.53, "size": 45.0}, {"op": "set", "side": "ask", "price": 0.17, "size": 879.0}]}
{"t": 1776975941.0863051, "events": [{"op": "delete", "side": "bid", "price": 0.82}, {"op": "delete", "side": "bid", "price": 0.76}, {"op": "set", "side": "bid", "price": 0.46, "size": 13.0}, {"op": "set", "side": "ask", "price": 0.16, "size": 33.0}]}
{"t": 1776975942.095907, "events": [{"op": "set", "side": "bid", "price": 0.8, "size": 978.54}, {"op": "set", "side": "bid", "price": 0.78, "size": 370.0}, {"op": "set", "side": "bid", "price": 0.81, "size": 1200.0}, {"op": "set", "side": "ask", "price": 0.17, "size": 1879.0}]}
{"t": 1776975943.110956, "events": [{"op": "set", "side": "bid", "price": 0.78, "size": 344.0}, {"op": "delete", "side": "ask", "price": 0.16}]}
{"t": 1776975944.1347961, "events": [{"op": "set", "side": "bid", "price": 0.81, "size": 1223.0}, {"op": "set", "side": "ask", "price": 0.16, "size": 35.0}]}
{"t": 1776975945.176098, "events": [{"op": "set", "side": "bid", "price": 0.8, "size": 311.53999999999996}, {"op": "set", "side": "bid", "price": 0.78, "size": 11.0}, {"op": "set", "side": "ask", "price": 0.17, "size": 879.0}]}
{"t": 1776975946.19179, "events": [{"op": "set", "side": "bid", "price": 0.81, "size": 890.0}]}
{"t": 1776975948.2322109, "events": [{"op": "set", "side": "bid", "price": 0.81, "size": 867.0}, {"op": "set", "side": "bid", "price": 0.82, "size": 333.0}, {"op": "set", "side": "ask", "price": 0.13, "size": 112.0}, {"op": "delete", "side": "ask", "price": 0.16}, {"op": "set", "side": "ask", "price": 0.14, "size": 1000.0}]}
{"t": 1776975949.255933, "events": [{"op": "set", "side": "bid", "price": 0.82, "size": 1000.0}, {"op": "set", "side": "bid", "price": 0.81, "size": 891.0}, {"op": "set", "side": "ask", "price": 0.16, "size": 31.0}]}
{"t": 1776975951.2976189, "events": [{"op": "delete", "side": "bid", "price": 0.82}, {"op": "set", "side": "bid", "price": 0.81, "size": 224.0}, {"op": "set", "side": "ask", "price": 0.13, "size": 47.0}, {"op": "delete", "side": "ask", "price": 0.14}]}
{"t": 1776975953.32274, "events": [{"op": "set", "side": "ask", "price": 0.16, "size": 34.0}]}
{"t": 1776975954.332581, "events": [{"op": "set", "side": "bid", "price": 0.81, "size": 867.0}, {"op": "set", "side": "bid", "price": 0.78, "size": 344.0}, {"op": "set", "side": "bid", "price": 0.82, "size": 1022.0}, {"op": "set", "side": "ask", "price": 0.16, "size": 2034.0}]}
{"t": 1776975959.372451, "events": [{"op": "set", "side": "bid", "price": 0.82, "size": 1689.0}, {"op": "set", "side": "bid", "price": 0.81, "size": 200.0}, {"op": "set", "side": "bid", "price": 0.78, "size": 11.0}, {"op": "set", "side": "ask", "price": 0.13, "size": 108.0}, {"op": "set", "side": "ask", "price": 0.16, "size": 30.0}, {"op": "set", "side": "ask", "price": 0.14, "size": 1000.0}]}
{"t": 1776975960.382571, "events": [{"op": "delete", "side": "bid", "price": 0.81}]}
{"t": 1776975961.3887491, "events": [{"op": "set", "side": "bid", "price": 0.82, "size": 1889.0}]}
{"t": 1776975963.398977, "events": [{"op": "delete", "side": "ask", "price": 0.16}]}
{"t": 1776975964.407889, "events": [{"op": "set", "side": "ask", "price": 0.15, "size": 95.0}]}
{"t": 1776975968.4348412, "events": [{"op": "set", "side": "ask", "price": 0.15, "size": 94.0}]}
{"t": 1776975971.450849, "events": [{"op": "set", "side": "bid", "price": 0.82, "size": 1222.0}, {"op": "set", "side": "ask", "price": 0.13, "size": 47.0}, {"op": "delete", "side": "ask", "price": 0.14}]}
{"t": 1776975973.468818, "events": [{"op": "set", "side": "bid", "price": 0.78, "size": 344.0}, {"op": "set", "side": "bid", "price": 0.81, "size": 667.0}, {"op": "set", "side": "ask", "price": 0.15, "size": 2060.0}]}
{"t": 1776975974.486274, "events": [{"op": "set", "side": "ask", "price": 0.16, "size": 30.0}]}
{"t": 1776975977.5051599, "events": [{"op": "set", "side": "bid", "price": 0.82, "size": 889.0}, {"op": "delete", "side": "bid", "price": 0.81}, {"op": "set", "side": "bid", "price": 0.78, "size": 11.0}, {"op": "delete", "side": "bid", "price": 0.53}, {"op": "set", "side": "bid", "price": 0.03, "size": 45.0}, {"op": "set", "side": "ask", "price": 0.15, "size": 60.0}]}
{"t": 1776975978.524107, "events": [{"op": "set", "side": "bid", "price": 0.82, "size": 1867.0}, {"op": "set", "side": "ask", "price": 0.13, "size": 108.0}, {"op": "delete", "side": "ask", "price": 0.16}, {"op": "set", "side": "ask", "price": 0.14, "size": 1000.0}]}
{"t": 1776975979.530004, "events": [{"op": "set", "side": "bid", "price": 0.81, "size": 25.0}, {"op": "set", "side": "ask", "price": 0.16, "size": 30.0}]}
{"t": 1776975989.593303, "events": [{"op": "set", "side": "bid", "price": 0.82, "size": 867.0}, {"op": "set", "side": "ask", "price": 0.13, "size": 47.0}, {"op": "delete", "side": "ask", "price": 0.14}, {"op": "set", "side": "ask", "price": 0.17, "size": 1879.0}]}
{"t": 1776975990.615396, "events": [{"op": "set", "side": "bid", "price": 0.82, "size": 1200.0}]}
{"t": 1776975991.6244469, "events": [{"op": "set", "side": "bid", "price": 0.82, "size": 1867.0}]}
{"t": 1776975993.639185, "events": [{"op": "delete", "side": "bid", "price": 0.81}, {"op": "delete", "side": "ask", "price": 0.16}]}
{"t": 1776975994.652439, "events": [{"op": "set", "side": "bid", "price": 0.81, "size": 24.0}, {"op": "set", "side": "ask", "price": 0.16, "size": 31.0}]}
{"t": 1776976001.71038, "events": [{"op": "delete", "side": "bid", "price": 0.78}]}
{"t": 1776976002.718677, "events": [{"op": "set", "side": "bid", "price": 0.8, "size": 323.53999999999996}, {"op": "delete", "side": "bid", "price": 0.03}, {"op": "set", "side": "bid", "price": 0.53, "size": 39.0}, {"op": "set", "side": "ask", "price": 0.13, "size": 108.0}, {"op": "set", "side": "ask", "price": 0.17, "size": 879.0}, {"op": "set", "side": "ask", "price": 0.14, "size": 1000.0}]}
{"t": 1776976003.738184, "events": [{"op": "set", "side": "bid", "price": 0.81, "size": 25.0}, {"op": "set", "side": "ask", "price": 0.15, "size": 94.0}, {"op": "delete", "side": "ask", "price": 0.16}]}
{"t": 1776976005.821455, "events": [{"op": "set", "side": "bid", "price": 0.82, "size": 201.0}, {"op": "set", "side": "bid", "price": 0.81, "size": 26.0}, {"op": "set", "side": "bid", "price": 0.8, "size": 973.54}, {"op": "set", "side": "ask", "price": 0.13, "size": 47.0}, {"op": "delete", "side": "ask", "price": 0.14}, {"op": "set", "side": "ask", "price": 0.15, "size": 2094.0}]}
{"t": 1776976008.8495371, "events": [{"op": "set", "side": "bid", "price": 0.81, "size": 23.0}, {"op": "set", "side": "ask", "price": 0.15, "size": 2060.0}, {"op": "set", "side": "ask", "price": 0.16, "size": 35.0}]}
{"t": 1776976011.8745532, "events": [{"op": "set", "side": "ask", "price": 0.15, "size": 60.0}]}
{"t": 1776976013.8963861, "events": [{"op": "set", "side": "bid", "price": 0.8, "size": 974.54}, {"op": "set", "side": "ask", "price": 0.16, "size": 2000.0}, {"op": "set", "side": "ask", "price": 0.17, "size": 909.0}]}
{"t": 1776976018.944151, "events": [{"op": "set", "side": "bid", "price": 0.81, "size": 1.0}, {"op": "set", "side": "bid", "price": 0.73, "size": 29.0}]}
{"t": 1776976021.967751, "events": [{"op": "set", "side": "bid", "price": 0.82, "size": 200.0}, {"op": "delete", "side": "bid", "price": 0.81}, {"op": "set", "side": "bid", "price": 0.8, "size": 323.53999999999996}, {"op": "set", "side": "bid", "price": 0.73, "size": 362.0}, {"op": "set", "side": "bid", "price": 0.72, "size": 103.0}, {"op": "set", "side": "bid", "price": 0.74, "size": 667.0}, {"op": "set", "side": "ask", "price": 0.16, "size": 33.0}, {"op": "set", "side": "ask", "price": 0.17, "size": 2879.0}]}
{"t": 1776976023.989538, "events": [{"op": "set", "side": "bid", "price": 0.73, "size": 333.0}, {"op": "set", "side": "bid", "price": 0.75, "size": 28.0}, {"op": "set", "side": "ask", "price": 0.16, "size": 36.0}]}
{"t": 1776976028.033005, "events": [{"op": "delete", "side": "bid", "price": 0.75}, {"op": "delete", "side": "ask", "price": 0.16}]}
{"t": 1776976029.046649, "events": [{"op": "set", "side": "bid", "price": 0.75, "size": 28.0}, {"op": "set", "side": "ask", "price": 0.16, "size": 36.0}]}
{"t": 1776976030.0649989, "events": [{"op": "delete", "side": "bid", "price": 0.74}, {"op": "delete", "side": "bid", "price": 0.73}, {"op": "set", "side": "bid", "price": 0.72, "size": 88.0}, {"op": "set", "side": "ask", "price": 0.17, "size": 879.0}]}
{"t": 1776976031.0763671, "events": [{"op": "set", "side": "bid", "price": 0.82, "size": 1200.0}, {"op": "set", "side": "bid", "price": 0.75, "size": 361.0}, {"op": "set", "side": "bid", "price": 0.81, "size": 667.0}, {"op": "set", "side": "ask", "price": 0.16, "size": 2036.0}]}
{"t": 1776976033.0979562, "events": [{"op": "set", "side": "bid", "price": 0.75, "size": 333.0}, {"op": "set", "side": "ask", "price": 0.16, "size": 2000.0}]}
{"t": 1776976034.1065989, "events": [{"op": "set", "side": "bid", "price": 0.81, "size": 691.0}, {"op": "set", "side": "ask", "price": 0.16, "size": 2031.0}]}
{"t": 1776976038.1259038, "events": [{"op": "set", "side": "bid", "price": 0.81, "size": 667.0}, {"op": "set", "side": "ask", "price": 0.16, "size": 2000.0}]}
{"t": 1776976039.130999, "events": [{"op": "set", "side": "bid", "price": 0.81, "size": 691.0}, {"op": "delete", "side": "bid", "price": 0.75}, {"op": "set", "side": "ask", "price": 0.16, "size": 32.0}]}
{"t": 1776976040.136569, "events": [{"op": "set", "side": "bid", "price": 0.72, "size": 421.0}, {"op": "set", "side": "ask", "price": 0.15, "size": 2060.0}]}
{"t": 1776976041.146323, "events": [{"op": "set", "side": "bid", "price": 0.81, "size": 24.0}, {"op": "set", "side": "bid", "price": 0.72, "size": 88.0}, {"op": "set", "side": "ask", "price": 0.15, "size": 60.0}]}
{"t": 1776976042.1519518, "events": [{"op": "set", "side": "bid", "price": 0.82, "size": 1867.0}, {"op": "set", "side": "ask", "price": 0.13, "size": 108.0}, {"op": "set", "side": "ask", "price": 0.14, "size": 1000.0}]}
{"t": 1776976043.1629992, "events": [{"op": "delete", "side": "bid", "price": 0.81}, {"op": "delete", "side": "ask", "price": 0.16}]}
{"t": 1776976044.185159, "events": [{"op": "set", "side": "bid", "price": 0.82, "size": 200.0}, {"op": "set", "side": "bid", "price": 0.81, "size": 25.0}, {"op": "set", "side": "ask", "price": 0.13, "size": 47.0}, {"op": "delete", "side": "ask", "price": 0.14}, {"op": "set", "side": "ask", "price": 0.16, "size": 30.0}]}
{"t": 1776976047.209746, "events": [{"op": "set", "side": "bid", "price": 0.82, "size": 201.0}, {"op": "set", "side": "bid", "price": 0.81, "size": 26.0}, {"op": "set", "side": "bid", "price": 0.8, "size": 974.54}, {"op": "set", "side": "ask", "price": 0.16, "size": 2030.0}]}
{"t": 1776976048.218187, "events": [{"op": "set", "side": "bid", "price": 0.81, "size": 1.0}, {"op": "set", "side": "ask", "price": 0.16, "size": 2000.0}]}
{"t": 1776976049.2295182, "events": [{"op": "set", "side": "bid", "price": 0.82, "size": 200.0}, {"op": "set", "side": "bid", "price": 0.81, "size": 22.0}, {"op": "set", "side": "bid", "price": 0.8, "size": 323.53999999999996}, {"op": "delete", "side": "ask", "price": 0.16}, {"op": "set", "side": "ask", "price": 0.17, "size": 910.0}]}
{"t": 1776976050.238752, "events": [{"op": "set", "side": "bid", "price": 0.72, "size": 103.0}, {"op": "set", "side": "bid", "price": 0.61, "size": 325.0}, {"op": "set", "side": "bid", "price": 0.73, "size": 667.0}, {"op": "set", "side": "ask", "price": 0.17, "size": 2910.0}]}
{"t": 1776976053.276522, "events": [{"op": "delete", "side": "bid", "price": 0.81}]}
{"t": 1776976054.2832232, "events": [{"op": "set", "side": "bid", "price": 0.74, "size": 29.0}]}
{"t": 1776976058.306615, "events": [{"op": "delete", "side": "bid", "price": 0.74}, {"op": "set", "side": "bid", "price": 0.72, "size": 88.0}, {"op": "delete", "side": "bid", "price": 0.73}, {"op": "delete", "side": "bid", "price": 0.61}, {"op": "set", "side": "bid", "price": 0.81, "size": 23.0}, {"op": "set", "side": "ask", "price": 0.17, "size": 879.0}]}
{"t": 1776976059.3257349, "events": [{"op": "set", "side": "ask", "price": 0.16, "size": 33.0}]}
{"t": 1776976061.337662, "events": [{"op": "set", "side": "bid", "price": 0.82, "size": 201.0}, {"op": "set", "side": "bid", "price": 0.81, "size": 24.0}, {"op": "set", "side": "bid", "price": 0.8, "size": 974.54}, {"op": "set", "side": "ask", "price": 0.16, "size": 2033.0}]}
{"t": 1776976063.365494, "events": [{"op": "set", "side": "bid", "price": 0.81, "size": 1.0}, {"op": "set", "side": "ask", "price": 0.16, "size": 2000.0}]}
{"t": 1776976064.375992, "events": [{"op": "set", "side": "bid", "price": 0.81, "size": 24.0}, {"op": "set", "side": "ask", "price": 0.16, "size": 2034.0}]}
{"t": 1776976068.419334, "events": [{"op": "set", "side": "bid", "price": 0.81, "size": 1.0}, {"op": "set", "side": "ask", "price": 0.16, "size": 2000.0}]}
{"t": 1776976069.436353, "events": [{"op": "set", "side": "bid", "price": 0.81, "size": 24.0}, {"op": "set", "side": "ask", "price": 0.16, "size": 2035.0}]}
{"t": 1776976075.471221, "events": [{"op": "set", "side": "bid", "price": 0.8, "size": 975.54}]}
{"t": 1776976078.494921, "events": [{"op": "set", "side": "bid", "price": 0.81, "size": 1.0}, {"op": "set", "side": "bid", "price": 0.73, "size": 29.0}, {"op": "set", "side": "ask", "price": 0.16, "size": 2000.0}, {"op": "set", "side": "ask", "price": 0.17, "size": 910.0}]}
{"t": 1776976083.531923, "events": [{"op": "delete", "side": "bid", "price": 0.73}]}
{"t": 1776976084.54107, "events": [{"op": "set", "side": "bid", "price": 0.73, "size": 29.0}]}
{"t": 1776976085.548361, "events": [{"op": "set", "side": "bid", "price": 0.82, "size": 200.0}, {"op": "delete", "side": "bid", "price": 0.81}, {"op": "set", "side": "bid", "price": 0.8, "size": 323.53999999999996}, {"op": "set", "side": "ask", "price": 0.16, "size": 34.0}, {"op": "set", "side": "ask", "price": 0.17, "size": 879.0}]}
{"t": 1776976088.582797, "events": [{"op": "set", "side": "bid", "price": 0.82, "size": 1223.0}, {"op": "set", "side": "bid", "price": 0.73, "size": 333.0}, {"op": "set", "side": "bid", "price": 0.81, "size": 667.0}, {"op": "set", "side": "ask", "price": 0.16, "size": 2029.0}]}
{"t": 1776976091.599458, "events": [{"op": "delete", "side": "bid", "price": 0.81}, {"op": "delete", "side": "bid", "price": 0.73}, {"op": "set", "side": "ask", "price": 0.16, "size": 29.0}]}
{"t": 1776976092.6074328, "events": [{"op": "set", "side": "bid", "price": 0.82, "size": 890.0}, {"op": "set", "side": "ask", "price": 0.13, "size": 108.0}, {"op": "set", "side": "ask", "price": 0.14, "size": 1000.0}]}
{"t": 1776976093.6152132, "events": [{"op": "set", "side": "bid", "price": 0.82, "size": 1890.0}, {"op": "set", "side": "ask", "price": 0.15, "size": 95.0}, {"op": "delete", "side": "ask", "price": 0.16}]}
{"t": 1776976095.6349592, "events": [{"op": "set", "side": "bid", "price": 0.82, "size": 1223.0}, {"op": "set", "side": "ask", "price": 0.13, "size": 47.0}, {"op": "delete", "side": "ask", "price": 0.14}]}
{"t": 1776976097.657048, "events": [{"op": "set", "side": "bid", "price": 0.72, "size": 421.0}, {"op": "set", "side": "bid", "price": 0.81, "size": 667.0}, {"op": "set", "side": "ask", "price": 0.15, "size": 2095.0}]}
{"t": 1776976098.6700659, "events": [{"op": "set", "side": "bid", "price": 0.82, "size": 1200.0}, {"op": "set", "side": "bid", "price": 0.81, "size": 691.0}, {"op": "set", "side": "ask", "price": 0.15, "size": 2060.0}, {"op": "set", "side": "ask", "price": 0.16, "size": 33.0}]}
{"t": 1776976099.67869, "events": [{"op": "set", "side": "bid", "price": 0.82, "size": 867.0}, {"op": "set", "side": "bid", "price": 0.81, "size": 24.0}, {"op": "set", "side": "bid", "price": 0.72, "size": 88.0}, {"op": "delete", "side": "bid", "price": 0.53}, {"op": "set", "side": "bid", "price": 0.03, "size": 34.0}, {"op": "set", "side": "ask", "price": 0.15, "size": 60.0}]}
{"t": 1776976100.698726, "events": [{"op": "set", "side": "bid", "price": 0.82, "size": 1867.0}, {"op": "set", "side": "ask", "price": 0.13, "size": 108.0}, {"op": "set", "side": "ask", "price": 0.14, "size": 1000.0}]}
{"t": 1776976103.7164748, "events": [{"op": "set", "side": "ask", "price": 0.16, "size": 30.0}]}
{"t": 1776976113.775799, "events": [{"op": "set", "side": "bid", "price": 0.82, "size": 867.0}, {"op": "set", "side": "ask", "price": 0.13, "size": 47.0}, {"op": "delete", "side": "ask", "price": 0.14}, {"op": "set", "side": "ask", "price": 0.16, "size": 31.0}, {"op": "set", "side": "ask", "price": 0.17, "size": 1879.0}]}
{"t": 1776976114.786037, "events": [{"op": "set", "side": "bid", "price": 0.82, "size": 1867.0}]}
{"t": 1776976115.790102, "events": [{"op": "set", "side": "bid", "price": 0.82, "size": 867.0}]}
{"t": 1776976116.79982, "events": [{"op": "set", "side": "ask", "price": 0.17, "size": 879.0}]}
{"t": 1776976117.808927, "events": [{"op": "set", "side": "bid", "price": 0.82, "size": 1867.0}, {"op": "set", "side": "ask", "price": 0.13, "size": 108.0}, {"op": "set", "side": "ask", "price": 0.14, "size": 1000.0}]}
{"t": 1776976118.820491, "events": [{"op": "delete", "side": "bid", "price": 0.81}, {"op": "delete", "side": "ask", "price": 0.16}]}
{"t": 1776976119.83535, "events": [{"op": "set", "side": "bid", "price": 0.81, "size": 25.0}, {"op": "set", "side": "ask", "price": 0.15, "size": 95.0}]}
{"t": 1776976128.8931751, "events": [{"op": "set", "side": "bid", "price": 0.82, "size": 201.0}, {"op": "set", "side": "bid", "price": 0.81, "size": 24.0}, {"op": "set", "side": "bid", "price": 0.8, "size": 976.54}, {"op": "delete", "side": "bid", "price": 0.03}, {"op": "set", "side": "bid", "price": 0.53, "size": 40.0}, {"op": "set", "side": "ask", "price": 0.13, "size": 47.0}, {"op": "delete", "side": "ask", "price": 0.14}, {"op": "set", "side": "ask", "price": 0.15, "size": 2060.0}, {"op": "set", "side": "ask", "price": 0.16, "size": 34.0}]}
{"t": 1776976130.9047801, "events": [{"op": "set", "side": "ask", "price": 0.15, "size": 60.0}, {"op": "set", "side": "ask", "price": 0.16, "size": 2034.0}]}
{"t": 1776976133.922157, "events": [{"op": "set", "side": "bid", "price": 0.81, "size": 1.0}, {"op": "set", "side": "bid", "price": 0.73, "size": 29.0}, {"op": "set", "side": "ask", "price": 0.16, "size": 2000.0}, {"op": "set", "side": "ask", "price": 0.17, "size": 910.0}]}
{"t": 1776976135.934583, "events": [{"op": "set", "side": "bid", "price": 0.82, "size": 200.0}, {"op": "delete", "side": "bid", "price": 0.81}, {"op": "set", "side": "bid", "price": 0.8, "size": 323.53999999999996}, {"op": "delete", "side": "ask", "price": 0.16}]}
{"t": 1776976137.96097, "events": [{"op": "delete", "side": "bid", "price": 0.73}, {"op": "set", "side": "ask", "price": 0.17, "size": 879.0}]}
{"t": 1776976138.9725718, "events": [{"op": "set", "side": "bid", "price": 0.81, "size": 24.0}, {"op": "set", "side": "ask", "price": 0.16, "size": 32.0}]}
{"t": 1776976139.976351, "events": [{"op": "set", "side": "bid", "price": 0.82, "size": 201.0}, {"op": "set", "side": "bid", "price": 0.81, "size": 25.0}, {"op": "set", "side": "bid", "price": 0.8, "size": 976.54}, {"op": "set", "side": "ask", "price": 0.16, "size": 2032.0}]}
{"t": 1776976143.994279, "events": [{"op": "set", "side": "ask", "price": 0.16, "size": 2033.0}]}
{"t": 1776976152.035327, "events": [{"op": "set", "side": "bid", "price": 0.82, "size": 200.0}, {"op": "set", "side": "bid", "price": 0.81, "size": 24.0}, {"op": "set", "side": "bid", "price": 0.8, "size": 323.53999999999996}, {"op": "set", "side": "ask", "price": 0.16, "size": 33.0}]}
{"t": 1776976153.054967, "events": [{"op": "set", "side": "bid", "price": 0.82, "size": 201.0}, {"op": "set", "side": "bid", "price": 0.81, "size": 25.0}, {"op": "set", "side": "bid", "price": 0.8, "size": 976.54}, {"op": "set", "side": "ask", "price": 0.16, "size": 2033.0}]}
{"t": 1776976154.063997, "events": [{"op": "set", "side": "ask", "price": 0.16, "size": 2032.0}]}
{"t": 1776976159.129062, "events": [{"op": "set", "side": "ask", "price": 0.16, "size": 2033.0}]}
{"t": 1776976163.1601741, "events": [{"op": "set", "side": "bid", "price": 0.81, "size": 1.0}, {"op": "set", "side": "ask", "price": 0.16, "size": 2000.0}]}
{"t": 1776976164.1660988, "events": [{"op": "set", "side": "bid", "price": 0.81, "size": 25.0}, {"op": "set", "side": "ask", "price": 0.16, "size": 2033.0}]}
{"t": 1776976168.185441, "events": [{"op": "set", "side": "bid", "price": 0.81, "size": 1.0}, {"op": "set", "side": "ask", "price": 0.16, "size": 2000.0}]}
{"t": 1776976169.201382, "events": [{"op": "set", "side": "bid", "price": 0.81, "size": 25.0}, {"op": "set", "side": "ask", "price": 0.16, "size": 2033.0}]}
{"t": 1776976170.2072918, "events": [{"op": "set", "side": "ask", "price": 0.17, "size": 874.0}]}
{"t": 1776976173.230133, "events": [{"op": "set", "side": "bid", "price": 0.81, "size": 1.0}, {"op": "set", "side": "bid", "price": 0.8, "size": 1233.54}, {"op": "set", "side": "ask", "price": 0.16, "size": 2000.0}]}
{"t": 1776976174.237823, "events": [{"op": "set", "side": "bid", "price": 0.81, "size": 25.0}, {"op": "set", "side": "ask", "price": 0.16, "size": 2033.0}]}
{"t": 1776976178.273995, "events": [{"op": "set", "side": "bid", "price": 0.81, "size": 1.0}, {"op": "set", "side": "ask", "price": 0.16, "size": 2000.0}]}
{"t": 1776976179.287406, "events": [{"op": "set", "side": "bid", "price": 0.81, "size": 24.0}, {"op": "set", "side": "ask", "price": 0.16, "size": 2034.0}]}
{"t": 1776976183.318472, "events": [{"op": "set", "side": "bid", "price": 0.81, "size": 1.0}, {"op": "set", "side": "ask", "price": 0.16, "size": 2000.0}]}
{"t": 1776976184.330831, "events": [{"op": "set", "side": "bid", "price": 0.81, "size": 24.0}, {"op": "set", "side": "ask", "price": 0.16, "size": 2034.0}]}
{"t": 1776976188.349905, "events": [{"op": "set", "side": "bid", "price": 0.81, "size": 1.0}, {"op": "set", "side": "ask", "price": 0.16, "size": 2000.0}]}
{"t": 1776976189.36215, "events": [{"op": "set", "side": "bid", "price": 0.81, "size": 24.0}, {"op": "set", "side": "ask", "price": 0.16, "size": 2034.0}]}
{"t": 1776976193.395335, "events": [{"op": "set", "side": "bid", "price": 0.81, "size": 1.0}, {"op": "set", "side": "ask", "price": 0.16, "size": 2000.0}]}
{"t": 1776976194.405488, "events": [{"op": "set", "side": "bid", "price": 0.81, "size": 24.0}, {"op": "set", "side": "ask", "price": 0.16, "size": 2034.0}]}
{"t": 1776976197.420757, "events": [{"op": "set", "side": "bid", "price": 0.8, "size": 976.54}]}
{"t": 1776976198.435571, "events": [{"op": "set", "side": "bid", "price": 0.8, "size": 1236.54}]}
{"t": 1776976203.4636748, "events": [{"op": "set", "side": "bid", "price": 0.81, "size": 1.0}, {"op": "set", "side": "ask", "price": 0.16, "size": 2000.0}]}
{"t": 1776976204.476952, "events": [{"op": "set", "side": "bid", "price": 0.82, "size": 200.0}, {"op": "set", "side": "bid", "price": 0.81, "size": 23.0}, {"op": "set", "side": "bid", "price": 0.8, "size": 323.53999999999996}, {"op": "set", "side": "ask", "price": 0.16, "size": 35.0}]}
{"t": 1776976208.525941, "events": [{"op": "set", "side": "bid", "price": 0.82, "size": 201.0}, {"op": "set", "side": "bid", "price": 0.81, "size": 1.0}, {"op": "set", "side": "bid", "price": 0.8, "size": 1237.54}, {"op": "set", "side": "ask", "price": 0.16, "size": 2000.0}]}
{"t": 1776976209.539958, "events": [{"op": "set", "side": "bid", "price": 0.81, "size": 25.0}, {"op": "set", "side": "ask", "price": 0.16, "size": 2033.0}]}
{"t": 1776976218.6080482, "events": [{"op": "set", "side": "bid", "price": 0.8, "size": 1238.54}]}
{"t": 1776976223.6436858, "events": [{"op": "set", "side": "bid", "price": 0.82, "size": 1.0}, {"op": "set", "side": "bid", "price": 0.8, "size": 1226.54}, {"op": "set", "side": "bid", "price": 0.75, "size": 200.0}, {"op": "set", "side": "bid", "price": 0.51, "size": 31.0}, {"op": "set", "side": "ask", "price": 0.16, "size": 2035.0}]}
{"t": 1776976228.677294, "events": [{"op": "set", "side": "ask", "price": 0.16, "size": 2000.0}, {"op": "set", "side": "ask", "price": 0.17, "size": 903.0}]}
{"t": 1776976254.822479, "events": [{"op": "delete", "side": "bid", "price": 0.82}, {"op": "set", "side": "bid", "price": 0.81, "size": 24.0}, {"op": "set", "side": "bid", "price": 0.8, "size": 311.53999999999996}, {"op": "delete", "side": "ask", "price": 0.16}]}
{"t": 1776976255.835129, "events": [{"op": "delete", "side": "bid", "price": 0.81}, {"op": "set", "side": "bid", "price": 0.75, "size": 221.0}, {"op": "set", "side": "bid", "price": 0.76, "size": 1000.0}, {"op": "set", "side": "bid", "price": 0.61, "size": 16.0}, {"op": "set", "side": "ask", "price": 0.17, "size": 2903.0}]}
{"t": 1776976256.854514, "events": [{"op": "set", "side": "bid", "price": 0.77, "size": 27.0}]}
{"t": 1776976258.864931, "events": [{"op": "set", "side": "ask", "price": 0.17, "size": 2923.0}]}
{"t": 1776976269.960423, "events": [{"op": "delete", "side": "bid", "price": 0.53}, {"op": "set", "side": "bid", "price": 0.03, "size": 32.0}, {"op": "set", "side": "ask", "price": 0.17, "size": 2894.0}, {"op": "set", "side": "ask", "price": 0.18, "size": 1000.0}]}
{"t": 1776976270.977361, "events": [{"op": "set", "side": "ask", "price": 0.18, "size": 1032.0}]}
{"t": 1776976273.996962, "events": [{"op": "set", "side": "bid", "price": 0.77, "size": 26.0}]}
{"t": 1776976276.0147579, "events": [{"op": "delete", "side": "bid", "price": 0.76}, {"op": "set", "side": "bid", "price": 0.75, "size": 200.0}, {"op": "delete", "side": "bid", "price": 0.61}, {"op": "set", "side": "ask", "price": 0.17, "size": 894.0}]}
{"t": 1776976277.039475, "events": [{"op": "set", "side": "bid", "price": 0.77, "size": 971.0}, {"op": "set", "side": "bid", "price": 0.78, "size": 39.0}, {"op": "set", "side": "bid", "price": 0.53, "size": 23.0}, {"op": "set", "side": "bid", "price": 0.79, "size": 53.0}, {"op": "delete", "side": "bid", "price": 0.46}, {"op": "set", "side": "ask", "price": 0.18, "size": 3032.0}]}
{"t": 1776976279.0620182, "events": [{"op": "set", "side": "bid", "price": 0.79, "size": 77.0}, {"op": "set", "side": "bid", "price": 0.77, "size": 945.0}]}
{"t": 1776976280.070851, "events": [{"op": "delete", "side": "bid", "price": 0.78}, {"op": "delete", "side": "bid", "price": 0.77}]}
{"t": 1776976281.087897, "events": [{"op": "set", "side": "bid", "price": 0.8, "size": 347.53999999999996}, {"op": "set", "side": "bid", "price": 0.79, "size": 986.0}, {"op": "set", "side": "bid", "price": 0.81, "size": 49.0}, {"op": "set", "side": "ask", "price": 0.17, "size": 874.0}]}
{"t": 1776976284.125754, "events": [{"op": "set", "side": "bid", "price": 0.79, "size": 962.0}, {"op": "set", "side": "bid", "price": 0.76, "size": 27.0}]}
{"t": 1776976285.139929, "events": [{"op": "delete", "side": "bid", "price": 0.81}, {"op": "set", "side": "bid", "price": 0.8, "size": 311.53999999999996}, {"op": "delete", "side": "bid", "price": 0.79}, {"op": "set", "side": "ask", "price": 0.18, "size": 1032.0}]}
{"t": 1776976286.152321, "events": [{"op": "set", "side": "ask", "price": 0.18, "size": 1000.0}]}
{"t": 1776976287.161626, "events": [{"op": "set", "side": "bid", "price": 0.76, "size": 1027.0}, {"op": "set", "side": "bid", "price": 0.75, "size": 221.0}, {"op": "set", "side": "bid", "price": 0.61, "size": 16.0}, {"op": "set", "side": "ask", "price": 0.18, "size": 3000.0}, {"op": "set", "side": "ask", "price": 0.16, "size": 37.0}]}
{"t": 1776976289.1844962, "events": [{"op": "set", "side": "bid", "price": 0.76, "size": 1000.0}, {"op": "delete", "side": "ask", "price": 0.16}, {"op": "set", "side": "ask", "price": 0.18, "size": 3031.0}]}
{"t": 1776976290.196137, "events": [{"op": "set", "side": "bid", "price": 0.77, "size": 27.0}]}
{"t": 1776976301.276474, "events": [{"op": "delete", "side": "bid", "price": 0.76}, {"op": "set", "side": "bid", "price": 0.75, "size": 200.0}, {"op": "delete", "side": "bid", "price": 0.61}, {"op": "delete", "side": "bid", "price": 0.03}, {"op": "set", "side": "bid", "price": 0.46, "size": 34.0}, {"op": "set", "side": "ask", "price": 0.18, "size": 1000.0}, {"op": "set", "side": "ask", "price": 0.16, "size": 37.0}]}
{"t": 1776976303.3065321, "events": [{"op": "delete", "side": "bid", "price": 0.77}, {"op": "delete", "side": "ask", "price": 0.16}]}
{"t": 1776976304.313708, "events": [{"op": "set", "side": "bid", "price": 0.75, "size": 221.0}, {"op": "set", "side": "bid", "price": 0.76, "size": 1028.0}, {"op": "set", "side": "bid", "price": 0.61, "size": 16.0}, {"op": "set", "side": "ask", "price": 0.18, "size": 3000.0}, {"op": "set", "side": "ask", "price": 0.16, "size": 37.0}]}
{"t": 1776976307.3653572, "events": [{"op": "set", "side": "bid", "price": 0.76, "size": 975.0}, {"op": "set", "side": "bid", "price": 0.75, "size": 200.0}, {"op": "delete", "side": "bid", "price": 0.61}, {"op": "set", "side": "bid", "price": 0.77, "size": 42.0}, {"op": "set", "side": "bid", "price": 0.78, "size": 57.0}]}
{"t": 1776976308.374354, "events": [{"op": "set", "side": "bid", "price": 0.76, "size": 947.0}, {"op": "delete", "side": "ask", "price": 0.16}]}
{"t": 1776976309.386129, "events": [{"op": "set", "side": "bid", "price": 0.79, "size": 24.0}, {"op": "set", "side": "ask", "price": 0.18, "size": 3033.0}]}
{"t": 1776976313.409361, "events": [{"op": "delete", "side": "bid", "price": 0.79}]}
{"t": 1776976314.4200819, "events": [{"op": "set", "side": "bid", "price": 0.79, "size": 24.0}]}
{"t": 1776976318.442741, "events": [{"op": "delete", "side": "bid", "price": 0.79}]}
{"t": 1776976319.457519, "events": [{"op": "set", "side": "bid", "price": 0.79, "size": 24.0}]}
{"t": 1776976323.4797351, "events": [{"op": "delete", "side": "bid", "price": 0.76}, {"op": "delete", "side": "bid", "price": 0.78}, {"op": "delete", "side": "bid", "price": 0.77}, {"op": "delete", "side": "bid", "price": 0.53}, {"op": "set", "side": "bid", "price": 0.03, "size": 24.0}]}
{"t": 1776976324.50117, "events": [{"op": "set", "side": "bid", "price": 0.8, "size": 347.53999999999996}, {"op": "set", "side": "bid", "price": 0.79, "size": 988.0}, {"op": "set", "side": "bid", "price": 0.81, "size": 49.0}]}
{"t": 1776976325.519989, "events": [{"op": "set", "side": "bid", "price": 0.8, "size": 369.53999999999996}, {"op": "set", "side": "bid", "price": 0.79, "size": 964.0}]}
{"t": 1776976332.56369, "events": [{"op": "set", "side": "bid", "price": 0.8, "size": 333.53999999999996}, {"op": "delete", "side": "bid", "price": 0.79}]}
{"t": 1776976333.587355, "events": [{"op": "set", "side": "bid", "price": 0.81, "size": 2000.0}, {"op": "set", "side": "bid", "price": 0.8, "size": 311.53999999999996}, {"op": "set", "side": "ask", "price": 0.18, "size": 3000.0}]}
{"t": 1776976334.603316, "events": [{"op": "set", "side": "bid", "price": 0.76, "size": 28.0}, {"op": "set", "side": "ask", "price": 0.16, "size": 36.0}]}
{"t": 1776976335.619046, "events": [{"op": "delete", "side": "bid", "price": 0.81}]}
{"t": 1776976336.625223, "events": [{"op": "set", "side": "bid", "price": 0.76, "size": 1028.0}, {"op": "set", "side": "bid", "price": 0.75, "size": 233.0}, {"op": "set", "side": "bid", "price": 0.57, "size": 25.0}]}
{"t": 1776976339.6474261, "events": [{"op": "set", "side": "bid", "price": 0.76, "size": 1000.0}, {"op": "set", "side": "bid", "price": 0.75, "size": 200.0}, {"op": "delete", "side": "bid", "price": 0.57}, {"op": "delete", "side": "ask", "price": 0.16}]}
{"t": 1776976340.6580539, "events": [{"op": "delete", "side": "bid", "price": 0.76}, {"op": "set", "side": "bid", "price": 0.77, "size": 27.0}, {"op": "set", "side": "ask", "price": 0.18, "size": 1030.0}]}
{"t": 1776976341.674314, "events": [{"op": "set", "side": "bid", "price": 0.77, "size": 69.0}, {"op": "set", "side": "bid", "price": 0.78, "size": 57.0}]}
{"t": 1776976342.686982, "events": [{"op": "delete", "side": "bid", "price": 0.78}, {"op": "set", "side": "bid", "price": 0.77, "size": 27.0}]}
{"t": 1776976343.692986, "events": [{"op": "set", "side": "bid", "price": 0.75, "size": 221.0}, {"op": "set", "side": "bid", "price": 0.76, "size": 1000.0}, {"op": "set", "side": "bid", "price": 0.61, "size": 16.0}, {"op": "set", "side": "ask", "price": 0.18, "size": 3030.0}]}
{"t": 1776976344.703347, "events": [{"op": "delete", "side": "bid", "price": 0.76}, {"op": "set", "side": "bid", "price": 0.75, "size": 200.0}, {"op": "delete", "side": "bid", "price": 0.61}, {"op": "set", "side": "bid", "price": 0.53, "size": 34.0}, {"op": "delete", "side": "bid", "price": 0.46}, {"op": "set", "side": "ask", "price": 0.18, "size": 1000.0}]}
{"t": 1776976345.71589, "events": [{"op": "set", "side": "ask", "price": 0.16, "size": 37.0}]}
{"t": 1776976348.738213, "events": [{"op": "set", "side": "bid", "price": 0.77, "size": 955.0}, {"op": "set", "side": "bid", "price": 0.78, "size": 41.0}, {"op": "delete", "side": "bid", "price": 0.03}, {"op": "set", "side": "bid", "price": 0.79, "size": 54.0}, {"op": "set", "side": "bid", "price": 0.46, "size": 24.0}, {"op": "set", "side": "ask", "price": 0.18, "size": 2000.0}]}
{"t": 1776976350.768629, "events": [{"op": "set", "side": "bid", "price": 0.77, "size": 928.0}, {"op": "delete", "side": "ask", "price": 0.16}]}
{"t": 1776976351.775647, "events": [{"op": "delete", "side": "bid", "price": 0.79}, {"op": "delete", "side": "bid", "price": 0.78}, {"op": "delete", "side": "bid", "price": 0.77}, {"op": "set", "side": "bid", "price": 0.76, "size": 28.0}, {"op": "set", "side": "ask", "price": 0.18, "size": 1000.0}, {"op": "set", "side": "ask", "price": 0.16, "size": 37.0}]}
{"t": 1776976355.830212, "events": [{"op": "delete", "side": "bid", "price": 0.76}, {"op": "delete", "side": "ask", "price": 0.16}]}
{"t": 1776976356.839608, "events": [{"op": "set", "side": "bid", "price": 0.76, "size": 929.0}, {"op": "set", "side": "bid", "price": 0.77, "size": 69.0}, {"op": "set", "side": "bid", "price": 0.78, "size": 57.0}, {"op": "set", "side": "ask", "price": 0.17, "size": 909.0}, {"op": "set", "side": "ask", "price": 0.18, "size": 2000.0}]}
{"t": 1776976359.87871, "events": [{"op": "delete", "side": "bid", "price": 0.78}, {"op": "delete", "side": "bid", "price": 0.77}, {"op": "set", "side": "ask", "price": 0.17, "size": 874.0}]}
{"t": 1776976360.895073, "events": [{"op": "set", "side": "bid", "price": 0.76, "size": 1000.0}, {"op": "set", "side": "bid", "price": 0.75, "size": 221.0}, {"op": "set", "side": "bid", "price": 0.61, "size": 16.0}, {"op": "set", "side": "ask", "price": 0.18, "size": 3000.0}]}
{"t": 1776976361.903726, "events": [{"op": "set", "side": "bid", "price": 0.77, "size": 26.0}, {"op": "set", "side": "ask", "price": 0.18, "size": 3034.0}]}
{"t": 1776976362.91397, "events": [{"op": "delete", "side": "bid", "price": 0.76}, {"op": "set", "side": "bid", "price": 0.75, "size": 200.0}, {"op": "delete", "side": "bid", "price": 0.61}]}
{"t": 1776976363.930155, "events": [{"op": "set", "side": "bid", "price": 0.77, "size": 976.0}, {"op": "set", "side": "bid", "price": 0.78, "size": 39.0}, {"op": "set", "side": "bid", "price": 0.79, "size": 53.0}]}
{"t": 1776976364.937811, "events": [{"op": "set", "side": "bid", "price": 0.77, "size": 950.0}]}
{"t": 1776976365.9445639, "events": [{"op": "set", "side": "bid", "price": 0.79, "size": 76.0}]}
{"t": 1776976370.9749482, "events": [{"op": "set", "side": "bid", "price": 0.79, "size": 53.0}]}
{"t": 1776976371.985274, "events": [{"op": "set", "side": "bid", "price": 0.79, "size": 77.0}]}
{"t": 1776976375.010626, "events": [{"op": "set", "side": "bid", "price": 0.79, "size": 53.0}]}
{"t": 1776976376.01981, "events": [{"op": "set", "side": "bid", "price": 0.79, "size": 76.0}]}
{"t": 1776976385.0620549, "events": [{"op": "set", "side": "bid", "price": 0.79, "size": 53.0}]}
{"t": 1776976386.068693, "events": [{"op": "set", "side": "bid", "price": 0.79, "size": 77.0}, {"op": "set", "side": "ask", "price": 0.18, "size": 3011.48}]}
{"t": 1776976390.085834, "events": [{"op": "set", "side": "bid", "price": 0.8, "size": 358.53999999999996}, {"op": "set", "side": "bid", "price": 0.79, "size": 909.0}, {"op": "delete", "side": "bid", "price": 0.78}, {"op": "delete", "side": "bid", "price": 0.77}, {"op": "set", "side": "bid", "price": 0.81, "size": 63.0}]}
{"t": 1776976391.098208, "events": [{"op": "set", "side": "bid", "price": 0.76, "size": 27.0}]}
{"t": 1776976393.108543, "events": [{"op": "delete", "side": "bid", "price": 0.81}, {"op": "set", "side": "bid", "price": 0.8, "size": 311.53999999999996}, {"op": "delete", "side": "bid", "price": 0.79}]}
{"t": 1776976394.119156, "events": [{"op": "set", "side": "bid", "price": 0.76, "size": 1027.0}, {"op": "set", "side": "bid", "price": 0.77, "size": 1000.0}]}
{"t": 1776976395.125777, "events": [{"op": "set", "side": "bid", "price": 0.76, "size": 1000.0}, {"op": "delete", "side": "bid", "price": 0.53}, {"op": "set", "side": "bid", "price": 0.03, "size": 54.0}, {"op": "delete", "side": "bid", "price": 0.46}]}
{"t": 1776976396.130979, "events": [{"op": "set", "side": "bid", "price": 0.78, "size": 25.0}]}
{"t": 1776976405.183253, "events": [{"op": "delete", "side": "bid", "price": 0.78}]}
{"t": 1776976406.18958, "events": [{"op": "set", "side": "bid", "price": 0.78, "size": 25.0}]}
{"t": 1776976410.218621, "events": [{"op": "delete", "side": "bid", "price": 0.75}, {"op": "delete", "side": "bid", "price": 0.51}]}
{"t": 1776976411.2233112, "events": [{"op": "set", "side": "bid", "price": 0.76, "size": 1200.0}, {"op": "set", "side": "bid", "price": 0.53, "size": 7.0}]}
{"t": 1776976415.243485, "events": [{"op": "delete", "side": "bid", "price": 0.78}]}
{"t": 1776976416.25911, "events": [{"op": "set", "side": "bid", "price": 0.78, "size": 25.0}]}
{"t": 1776976420.296268, "events": [{"op": "delete", "side": "bid", "price": 0.78}]}
{"t": 1776976421.30323, "events": [{"op": "set", "side": "bid", "price": 0.78, "size": 25.0}]}
{"t": 1776976425.340163, "events": [{"op": "delete", "side": "bid", "price": 0.78}, {"op": "set", "side": "bid", "price": 0.76, "size": 200.0}, {"op": "set", "side": "bid", "price": 0.77, "size": 27.0}, {"op": "set", "side": "bid", "price": 0.46, "size": 52.0}, {"op": "delete", "side": "bid", "price": 0.03}, {"op": "set", "side": "ask", "price": 0.18, "size": 977.48}, {"op": "set", "side": "ask", "price": 0.16, "size": 37.0}]}
{"t": 1776976428.364198, "events": [{"op": "set", "side": "bid", "price": 0.77, "size": 847.0}, {"op": "set", "side": "bid", "price": 0.78, "size": 35.0}, {"op": "set", "side": "bid", "price": 0.79, "size": 47.0}, {"op": "set", "side": "ask", "price": 0.18, "size": 1977.48}]}
{"t": 1776976430.376935, "events": [{"op": "set", "side": "bid", "price": 0.77, "size": 820.0}, {"op": "delete", "side": "ask", "price": 0.16}]}
{"t": 1776976431.391558, "events": [{"op": "set", "side": "bid", "price": 0.8, "size": 333.53999999999996}, {"op": "set", "side": "bid", "price": 0.77, "size": 875.0}, {"op": "set", "side": "ask", "price": 0.18, "size": 3008.48}]}
{"t": 1776976436.4190028, "events": [{"op": "delete", "side": "bid", "price": 0.79}, {"op": "delete", "side": "bid", "price": 0.78}, {"op": "delete", "side": "bid", "price": 0.77}]}
{"t": 1776976437.425882, "events": [{"op": "set", "side": "bid", "price": 0.8, "size": 1311.54}, {"op": "set", "side": "bid", "price": 0.81, "size": 1000.0}, {"op": "set", "side": "bid", "price": 0.77, "size": 27.0}, {"op": "set", "side": "ask", "price": 0.18, "size": 2977.48}, {"op": "set", "side": "ask", "price": 0.16, "size": 36.0}]}
{"t": 1776976438.4467258, "events": [{"op": "delete", "side": "bid", "price": 0.81}, {"op": "set", "side": "bid", "price": 0.8, "size": 311.53999999999996}, {"op": "set", "side": "bid", "price": 0.76, "size": 1200.0}, {"op": "set", "side": "bid", "price": 0.77, "size": 1027.0}]}
{"t": 1776976440.468045, "events": [{"op": "set", "side": "bid", "price": 0.77, "size": 1000.0}, {"op": "set", "side": "bid", "price": 0.78, "size": 25.0}, {"op": "delete", "side": "ask", "price": 0.16}, {"op": "set", "side": "ask", "price": 0.18, "size": 3010.48}]}
{"t": 1776976460.625124, "events": [{"op": "set", "side": "bid", "price": 0.78, "size": 26.0}]}
{"t": 1776976461.631319, "events": [{"op": "set", "side": "ask", "price": 0.18, "size": 2977.48}]}
{"t": 1776976462.638276, "events": [{"op": "set", "side": "ask", "price": 0.18, "size": 3006.48}]}
{"t": 1776976465.66493, "events": [{"op": "delete", "side": "bid", "price": 0.78}, {"op": "set", "side": "bid", "price": 0.76, "size": 200.0}, {"op": "set", "side": "bid", "price": 0.77, "size": 27.0}, {"op": "set", "side": "ask", "price": 0.18, "size": 977.48}, {"op": "set", "side": "ask", "price": 0.16, "size": 36.0}]}
{"t": 1776976468.700096, "events": [{"op": "set", "side": "bid", "price": 0.77, "size": 855.0}, {"op": "set", "side": "bid", "price": 0.78, "size": 35.0}, {"op": "set", "side": "bid", "price": 0.79, "size": 47.0}, {"op": "set", "side": "ask", "price": 0.18, "size": 1977.48}]}
{"t": 1776976470.713255, "events": [{"op": "set", "side": "bid", "price": 0.8, "size": 334.53999999999996}, {"op": "set", "side": "bid", "price": 0.77, "size": 828.0}, {"op": "set", "side": "ask", "price": 0.16, "size": 37.0}]}
{"t": 1776976472.725442, "events": [{"op": "set", "side": "bid", "price": 0.8, "size": 1334.54}, {"op": "delete", "side": "bid", "price": 0.79}, {"op": "delete", "side": "bid", "price": 0.78}, {"op": "delete", "side": "bid", "price": 0.77}, {"op": "set", "side": "bid", "price": 0.81, "size": 1000.0}, {"op": "set", "side": "ask", "price": 0.18, "size": 2977.48}]}
{"t": 1776976474.742902, "events": [{"op": "set", "side": "bid", "price": 0.8, "size": 1311.54}, {"op": "delete", "side": "ask", "price": 0.16}]}
{"t": 1776976475.752197, "events": [{"op": "set", "side": "bid", "price": 0.81, "size": 1022.0}, {"op": "set", "side": "ask", "price": 0.16, "size": 35.0}]}
{"t": 1776976477.761339, "events": [{"op": "set", "side": "bid", "price": 0.81, "size": 22.0}, {"op": "set", "side": "bid", "price": 0.8, "size": 311.53999999999996}, {"op": "set", "side": "ask", "price": 0.18, "size": 977.48}]}
{"t": 1776976479.7830348, "events": [{"op": "delete", "side": "ask", "price": 0.16}]}
{"t": 1776976480.793513, "events": [{"op": "set", "side": "bid", "price": 0.76, "size": 218.0}, {"op": "set", "side": "bid", "price": 0.77, "size": 1000.0}, {"op": "set", "side": "bid", "price": 0.61, "size": 14.0}, {"op": "set", "side": "ask", "price": 0.18, "size": 2977.48}, {"op": "set", "side": "ask", "price": 0.16, "size": 36.0}]}
{"t": 1776976481.809105, "events": [{"op": "delete", "side": "bid", "price": 0.81}, {"op": "set", "side": "bid", "price": 0.78, "size": 26.0}]}
{"t": 1776976484.820907, "events": [{"op": "set", "side": "bid", "price": 0.76, "size": 200.0}, {"op": "delete", "side": "bid", "price": 0.77}, {"op": "delete", "side": "bid", "price": 0.61}]}
{"t": 1776976485.858399, "events": [{"op": "set", "side": "bid", "price": 0.8, "size": 357.53999999999996}, {"op": "set", "side": "bid", "price": 0.78, "size": 882.0}, {"op": "set", "side": "bid", "price": 0.77, "size": 27.0}, {"op": "set", "side": "bid", "price": 0.79, "size": 34.0}, {"op": "delete", "side": "ask", "price": 0.16}, {"op": "set", "side": "ask", "price": 0.18, "size": 3007.48}]}
{"t": 1776976489.887844, "events": [{"op": "delete", "side": "bid", "price": 0.77}]}
{"t": 1776976490.901129, "events": [{"op": "set", "side": "bid", "price": 0.8, "size": 333.53999999999996}, {"op": "delete", "side": "bid", "price": 0.79}, {"op": "delete", "side": "bid", "price": 0.78}]}
{"t": 1776976491.914994, "events": [{"op": "set", "side": "bid", "price": 0.81, "size": 1000.0}, {"op": "set", "side": "ask", "price": 0.18, "size": 2977.48}]}
{"t": 1776976492.923475, "events": [{"op": "set", "side": "bid", "price": 0.81, "size": 2000.0}, {"op": "set", "side": "ask", "price": 0.16, "size": 35.0}]}
{"t": 1776976494.9357922, "events": [{"op": "set", "side": "bid", "price": 0.8, "size": 311.53999999999996}, {"op": "delete", "side": "ask", "price": 0.16}]}
{"t": 1776976495.9455118, "events": [{"op": "set", "side": "bid", "price": 0.81, "size": 2022.0}, {"op": "set", "side": "ask", "price": 0.16, "size": 35.0}]}
{"t": 1776976499.969461, "events": [{"op": "delete", "side": "ask", "price": 0.16}]}
{"t": 1776976500.976686, "events": [{"op": "set", "side": "ask", "price": 0.16, "size": 35.0}]}
{"t": 1776976504.995602, "events": [{"op": "set", "side": "bid", "price": 0.81, "size": 1022.0}, {"op": "delete", "side": "ask", "price": 0.16}]}
{"t": 1776976506.004798, "events": [{"op": "set", "side": "bid", "price": 0.8, "size": 1311.54}, {"op": "set", "side": "ask", "price": 0.16, "size": 35.0}]}
{"t": 1776976510.0364318, "events": [{"op": "delete", "side": "ask", "price": 0.16}]}
{"t": 1776976511.044847, "events": [{"op": "set", "side": "ask", "price": 0.16, "size": 36.0}]}
{"t": 1776976515.079541, "events": [{"op": "set", "side": "bid", "price": 0.46, "size": 2565.0}, {"op": "delete", "side": "bid", "price": 0.45}, {"op": "set", "side": "ask", "price": 0.02, "size": 4349.0}]}
{"t": 1776976520.122738, "events": [{"op": "delete", "side": "ask", "price": 0.16}]}
{"t": 1776976521.1357608, "events": [{"op": "delete", "side": "bid", "price": 0.81}, {"op": "set", "side": "bid", "price": 0.8, "size": 311.53999999999996}, {"op": "set", "side": "bid", "price": 0.76, "size": 1200.0}, {"op": "set", "side": "bid", "price": 0.77, "size": 1000.0}, {"op": "set", "side": "ask", "price": 0.16, "size": 36.0}]}
{"t": 1776976522.1437619, "events": [{"op": "set", "side": "bid", "price": 0.78, "size": 26.0}]}
{"t": 1776976525.156095, "events": [{"op": "delete", "side": "bid", "price": 0.78}, {"op": "delete", "side": "ask", "price": 0.16}]}
{"t": 1776976526.162179, "events": [{"op": "set", "side": "bid", "price": 0.78, "size": 25.0}, {"op": "set", "side": "ask", "price": 0.18, "size": 3010.48}]}
{"t": 1776976530.176915, "events": [{"op": "delete", "side": "bid", "price": 0.78}]}
{"t": 1776976531.1844459, "events": [{"op": "set", "side": "bid", "price": 0.78, "size": 25.0}]}
{"t": 1776976535.199321, "events": [{"op": "delete", "side": "bid", "price": 0.78}]}
{"t": 1776976536.203557, "events": [{"op": "delete", "side": "bid", "price": 0.77}, {"op": "set", "side": "bid", "price": 0.76, "size": 200.0}, {"op": "set", "side": "bid", "price": 0.46, "size": 2513.0}, {"op": "set", "side": "bid", "price": 0.03, "size": 54.0}, {"op": "set", "side": "bid", "price": 0.78, "size": 25.0}, {"op": "set", "side": "ask", "price": 0.18, "size": 977.48}, {"op": "set", "side": "ask", "price": 0.16, "size": 37.0}]}
{"t": 1776976538.221212, "events": [{"op": "set", "side": "bid", "price": 0.8, "size": 355.53999999999996}, {"op": "set", "side": "bid", "price": 0.78, "size": 865.0}, {"op": "set", "side": "bid", "price": 0.79, "size": 33.0}, {"op": "set", "side": "ask", "price": 0.18, "size": 1977.48}]}
{"t": 1776976540.237312, "events": [{"op": "set", "side": "bid", "price": 0.78, "size": 840.0}, {"op": "delete", "side": "ask", "price": 0.16}]}
{"t": 1776976541.245595, "events": [{"op": "set", "side": "bid", "price": 0.8, "size": 378.53999999999996}, {"op": "set", "side": "ask", "price": 0.16, "size": 37.0}]}
{"t": 1776976544.27052, "events": [{"op": "set", "side": "bid", "price": 0.78, "size": 889.0}, {"op": "set", "side": "ask", "price": 0.18, "size": 2977.48}]}
{"t": 1776976545.305117, "events": [{"op": "set", "side": "bid", "price": 0.8, "size": 334.53999999999996}, {"op": "delete", "side": "bid", "price": 0.79}, {"op": "delete", "side": "bid", "price": 0.78}, {"op": "delete", "side": "ask", "price": 0.16}, {"op": "set", "side": "ask", "price": 0.18, "size": 3007.48}]}
{"t": 1776976546.315924, "events": [{"op": "set", "side": "bid", "price": 0.8, "size": 311.53999999999996}, {"op": "set", "side": "bid", "price": 0.81, "size": 1000.0}]}
{"t": 1776976547.325418, "events": [{"op": "set", "side": "bid", "price": 0.81, "size": 2022.0}]}
{"t": 1776976548.331649, "events": [{"op": "set", "side": "bid", "price": 0.81, "size": 1022.0}]}
{"t": 1776976549.3694139, "events": [{"op": "set", "side": "bid", "price": 0.8, "size": 1311.54}]}
{"t": 1776976550.374534, "events": [{"op": "set", "side": "ask", "price": 0.18, "size": 2977.48}, {"op": "set", "side": "ask", "price": 0.16, "size": 35.0}]}
{"t": 1776976552.38733, "events": [{"op": "delete", "side": "bid", "price": 0.81}, {"op": "set", "side": "bid", "price": 0.8, "size": 311.53999999999996}, {"op": "set", "side": "bid", "price": 0.77, "size": 27.0}]}
{"t": 1776976553.394047, "events": [{"op": "set", "side": "bid", "price": 0.77, "size": 1027.0}, {"op": "set", "side": "bid", "price": 0.76, "size": 1200.0}]}
{"t": 1776976555.404792, "events": [{"op": "set", "side": "bid", "price": 0.77, "size": 1000.0}, {"op": "delete", "side": "ask", "price": 0.16}]}
{"t": 1776976556.4166641, "events": [{"op": "set", "side": "bid", "price": 0.78, "size": 25.0}, {"op": "set", "side": "ask", "price": 0.18, "size": 3010.48}]}
{"t": 1776976560.430049, "events": [{"op": "delete", "side": "bid", "price": 0.78}]}
{"t": 1776976561.438821, "events": [{"op": "set", "side": "bid", "price": 0.78, "size": 26.0}]}
{"t": 1776976569.49947, "events": [{"op": "set", "side": "bid", "price": 0.76, "size": 200.0}, {"op": "delete", "side": "bid", "price": 0.77}, {"op": "set", "side": "bid", "price": 0.53, "size": 52.0}, {"op": "set", "side": "bid", "price": 0.54, "size": 13.0}, {"op": "delete", "side": "bid", "price": 0.03}, {"op": "set", "side": "ask", "price": 0.18, "size": 977.48}]}
{"t": 1776976570.521151, "events": [{"op": "delete", "side": "bid", "price": 0.78}, {"op": "set", "side": "bid", "price": 0.77, "size": 27.0}, {"op": "set", "side": "ask", "price": 0.16, "size": 36.0}]}
{"t": 1776976571.5276349, "events": [{"op": "set", "side": "bid", "price": 0.77, "size": 874.0}, {"op": "set", "side": "bid", "price": 0.78, "size": 35.0}, {"op": "set", "side": "bid", "price": 0.79, "size": 47.0}, {"op": "set", "side": "ask", "price": 0.18, "size": 1977.48}]}
{"t": 1776976573.54511, "events": [{"op": "delete", "side": "bid", "price": 0.79}, {"op": "delete", "side": "bid", "price": 0.78}]}
{"t": 1776976574.550605, "events": [{"op": "set", "side": "bid", "price": 0.77, "size": 1027.0}, {"op": "set", "side": "bid", "price": 0.76, "size": 201.0}, {"op": "set", "side": "bid", "price": 0.55, "size": 56.0}, {"op": "set", "side": "ask", "price": 0.18, "size": 2977.48}]}
{"t": 1776976575.5694778, "events": [{"op": "set", "side": "bid", "price": 0.77, "size": 1000.0}, {"op": "delete", "side": "ask", "price": 0.16}]}
{"t": 1776976576.575867, "events": [{"op": "delete", "side": "bid", "price": 0.77}, {"op": "set", "side": "bid", "price": 0.76, "size": 200.0}, {"op": "set", "side": "bid", "price": 0.55, "size": 55.0}, {"op": "set", "side": "bid", "price": 0.78, "size": 26.0}, {"op": "set", "side": "ask", "price": 0.16, "size": 37.0}]}
{"t": 1776976578.5899022, "events": [{"op": "set", "side": "bid", "price": 0.8, "size": 357.53999999999996}, {"op": "set", "side": "bid", "price": 0.78, "size": 919.0}, {"op": "set", "side": "bid", "price": 0.79, "size": 34.0}]}
{"t": 1776976579.598368, "events": [{"op": "set", "side": "bid", "price": 0.78, "size": 951.0}]}
{"t": 1776976580.610691, "events": [{"op": "set", "side": "bid", "price": 0.8, "size": 380.53999999999996}, {"op": "set", "side": "bid", "price": 0.78, "size": 925.0}]}
{"t": 1776976582.626801, "events": [{"op": "set", "side": "bid", "price": 0.8, "size": 334.53999999999996}, {"op": "delete", "side": "bid", "price": 0.79}, {"op": "delete", "side": "bid", "price": 0.78}, {"op": "set", "side": "bid", "price": 0.81, "size": 1000.0}]}
{"t": 1776976583.6361852, "events": [{"op": "set", "side": "bid", "price": 0.81, "size": 2000.0}]}
{"t": 1776976585.646488, "events": [{"op": "set", "side": "bid", "price": 0.81, "size": 2023.0}, {"op": "set", "side": "bid", "price": 0.8, "size": 311.53999999999996}, {"op": "set", "side": "ask", "price": 0.16, "size": 34.0}]}
{"t": 1776976587.65838, "events": [{"op": "set", "side": "bid", "price": 0.81, "size": 1023.0}]}
{"t": 1776976588.667841, "events": [{"op": "set", "side": "bid", "price": 0.8, "size": 1311.54}]}
{"t": 1776976590.681835, "events": [{"op": "set", "side": "ask", "price": 0.16, "size": 35.0}]}
{"t": 1776976592.712306, "events": [{"op": "set", "side": "bid", "price": 0.8, "size": 311.53999999999996}]}
{"t": 1776976593.717815, "events": [{"op": "set", "side": "bid", "price": 0.81, "size": 2023.0}]}
{"t": 1776976605.780865, "events": [{"op": "set", "side": "bid", "price": 0.81, "size": 1023.0}, {"op": "set", "side": "bid", "price": 0.8, "size": 1311.54}, {"op": "set", "side": "ask", "price": 0.16, "size": 36.0}]}
{"t": 1776976607.800011, "events": [{"op": "set", "side": "bid", "price": 0.81, "size": 2023.0}, {"op": "set", "side": "bid", "price": 0.8, "size": 311.53999999999996}]}
{"t": 1776976610.818959, "events": [{"op": "set", "side": "ask", "price": 0.16, "size": 35.0}]}
{"t": 1776976619.87493, "events": [{"op": "delete", "side": "ask", "price": 0.16}]}
{"t": 1776976620.890514, "events": [{"op": "set", "side": "ask", "price": 0.16, "size": 35.0}]}
{"t": 1776976627.946018, "events": [{"op": "delete", "side": "bid", "price": 0.81}, {"op": "set", "side": "bid", "price": 0.77, "size": 27.0}, {"op": "set", "side": "ask", "price": 0.18, "size": 977.48}]}
{"t": 1776976629.966581, "events": [{"op": "delete", "side": "bid", "price": 0.77}, {"op": "delete", "side": "ask", "price": 0.16}]}
{"t": 1776976630.9735959, "events": [{"op": "set", "side": "bid", "price": 0.77, "size": 27.0}, {"op": "set", "side": "ask", "price": 0.16, "size": 37.0}]}
{"t": 1776976631.9891021, "events": [{"op": "set", "side": "bid", "price": 0.77, "size": 1027.0}, {"op": "set", "side": "bid", "price": 0.76, "size": 1200.0}, {"op": "set", "side": "ask", "price": 0.18, "size": 2977.48}]}
{"t": 1776976636.012798, "events": [{"op": "set", "side": "bid", "price": 0.77, "size": 1000.0}, {"op": "delete", "side": "bid", "price": 0.54}, {"op": "set", "side": "bid", "price": 0.53, "size": 7.0}, {"op": "set", "side": "bid", "price": 0.03, "size": 46.0}, {"op": "set", "side": "bid", "price": 0.78, "size": 26.0}, {"op": "delete", "side": "ask", "price": 0.16}, {"op": "set", "side": "ask", "price": 0.18, "size": 3006.48}]}
{"t": 1776976640.0406752, "events": [{"op": "delete", "side": "bid", "price": 0.78}]}
{"t": 1776976641.045354, "events": [{"op": "set", "side": "bid", "price": 0.78, "size": 26.0}]}
{"t": 1776976650.106755, "events": [{"op": "delete", "side": "bid", "price": 0.78}]}
{"t": 1776976651.118593, "events": [{"op": "set", "side": "bid", "price": 0.78, "size": 25.0}]}
{"t": 1776976655.139762, "events": [{"op": "delete", "side": "bid", "price": 0.78}]}
{"t": 1776976656.145735, "events": [{"op": "set", "side": "bid", "price": 0.78, "size": 25.0}]}
{"t": 1776976660.164791, "events": [{"op": "delete", "side": "bid", "price": 0.78}]}
{"t": 1776976662.1883461, "events": [{"op": "set", "side": "bid", "price": 0.78, "size": 25.0}]}
{"t": 1776976665.228876, "events": [{"op": "delete", "side": "bid", "price": 0.78}]}
{"t": 1776976666.242671, "events": [{"op": "set", "side": "bid", "price": 0.78, "size": 25.0}]}
{"t": 1776976670.27538, "events": [{"op": "delete", "side": "bid", "price": 0.78}]}
{"t": 1776976671.281625, "events": [{"op": "set", "side": "bid", "price": 0.78, "size": 25.0}]}
{"t": 1776976675.3047261, "events": [{"op": "delete", "side": "bid", "price": 0.78}]}
{"t": 1776976676.313505, "events": [{"op": "set", "side": "bid", "price": 0.78, "size": 25.0}]}
{"t": 1776976680.334271, "events": [{"op": "delete", "side": "bid", "price": 0.78}]}
{"t": 1776976681.3585122, "events": [{"op": "set", "side": "bid", "price": 0.78, "size": 25.0}]}
{"t": 1776976690.397115, "events": [{"op": "delete", "side": "bid", "price": 0.78}]}
{"t": 1776976691.417778, "events": [{"op": "set", "side": "bid", "price": 0.78, "size": 25.0}]}
{"t": 1776976694.6291242, "events": [{"op": "set", "side": "bid", "price": 0.76, "size": 200.0}, {"op": "delete", "side": "bid", "price": 0.77}, {"op": "set", "side": "bid", "price": 0.53, "size": 61.0}, {"op": "delete", "side": "bid", "price": 0.03}, {"op": "set", "side": "ask", "price": 0.18, "size": 977.48}]}
{"t": 1776976695.801642, "events": [{"op": "delete", "side": "bid", "price": 0.78}, {"op": "set", "side": "bid", "price": 0.77, "size": 27.0}, {"op": "set", "side": "ask", "price": 0.16, "size": 37.0}]}
{"t": 1776976698.8431628, "events": [{"op": "set", "side": "bid", "price": 0.77, "size": 894.0}, {"op": "set", "side": "bid", "price": 0.79, "size": 47.0}, {"op": "set", "side": "bid", "price": 0.78, "size": 35.0}, {"op": "set", "side": "ask", "price": 0.18, "size": 1977.48}]}
{"t": 1776976702.870096, "events": [{"op": "delete", "side": "bid", "price": 0.79}, {"op": "delete", "side": "bid", "price": 0.78}, {"op": "set", "side": "bid", "price": 0.77, "size": 867.0}, {"op": "delete", "side": "ask", "price": 0.16}]}
{"t": 1776976703.879584, "events": [{"op": "set", "side": "bid", "price": 0.77, "size": 1000.0}, {"op": "set", "side": "bid", "price": 0.76, "size": 1200.0}, {"op": "set", "side": "bid", "price": 0.78, "size": 26.0}, {"op": "set", "side": "ask", "price": 0.18, "size": 2977.48}, {"op": "set", "side": "ask", "price": 0.16, "size": 37.0}]}
{"t": 1776976705.8967402, "events": [{"op": "delete", "side": "ask", "price": 0.16}, {"op": "set", "side": "ask", "price": 0.18, "size": 3006.48}]}
{"t": 1776976709.929922, "events": [{"op": "delete", "side": "bid", "price": 0.78}]}
{"t": 1776976710.941517, "events": [{"op": "set", "side": "bid", "price": 0.78, "size": 26.0}]}
{"t": 1776976714.967621, "events": [{"op": "delete", "side": "bid", "price": 0.78}]}
{"t": 1776976715.9786172, "events": [{"op": "set", "side": "bid", "price": 0.78, "size": 26.0}]}
{"t": 1776976725.0786262, "events": [{"op": "delete", "side": "bid", "price": 0.78}]}
{"t": 1776976727.112159, "events": [{"op": "set", "side": "bid", "price": 0.78, "size": 26.0}]}
{"t": 1776976732.18078, "events": [{"op": "delete", "side": "bid", "price": 0.78}]}
{"t": 1776976736.203402, "events": [{"op": "set", "side": "bid", "price": 0.78, "size": 25.0}]}
{"t": 1776976746.492167, "events": [{"op": "delete", "side": "bid", "price": 0.78}]}
{"t": 1776976752.540415, "events": [{"op": "set", "side": "bid", "price": 0.78, "size": 25.0}]}
{"t": 1776976755.570341, "events": [{"op": "delete", "side": "bid", "price": 0.78}]}
{"t": 1776976756.580106, "events": [{"op": "set", "side": "bid", "price": 0.78, "size": 25.0}]}
{"t": 1776976765.655814, "events": [{"op": "delete", "side": "bid", "price": 0.78}]}
{"t": 1776976766.6620412, "events": [{"op": "set", "side": "bid", "price": 0.78, "size": 25.0}]}
{"t": 1776976770.703775, "events": [{"op": "delete", "side": "bid", "price": 0.78}]}
{"t": 1776976771.725236, "events": [{"op": "set", "side": "bid", "price": 0.78, "size": 25.0}]}
{"t": 1776976785.8373, "events": [{"op": "delete", "side": "bid", "price": 0.78}]}
{"t": 1776976786.846972, "events": [{"op": "set", "side": "bid", "price": 0.78, "size": 25.0}]}
{"t": 1776976790.891396, "events": [{"op": "delete", "side": "bid", "price": 0.78}]}
{"t": 1776976791.9012082, "events": [{"op": "set", "side": "bid", "price": 0.78, "size": 25.0}]}
{"t": 1776976798.966105, "events": [{"op": "set", "side": "bid", "price": 0.76, "size": 200.0}, {"op": "delete", "side": "bid", "price": 0.77}, {"op": "set", "side": "bid", "price": 0.53, "size": 7.0}, {"op": "set", "side": "bid", "price": 0.47, "size": 49.0}, {"op": "set", "side": "ask", "price": 0.18, "size": 1006.48}]}
{"t": 1776976800.994625, "events": [{"op": "delete", "side": "bid", "price": 0.78}]}
{"t": 1776976802.004491, "events": [{"op": "set", "side": "bid", "price": 0.77, "size": 27.0}]}
{"t": 1776976803.02252, "events": [{"op": "set", "side": "bid", "price": 0.77, "size": 1027.0}, {"op": "set", "side": "bid", "price": 0.76, "size": 217.0}, {"op": "set", "side": "bid", "price": 0.61, "size": 14.0}, {"op": "set", "side": "ask", "price": 0.18, "size": 3010.48}]}
{"t": 1776976806.063827, "events": [{"op": "set", "side": "bid", "price": 0.77, "size": 917.0}, {"op": "set", "side": "bid", "price": 0.76, "size": 200.0}, {"op": "delete", "side": "bid", "price": 0.61}]}
{"t": 1776976807.082735, "events": [{"op": "set", "side": "bid", "price": 0.78, "size": 25.0}]}
{"t": 1776976808.091316, "events": [{"op": "set", "side": "bid", "price": 0.78, "size": 60.0}, {"op": "set", "side": "bid", "price": 0.79, "size": 47.0}]}
{"t": 1776976811.119054, "events": [{"op": "set", "side": "bid", "price": 0.78, "size": 35.0}]}
{"t": 1776976812.1601799, "events": [{"op": "set", "side": "bid", "price": 0.79, "size": 24.0}, {"op": "delete", "side": "bid", "price": 0.78}, {"op": "delete", "side": "bid", "price": 0.77}]}
{"t": 1776976814.181136, "events": [{"op": "set", "side": "bid", "price": 0.8, "size": 1311.54}, {"op": "set", "side": "bid", "price": 0.81, "size": 1000.0}, {"op": "set", "side": "ask", "price": 0.18, "size": 2977.48}, {"op": "set", "side": "ask", "price": 0.16, "size": 37.0}]}
{"t": 1776976816.192041, "events": [{"op": "delete", "side": "bid", "price": 0.81}, {"op": "set", "side": "bid", "price": 0.8, "size": 311.53999999999996}]}
{"t": 1776976817.207639, "events": [{"op": "delete", "side": "bid", "price": 0.79}, {"op": "set", "side": "bid", "price": 0.76, "size": 217.0}, {"op": "set", "side": "bid", "price": 0.77, "size": 1000.0}, {"op": "set", "side": "bid", "price": 0.61, "size": 14.0}, {"op": "delete", "side": "ask", "price": 0.16}]}
{"t": 1776976818.228111, "events": [{"op": "set", "side": "bid", "price": 0.77, "size": 1026.0}, {"op": "set", "side": "ask", "price": 0.18, "size": 3011.48}]}
{"t": 1776976820.246989, "events": [{"op": "set", "side": "bid", "price": 0.76, "size": 200.0}, {"op": "delete", "side": "bid", "price": 0.61}]}
{"t": 1776976821.2622788, "events": [{"op": "set", "side": "bid", "price": 0.77, "size": 917.0}, {"op": "set", "side": "bid", "price": 0.78, "size": 34.0}, {"op": "set", "side": "bid", "price": 0.79, "size": 68.0}]}
{"t": 1776976823.281095, "events": [{"op": "set", "side": "bid", "price": 0.8, "size": 341.53999999999996}, {"op": "set", "side": "bid", "price": 0.79, "size": 920.0}, {"op": "delete", "side": "bid", "price": 0.78}, {"op": "delete", "side": "bid", "price": 0.77}, {"op": "set", "side": "bid", "price": 0.81, "size": 39.0}, {"op": "set", "side": "ask", "price": 0.18, "size": 1011.48}]}
{"t": 1776976825.307746, "events": [{"op": "delete", "side": "bid", "price": 0.81}, {"op": "set", "side": "bid", "price": 0.8, "size": 311.53999999999996}, {"op": "set", "side": "bid", "price": 0.79, "size": 23.0}]}
{"t": 1776976826.322222, "events": [{"op": "delete", "side": "bid", "price": 0.79}, {"op": "set", "side": "bid", "price": 0.76, "size": 217.0}, {"op": "set", "side": "bid", "price": 0.77, "size": 1026.0}, {"op": "set", "side": "bid", "price": 0.61, "size": 14.0}, {"op": "set", "side": "ask", "price": 0.18, "size": 3011.48}]}
{"t": 1776976829.35049, "events": [{"op": "set", "side": "bid", "price": 0.76, "size": 200.0}, {"op": "delete", "side": "bid", "price": 0.61}]}
{"t": 1776976830.3663218, "events": [{"op": "set", "side": "bid", "price": 0.77, "size": 944.0}]}
{"t": 1776976831.380969, "events": [{"op": "set", "side": "bid", "price": 0.77, "size": 918.0}, {"op": "set", "side": "bid", "price": 0.78, "size": 58.0}, {"op": "set", "side": "bid", "price": 0.79, "size": 45.0}]}
{"t": 1776976834.404785, "events": [{"op": "delete", "side": "bid", "price": 0.76}, {"op": "delete", "side": "bid", "price": 0.77}, {"op": "delete", "side": "bid", "price": 0.53}]}
{"t": 1776976835.417113, "events": [{"op": "set", "side": "bid", "price": 0.55, "size": 62.0}, {"op": "set", "side": "bid", "price": 0.77, "size": 200.0}]}
{"t": 1776976836.4244428, "events": [{"op": "set", "side": "bid", "price": 0.8, "size": 354.53999999999996}, {"op": "set", "side": "bid", "price": 0.79, "size": 32.0}, {"op": "set", "side": "bid", "price": 0.78, "size": 942.0}]}
{"t": 1776976837.434342, "events": [{"op": "set", "side": "bid", "price": 0.79, "size": 55.0}]}
{"t": 1776976839.444206, "events": [{"op": "set", "side": "bid", "price": 0.8, "size": 340.53999999999996}, {"op": "delete", "side": "bid", "price": 0.78}]}
{"t": 1776976840.4514198, "events": [{"op": "set", "side": "bid", "price": 0.79, "size": 983.0}, {"op": "set", "side": "bid", "price": 0.81, "size": 39.0}]}
{"t": 1776976841.461482, "events": [{"op": "set", "side": "bid", "price": 0.79, "size": 960.0}, {"op": "set", "side": "bid", "price": 0.78, "size": 25.0}]}
{"t": 1776976843.4774091, "events": [{"op": "delete", "side": "bid", "price": 0.81}, {"op": "set", "side": "bid", "price": 0.79, "size": 32.0}, {"op": "delete", "side": "bid", "price": 0.47}, {"op": "set", "side": "bid", "price": 0.53, "size": 45.0}]}
{"t": 1776976844.4879239, "events": [{"op": "set", "side": "bid", "price": 0.8, "size": 353.53999999999996}, {"op": "set", "side": "bid", "price": 0.78, "size": 987.0}, {"op": "set", "side": "bid", "price": 0.47, "size": 13.0}]}
{"t": 1776976846.5011148, "events": [{"op": "set", "side": "bid", "price": 0.79, "size": 55.0}, {"op": "set", "side": "bid", "price": 0.78, "size": 962.0}]}
{"t": 1776976856.5596192, "events": [{"op": "set", "side": "bid", "price": 0.8, "size": 311.53999999999996}, {"op": "set", "side": "bid", "price": 0.79, "size": 23.0}, {"op": "delete", "side": "bid", "price": 0.78}]}
{"t": 1776976857.581012, "events": [{"op": "set", "side": "bid", "price": 0.81, "size": 2000.0}, {"op": "set", "side": "ask", "price": 0.18, "size": 2977.48}]}
{"t": 1776976858.589715, "events": [{"op": "set", "side": "ask", "price": 0.16, "size": 37.0}]}
{"t": 1776976861.608445, "events": [{"op": "delete", "side": "bid", "price": 0.79}, {"op": "set", "side": "bid", "price": 0.78, "size": 26.0}]}
{"t": 1776976862.621618, "events": [{"op": "delete", "side": "bid", "price": 0.81}]}
{"t": 1776976864.6476958, "events": [{"op": "set", "side": "bid", "price": 0.8, "size": 354.53999999999996}, {"op": "set", "side": "bid", "price": 0.78, "size": 989.0}, {"op": "set", "side": "bid", "price": 0.79, "size": 33.0}]}
{"t": 1776976867.673836, "events": [{"op": "set", "side": "bid", "price": 0.79, "size": 56.0}, {"op": "set", "side": "bid", "price": 0.78, "size": 963.0}, {"op": "delete", "side": "ask", "price": 0.16}, {"op": "set", "side": "ask", "price": 0.18, "size": 3012.48}]}
{"t": 1776976873.730138, "events": [{"op": "set", "side": "bid", "price": 0.8, "size": 311.53999999999996}, {"op": "set", "side": "bid", "price": 0.79, "size": 23.0}, {"op": "delete", "side": "bid", "price": 0.78}, {"op": "set", "side": "ask", "price": 0.18, "size": 1012.48}]}
{"t": 1776976876.771445, "events": [{"op": "delete", "side": "bid", "price": 0.79}, {"op": "set", "side": "bid", "price": 0.77, "size": 227.0}, {"op": "set", "side": "bid", "price": 0.57, "size": 20.0}, {"op": "set", "side": "bid", "price": 0.78, "size": 1026.0}, {"op": "set", "side": "ask", "price": 0.18, "size": 3012.48}]}
{"t": 1776976880.821571, "events": [{"op": "set", "side": "bid", "price": 0.8, "size": 354.53999999999996}, {"op": "set", "side": "bid", "price": 0.78, "size": 946.0}, {"op": "set", "side": "bid", "price": 0.77, "size": 200.0}, {"op": "delete", "side": "bid", "price": 0.57}, {"op": "set", "side": "bid", "price": 0.79, "size": 32.0}]}
{"t": 1776976881.847991, "events": [{"op": "set", "side": "bid", "price": 0.79, "size": 55.0}, {"op": "set", "side": "bid", "price": 0.78, "size": 920.0}]}
{"t": 1776976885.872129, "events": [{"op": "set", "side": "bid", "price": 0.8, "size": 340.53999999999996}, {"op": "delete", "side": "bid", "price": 0.78}]}
{"t": 1776976886.884876, "events": [{"op": "set", "side": "bid", "price": 0.79, "size": 32.0}, {"op": "set", "side": "bid", "price": 0.78, "size": 25.0}]}
{"t": 1776976887.9062011, "events": [{"op": "set", "side": "bid", "price": 0.79, "size": 944.0}, {"op": "set", "side": "bid", "price": 0.81, "size": 37.0}]}
{"t": 1776976889.923457, "events": [{"op": "delete", "side": "bid", "price": 0.81}, {"op": "set", "side": "bid", "price": 0.79, "size": 31.0}]}
{"t": 1776976891.953293, "events": [{"op": "set", "side": "bid", "price": 0.8, "size": 352.53999999999996}, {"op": "set", "side": "bid", "price": 0.79, "size": 54.0}, {"op": "set", "side": "bid", "price": 0.78, "size": 961.0}]}
{"t": 1776976894.0004108, "events": [{"op": "set", "side": "bid", "price": 0.8, "size": 340.53999999999996}, {"op": "delete", "side": "bid", "price": 0.78}]}
{"t": 1776976896.023417, "events": [{"op": "set", "side": "bid", "price": 0.79, "size": 986.0}, {"op": "set", "side": "bid", "price": 0.81, "size": 37.0}]}
{"t": 1776976897.036383, "events": [{"op": "set", "side": "bid", "price": 0.79, "size": 963.0}]}
{"t": 1776976899.057378, "events": [{"op": "set", "side": "bid", "price": 0.78, "size": 25.0}]}
{"t": 1776976900.0714052, "events": [{"op": "delete", "side": "bid", "price": 0.81}, {"op": "set", "side": "bid", "price": 0.79, "size": 31.0}]}
{"t": 1776976902.095287, "events": [{"op": "set", "side": "bid", "price": 0.8, "size": 352.53999999999996}, {"op": "set", "side": "bid", "price": 0.78, "size": 988.0}]}
{"t": 1776976907.188873, "events": [{"op": "set", "side": "bid", "price": 0.78, "size": 963.0}]}
{"t": 1776976908.196084, "events": [{"op": "set", "side": "bid", "price": 0.79, "size": 54.0}]}
{"t": 1776976911.240003, "events": [{"op": "set", "side": "bid", "price": 0.8, "size": 339.53999999999996}, {"op": "delete", "side": "bid", "price": 0.78}]}
{"t": 1776976912.4020412, "events": [{"op": "set", "side": "bid", "price": 0.79, "size": 964.0}, {"op": "set", "side": "bid", "price": 0.81, "size": 38.0}]}
{"t": 1776976915.429585, "events": [{"op": "set", "side": "bid", "price": 0.78, "size": 25.0}]}
{"t": 1776976916.451133, "events": [{"op": "delete", "side": "bid", "price": 0.78}]}
{"t": 1776976917.458861, "events": [{"op": "set", "side": "bid", "price": 0.78, "size": 25.0}]}
{"t": 1776976926.536787, "events": [{"op": "delete", "side": "bid", "price": 0.78}]}
{"t": 1776976927.551632, "events": [{"op": "set", "side": "bid", "price": 0.78, "size": 25.0}]}
{"t": 1776976929.578751, "events": [{"op": "delete", "side": "bid", "price": 0.81}, {"op": "set", "side": "bid", "price": 0.79, "size": 30.0}]}
{"t": 1776976930.605024, "events": [{"op": "set", "side": "bid", "price": 0.8, "size": 351.53999999999996}, {"op": "set", "side": "bid", "price": 0.78, "size": 989.0}]}
{"t": 1776976931.623748, "events": [{"op": "set", "side": "bid", "price": 0.78, "size": 964.0}]}
{"t": 1776976932.637355, "events": [{"op": "set", "side": "bid", "price": 0.79, "size": 52.0}]}
{"t": 1776976936.672655, "events": [{"op": "set", "side": "bid", "price": 0.79, "size": 30.0}]}
{"t": 1776976938.691734, "events": [{"op": "set", "side": "bid", "price": 0.8, "size": 311.53999999999996}, {"op": "set", "side": "bid", "price": 0.79, "size": 23.0}, {"op": "delete", "side": "bid", "price": 0.78}, {"op": "set", "side": "bid", "price": 0.81, "size": 1000.0}]}
{"t": 1776976939.711393, "events": [{"op": "set", "side": "bid", "price": 0.81, "size": 2000.0}]}
{"t": 1776976941.7294898, "events": [{"op": "delete", "side": "bid", "price": 0.79}]}
{"t": 1776976942.738662, "events": [{"op": "set", "side": "bid", "price": 0.78, "size": 26.0}]}
{"t": 1776976946.774417, "events": [{"op": "delete", "side": "bid", "price": 0.78}]}
{"t": 1776976947.781201, "events": [{"op": "set", "side": "bid", "price": 0.78, "size": 26.0}]}
{"t": 1776976953.820556, "events": [{"op": "delete", "side": "bid", "price": 0.77}]}
{"t": 1776976954.828237, "events": [{"op": "set", "side": "bid", "price": 0.76, "size": 200.0}]}
{"t": 1776976956.8416572, "events": [{"op": "delete", "side": "bid", "price": 0.78}, {"op": "set", "side": "bid", "price": 0.77, "size": 27.0}]}
{"t": 1776976961.860786, "events": [{"op": "delete", "side": "bid", "price": 0.77}]}
{"t": 1776976962.8689432, "events": [{"op": "set", "side": "bid", "price": 0.77, "size": 27.0}]}
{"t": 1776976966.893217, "events": [{"op": "delete", "side": "bid", "price": 0.77}]}
{"t": 1776976967.899841, "events": [{"op": "set", "side": "bid", "price": 0.77, "size": 27.0}]}
{"t": 1776976969.9200552, "events": [{"op": "delete", "side": "bid", "price": 0.81}]}
{"t": 1776976970.939878, "events": [{"op": "set", "side": "bid", "price": 0.77, "size": 992.0}, {"op": "set", "side": "bid", "price": 0.78, "size": 32.0}, {"op": "set", "side": "bid", "price": 0.79, "size": 42.0}]}
{"t": 1776976971.962135, "events": [{"op": "set", "side": "bid", "price": 0.77, "size": 965.0}, {"op": "delete", "side": "bid", "price": 0.53}, {"op": "set", "side": "bid", "price": 0.03, "size": 41.0}]}
{"t": 1776976972.975918, "events": [{"op": "delete", "side": "bid", "price": 0.76}, {"op": "set", "side": "bid", "price": 0.78, "size": 56.0}, {"op": "set", "side": "bid", "price": 0.55, "size": 55.0}]}
{"t": 1776976973.991848, "events": [{"op": "set", "side": "bid", "price": 0.77, "size": 1165.0}, {"op": "set", "side": "bid", "price": 0.57, "size": 12.0}]}
{"t": 1776976976.001222, "events": [{"op": "set", "side": "bid", "price": 0.77, "size": 200.0}, {"op": "set", "side": "bid", "price": 0.53, "size": 18.0}, {"op": "delete", "side": "bid", "price": 0.47}]}
{"t": 1776976977.017309, "events": [{"op": "set", "side": "bid", "price": 0.8, "size": 349.53999999999996}, {"op": "set", "side": "bid", "price": 0.79, "size": 28.0}, {"op": "set", "side": "bid", "price": 0.78, "size": 965.0}]}
{"t": 1776976978.030357, "events": [{"op": "set", "side": "bid", "price": 0.79, "size": 51.0}]}
{"t": 1776976979.055949, "events": [{"op": "delete", "side": "bid", "price": 0.78}]}
{"t": 1776976980.067904, "events": [{"op": "set", "side": "bid", "price": 0.8, "size": 338.53999999999996}, {"op": "set", "side": "bid", "price": 0.79, "size": 988.0}, {"op": "set", "side": "bid", "price": 0.81, "size": 36.0}]}
{"t": 1776976982.084939, "events": [{"op": "set", "side": "bid", "price": 0.79, "size": 965.0}, {"op": "set", "side": "bid", "price": 0.78, "size": 25.0}]}
{"t": 1776976987.12725, "events": [{"op": "delete", "side": "bid", "price": 0.78}]}
{"t": 1776976988.13999, "events": [{"op": "set", "side": "bid", "price": 0.78, "size": 25.0}]}
{"t": 1776976992.1589901, "events": [{"op": "delete", "side": "bid", "price": 0.81}, {"op": "set", "side": "bid", "price": 0.8, "size": 350.53999999999996}, {"op": "set", "side": "bid", "price": 0.79, "size": 29.0}, {"op": "set", "side": "bid", "price": 0.78, "size": 965.0}]}
{"t": 1776976993.171943, "events": [{"op": "set", "side": "bid", "price": 0.79, "size": 51.0}]}
{"t": 1776976997.2072861, "events": [{"op": "set", "side": "bid", "price": 0.8, "size": 337.53999999999996}, {"op": "set", "side": "bid", "price": 0.79, "size": 965.0}, {"op": "delete", "side": "bid", "price": 0.78}, {"op": "delete", "side": "bid", "price": 0.03}, {"op": "set", "side": "bid", "price": 0.47, "size": 40.0}, {"op": "set", "side": "bid", "price": 0.81, "size": 33.0}]}
{"t": 1776976999.238602, "events": [{"op": "set", "side": "bid", "price": 0.78, "size": 25.0}]}
{"t": 1776977009.313969, "events": [{"op": "delete", "side": "bid", "price": 0.81}, {"op": "set", "side": "bid", "price": 0.8, "size": 349.53999999999996}, {"op": "set", "side": "bid", "price": 0.79, "size": 29.0}, {"op": "set", "side": "bid", "price": 0.78, "size": 991.0}]}
{"t": 1776977012.346987, "events": [{"op": "set", "side": "bid", "price": 0.78, "size": 966.0}]}
{"t": 1776977013.4125519, "events": [{"op": "set", "side": "bid", "price": 0.79, "size": 52.0}]}
{"t": 1776977017.440346, "events": [{"op": "set", "side": "bid", "price": 0.79, "size": 29.0}]}
{"t": 1776977019.458981, "events": [{"op": "set", "side": "bid", "price": 0.79, "size": 52.0}]}
{"t": 1776977022.481051, "events": [{"op": "set", "side": "bid", "price": 0.8, "size": 337.53999999999996}, {"op": "set", "side": "bid", "price": 0.79, "size": 51.0}, {"op": "delete", "side": "bid", "price": 0.78}]}
{"t": 1776977023.497673, "events": [{"op": "set", "side": "bid", "price": 0.79, "size": 989.0}, {"op": "set", "side": "bid", "price": 0.81, "size": 35.0}]}
{"t": 1776977027.54447, "events": [{"op": "delete", "side": "bid", "price": 0.81}, {"op": "set", "side": "bid", "price": 0.8, "size": 311.53999999999996}, {"op": "delete", "side": "bid", "price": 0.79}, {"op": "set", "side": "ask", "price": 0.18, "size": 1012.48}]}
{"t": 1776977028.556958, "events": [{"op": "set", "side": "bid", "price": 0.78, "size": 25.0}, {"op": "set", "side": "ask", "price": 0.18, "size": 977.48}]}
{"t": 1776977029.581287, "events": [{"op": "set", "side": "ask", "price": 0.16, "size": 37.0}]}
{"t": 1776977031.587998, "events": [{"op": "set", "side": "bid", "price": 0.8, "size": 1311.54}, {"op": "set", "side": "bid", "price": 0.81, "size": 1000.0}, {"op": "set", "side": "ask", "price": 0.18, "size": 1977.48}]}
{"t": 1776977032.5981371, "events": [{"op": "delete", "side": "bid", "price": 0.78}, {"op": "delete", "side": "ask", "price": 0.16}]}
{"t": 1776977033.6091561, "events": [{"op": "delete", "side": "bid", "price": 0.77}, {"op": "delete", "side": "bid", "price": 0.57}, {"op": "set", "side": "bid", "price": 0.78, "size": 27.0}, {"op": "set", "side": "ask", "price": 0.16, "size": 36.0}]}
{"t": 1776977034.625482, "events": [{"op": "set", "side": "bid", "price": 0.5, "size": 19.0}, {"op": "set", "side": "bid", "price": 0.74, "size": 200.0}]}
{"t": 1776977036.641244, "events": [{"op": "delete", "side": "bid", "price": 0.81}, {"op": "set", "side": "bid", "price": 0.8, "size": 311.53999999999996}, {"op": "delete", "side": "bid", "price": 0.53}, {"op": "set", "side": "bid", "price": 0.03, "size": 13.0}]}
{"t": 1776977037.65825, "events": [{"op": "delete", "side": "bid", "price": 0.78}, {"op": "set", "side": "bid", "price": 0.74, "size": 216.0}, {"op": "set", "side": "bid", "price": 0.75, "size": 1000.0}, {"op": "set", "side": "bid", "price": 0.76, "size": 27.0}, {"op": "set", "side": "bid", "price": 0.61, "size": 12.0}, {"op": "set", "side": "bid", "price": 0.53, "size": 25.0}, {"op": "delete", "side": "bid", "price": 0.47}, {"op": "delete", "side": "ask", "price": 0.16}, {"op": "set", "side": "ask", "price": 0.18, "size": 3011.48}]}
{"t": 1776977052.744798, "events": [{"op": "set", "side": "bid", "price": 0.76, "size": 928.0}, {"op": "set", "side": "bid", "price": 0.74, "size": 200.0}, {"op": "set", "side": "bid", "price": 0.75, "size": 28.0}, {"op": "delete", "side": "bid", "price": 0.61}, {"op": "set", "side": "bid", "price": 0.77, "size": 30.0}, {"op": "set", "side": "bid", "price": 0.78, "size": 41.0}]}
{"t": 1776977057.7837021, "events": [{"op": "delete", "side": "bid", "price": 0.78}, {"op": "delete", "side": "bid", "price": 0.75}, {"op": "set", "side": "bid", "price": 0.79, "size": 23.0}]}
{"t": 1776977058.819532, "events": [{"op": "set", "side": "bid", "price": 0.76, "size": 31.0}, {"op": "set", "side": "bid", "price": 0.77, "size": 42.0}, {"op": "set", "side": "bid", "price": 0.75, "size": 950.0}, {"op": "delete", "side": "bid", "price": 0.03}, {"op": "set", "side": "bid", "price": 0.47, "size": 29.0}]}
{"t": 1776977062.857884, "events": [{"op": "delete", "side": "bid", "price": 0.79}, {"op": "set", "side": "bid", "price": 0.78, "size": 25.0}]}
{"t": 1776977075.923553, "events": [{"op": "delete", "side": "bid", "price": 0.76}, {"op": "delete", "side": "bid", "price": 0.75}, {"op": "delete", "side": "bid", "price": 0.77}]}
{"t": 1776977077.9874299, "events": [{"op": "set", "side": "bid", "price": 0.8, "size": 348.53999999999996}, {"op": "set", "side": "bid", "price": 0.78, "size": 965.0}, {"op": "set", "side": "bid", "price": 0.79, "size": 51.0}]}
{"t": 1776977088.161928, "events": [{"op": "set", "side": "bid", "price": 0.8, "size": 337.53999999999996}, {"op": "set", "side": "bid", "price": 0.79, "size": 968.0}, {"op": "delete", "side": "bid", "price": 0.78}, {"op": "set", "side": "bid", "price": 0.75, "size": 28.0}, {"op": "set", "side": "bid", "price": 0.81, "size": 33.0}]}
{"t": 1776977092.223785, "events": [{"op": "delete", "side": "bid", "price": 0.75}]}
{"t": 1776977093.235487, "events": [{"op": "set", "side": "bid", "price": 0.75, "size": 28.0}]}
{"t": 1776977094.2532868, "events": [{"op": "delete", "side": "bid", "price": 0.81}, {"op": "set", "side": "bid", "price": 0.8, "size": 311.53999999999996}, {"op": "delete", "side": "bid", "price": 0.79}, {"op": "delete", "side": "bid", "price": 0.53}, {"op": "set", "side": "bid", "price": 0.03, "size": 25.0}]}
{"t": 1776977095.277729, "events": [{"op": "set", "side": "bid", "price": 0.75, "size": 996.0}, {"op": "set", "side": "bid", "price": 0.76, "size": 31.0}, {"op": "set", "side": "bid", "price": 0.77, "size": 41.0}]}
{"t": 1776977097.301329, "events": [{"op": "set", "side": "bid", "price": 0.75, "size": 968.0}]}
{"t": 1776977098.3066041, "events": [{"op": "set", "side": "bid", "price": 0.78, "size": 24.0}]}
{"t": 1776977102.3221838, "events": [{"op": "delete", "side": "bid", "price": 0.78}]}
{"t": 1776977103.330272, "events": [{"op": "set", "side": "bid", "price": 0.78, "size": 24.0}]}
{"t": 1776977107.342998, "events": [{"op": "delete", "side": "bid", "price": 0.78}]}
{"t": 1776977108.387475, "events": [{"op": "set", "side": "bid", "price": 0.78, "size": 24.0}]}
{"t": 1776977109.418417, "events": [{"op": "delete", "side": "bid", "price": 0.76}, {"op": "delete", "side": "bid", "price": 0.75}, {"op": "delete", "side": "bid", "price": 0.77}]}
{"t": 1776977111.429607, "events": [{"op": "set", "side": "bid", "price": 0.8, "size": 346.53999999999996}, {"op": "set", "side": "bid", "price": 0.78, "size": 992.0}, {"op": "set", "side": "bid", "price": 0.53, "size": 30.0}, {"op": "set", "side": "bid", "price": 0.79, "size": 26.0}, {"op": "delete", "side": "bid", "price": 0.47}]}
{"t": 1776977112.4502468, "events": [{"op": "set", "side": "bid", "price": 0.79, "size": 49.0}, {"op": "set", "side": "bid", "price": 0.78, "size": 968.0}]}
{"t": 1776977114.464504, "events": [{"op": "set", "side": "bid", "price": 0.8, "size": 337.53999999999996}, {"op": "delete", "side": "bid", "price": 0.78}]}
{"t": 1776977116.493232, "events": [{"op": "set", "side": "bid", "price": 0.79, "size": 991.0}, {"op": "set", "side": "bid", "price": 0.81, "size": 33.0}]}
{"t": 1776977117.496323, "events": [{"op": "set", "side": "bid", "price": 0.79, "size": 968.0}, {"op": "set", "side": "bid", "price": 0.75, "size": 28.0}, {"op": "delete", "side": "bid", "price": 0.03}, {"op": "set", "side": "bid", "price": 0.47, "size": 27.0}]}
{"t": 1776977122.517152, "events": [{"op": "delete", "side": "bid", "price": 0.75}]}
{"t": 1776977123.525151, "events": [{"op": "set", "side": "bid", "price": 0.75, "size": 28.0}]}
{"t": 1776977127.5465631, "events": [{"op": "delete", "side": "bid", "price": 0.75}]}
{"t": 1776977128.558957, "events": [{"op": "set", "side": "bid", "price": 0.75, "size": 28.0}]}
{"t": 1776977130.577865, "events": [{"op": "delete", "side": "bid", "price": 0.81}, {"op": "set", "side": "bid", "price": 0.8, "size": 311.53999999999996}, {"op": "delete", "side": "bid", "price": 0.79}, {"op": "delete", "side": "ask", "price": 0.18}]}
{"t": 1776977132.614957, "events": [{"op": "delete", "side": "bid", "price": 0.75}, {"op": "set", "side": "bid", "price": 0.81, "size": 23.0}, {"op": "set", "side": "ask", "price": 0.14, "size": 39.0}]}
{"t": 1776977137.645556, "events": [{"op": "delete", "side": "ask", "price": 0.14}, {"op": "set", "side": "ask", "price": 0.17, "size": 906.11}]}
{"t": 1776977138.660905, "events": [{"op": "set", "side": "ask", "price": 0.14, "size": 39.0}]}
{"t": 1776977142.697314, "events": [{"op": "delete", "side": "ask", "price": 0.14}]}
{"t": 1776977143.710815, "events": [{"op": "set", "side": "ask", "price": 0.14, "size": 39.0}]}
{"t": 1776977152.806719, "events": [{"op": "delete", "side": "ask", "price": 0.14}, {"op": "set", "side": "ask", "price": 0.16, "size": 34.0}]}
{"t": 1776977162.883772, "events": [{"op": "delete", "side": "ask", "price": 0.16}]}
{"t": 1776977163.902998, "events": [{"op": "set", "side": "ask", "price": 0.16, "size": 34.0}]}
{"t": 1776977167.93128, "events": [{"op": "set", "side": "ask", "price": 0.17, "size": 874.0}]}
{"t": 1776977171.958969, "events": [{"op": "delete", "side": "bid", "price": 0.74}, {"op": "delete", "side": "bid", "price": 0.5}]}
{"t": 1776977172.967772, "events": [{"op": "set", "side": "bid", "price": 0.56, "size": 37.0}, {"op": "set", "side": "bid", "price": 0.52, "size": 371.0}, {"op": "delete", "side": "bid", "price": 0.47}, {"op": "set", "side": "bid", "price": 0.75, "size": 200.0}, {"op": "delete", "side": "ask", "price": 0.16}]}
{"t": 1776977173.988137, "events": [{"op": "set", "side": "ask", "price": 0.16, "size": 34.0}]}
{"t": 1776977178.0147588, "events": [{"op": "delete", "side": "ask", "price": 0.16}]}
{"t": 1776977179.031447, "events": [{"op": "set", "side": "ask", "price": 0.16, "size": 34.0}]}
{"t": 1776977188.102825, "events": [{"op": "delete", "side": "ask", "price": 0.16}]}
{"t": 1776977189.113677, "events": [{"op": "set", "side": "ask", "price": 0.16, "size": 34.0}]}
{"t": 1776977195.14306, "events": [{"op": "set", "side": "bid", "price": 0.54, "size": 60.0}]}
{"t": 1776977196.146487, "events": [{"op": "set", "side": "bid", "price": 0.54, "size": 120.0}]}
{"t": 1776977203.172438, "events": [{"op": "set", "side": "ask", "price": 0.13, "size": 97.0}]}
{"t": 1776977232.478465, "events": [{"op": "delete", "side": "ask", "price": 0.16}]}
{"t": 1776977233.48771, "events": [{"op": "set", "side": "ask", "price": 0.16, "size": 34.0}]}
{"t": 1776977247.553996, "events": [{"op": "delete", "side": "ask", "price": 0.16}]}
{"t": 1776977248.562433, "events": [{"op": "set", "side": "ask", "price": 0.16, "size": 34.0}]}
{"t": 1776977263.6344671, "events": [{"op": "set", "side": "bid", "price": 0.81, "size": 73.0}, {"op": "set", "side": "ask", "price": 0.16, "size": 33.0}]}
{"t": 1776977267.688226, "events": [{"op": "set", "side": "bid", "price": 0.56, "size": 16.0}, {"op": "set", "side": "bid", "price": 0.55, "size": 83.0}, {"op": "delete", "side": "ask", "price": 0.16}]}
{"t": 1776977268.70748, "events": [{"op": "set", "side": "ask", "price": 0.16, "size": 34.0}]}
{"t": 1776977272.737962, "events": [{"op": "delete", "side": "ask", "price": 0.16}]}
{"t": 1776977273.756143, "events": [{"op": "set", "side": "ask", "price": 0.16, "size": 34.0}]}
{"t": 1776977277.790047, "events": [{"op": "delete", "side": "ask", "price": 0.16}]}
{"t": 1776977278.801497, "events": [{"op": "set", "side": "ask", "price": 0.16, "size": 34.0}]}
{"t": 1776977282.825737, "events": [{"op": "delete", "side": "ask", "price": 0.16}]}
{"t": 1776977283.8374531, "events": [{"op": "set", "side": "ask", "price": 0.16, "size": 33.0}]}
{"t": 1776977287.8663838, "events": [{"op": "delete", "side": "ask", "price": 0.16}]}
{"t": 1776977288.873503, "events": [{"op": "set", "side": "ask", "price": 0.16, "size": 34.0}]}
{"t": 1776977302.961094, "events": [{"op": "delete", "side": "ask", "price": 0.16}]}
{"t": 1776977303.9781928, "events": [{"op": "set", "side": "bid", "price": 0.56, "size": 26.0}, {"op": "set", "side": "ask", "price": 0.16, "size": 34.0}]}
{"t": 1776977305.995125, "events": [{"op": "set", "side": "bid", "price": 0.56, "size": 36.0}]}
{"t": 1776977308.005868, "events": [{"op": "delete", "side": "ask", "price": 0.16}]}
{"t": 1776977309.012993, "events": [{"op": "set", "side": "ask", "price": 0.16, "size": 34.0}]}
{"t": 1776977314.045404, "events": [{"op": "set", "side": "bid", "price": 0.76, "size": 30.0}, {"op": "set", "side": "bid", "price": 0.57, "size": 50.0}]}
{"t": 1776977315.054204, "events": [{"op": "set", "side": "ask", "price": 0.13, "size": 127.0}, {"op": "set", "side": "ask", "price": 0.01, "size": 350.0}]}
{"t": 1776977318.0772748, "events": [{"op": "delete", "side": "ask", "price": 0.16}]}
{"t": 1776977319.093371, "events": [{"op": "set", "side": "ask", "price": 0.16, "size": 34.0}]}
{"t": 1776977322.1229582, "events": [{"op": "delete", "side": "bid", "price": 0.76}, {"op": "delete", "side": "bid", "price": 0.75}, {"op": "set", "side": "bid", "price": 0.73, "size": 30.0}]}
{"t": 1776977323.1296482, "events": [{"op": "set", "side": "bid", "price": 0.55, "size": 55.0}, {"op": "delete", "side": "bid", "price": 0.53}, {"op": "set", "side": "bid", "price": 0.74, "size": 200.0}, {"op": "set", "side": "bid", "price": 0.58, "size": 49.0}, {"op": "delete", "side": "ask", "price": 0.16}]}
{"t": 1776977324.143703, "events": [{"op": "set", "side": "ask", "price": 0.16, "size": 34.0}]}
{"t": 1776977333.203201, "events": [{"op": "delete", "side": "ask", "price": 0.16}]}
{"t": 1776977334.2134001, "events": [{"op": "set", "side": "ask", "price": 0.16, "size": 34.0}]}
{"t": 1776977353.314181, "events": [{"op": "set", "side": "ask", "price": 0.16, "size": 35.0}]}
{"t": 1776977374.45949, "events": [{"op": "delete", "side": "bid", "price": 0.58}, {"op": "set", "side": "bid", "price": 0.53, "size": 43.0}, {"op": "delete", "side": "bid", "price": 0.54}, {"op": "set", "side": "bid", "price": 0.47, "size": 15.0}]}
{"t":1776978858.741338,"e":[[1,0,0.82,995.0],[1,0,0.81,149.0],[0,0,0.47],[1,0,0.53,44.0],[1,1,0.15,371.0],[1,1,0.16,237.0],[1,1,0.17,568.88]]}
{"t":1776978859.757362,"e":[[1,0,0.82,1017.0],[1,1,0.16,268.0]]}
{"t":1776978860.778573,"e":[[1,0,0.82,1618.0]]}
{"t":1776978862.78689,"e":[[1,0,0.82,1017.0]]}
{"t":1776978863.79263,"e":[[1,0,0.82,1596.0],[1,0,0.81,173.0],[1,1,0.15,441.0],[1,1,0.16,389.0],[1,1,0.17,598.88]]}
{"t":1776978867.838359,"e":[[0,0,0.7]]}
{"t":1776978868.847336,"e":[[1,0,0.81,149.0],[1,1,0.16,356.0]]}
{"t":1776978869.856717,"e":[[1,0,0.82,245.0],[1,0,0.81,24.0],[1,1,0.15,60.0],[1,1,0.16,33.0],[1,1,0.17,524.88]]}
{"t":1776978871.882528,"e":[[1,0,0.82,995.0],[1,0,0.81,173.0],[1,1,0.15,370.0],[1,1,0.16,270.0],[1,1,0.17,568.88]]}
{"t":1776978873.903151,"e":[[1,0,0.82,1596.0]]}
{"t":1776978878.933455,"e":[[1,0,0.81,149.0],[1,1,0.16,237.0]]}
{"t":1776978879.942566,"e":[[1,0,0.82,995.0],[1,0,0.81,173.0],[1,1,0.16,270.0]]}
{"t":1776978880.958843,"e":[[1,0,0.82,455.0],[1,0,0.81,79.0],[1,0,0.47,13.0],[0,0,0.03]]}
{"t":1776978881.977016,"e":[[1,0,0.8,321.54],[1,1,0.15,439.0],[1,1,0.16,389.0],[1,1,0.17,598.88]]}
{"t":1776978882.9880111,"e":[[1,0,0.82,1056.0]]}
{"t":1776978883.9935749,"e":[[1,0,0.81,78.0],[1,1,0.16,391.0]]}
{"t":1776978886.0072901,"e":[[1,0,0.72,88.0]]}
{"t":1776978887.0160892,"e":[[1,0,0.74,13.0]]}
{"t":1776978892.061598,"e":[[1,0,0.82,694.0]]}
{"t":1776978893.067925,"e":[[1,0,0.81,298.0],[1,0,0.8,361.54]]}
{"t":1776978894.083298,"e":[[1,0,0.82,1295.0],[1,0,0.81,299.0],[1,1,0.16,389.0]]}
{"t":1776978901.116956,"e":[[1,0,0.82,694.0]]}
{"t":1776978902.12876,"e":[[1,1,0.15,438.0]]}
{"t":1776978903.141529,"e":[[1,0,0.82,1295.0]]}
{"t":1776978904.1533298,"e":[[1,1,0.16,356.0]]}
{"t":1776978905.168921,"e":[[1,1,0.16,389.0]]}
{"t":1776978906.199552,"e":[[1,0,0.82,694.0]]}
{"t":1776978907.2094898,"e":[[1,0,0.82,1295.0]]}
{"t":1776978909.223537,"e":[[1,0,0.82,245.0],[1,0,0.81,23.0],[1,0,0.8,311.54],[1,1,0.15,60.0],[1,1,0.16,35.0],[1,1,0.17,524.88]]}
{"t":1776978910.24915,"e":[[1,0,0.82,846.0]]}
{"t":1776978912.262826,"e":[[1,0,0.82,995.0],[1,0,0.81,172.0],[1,1,0.15,366.0],[1,1,0.16,271.0],[1,1,0.17,568.88]]}
{"t":1776978914.3329191,"e":[[1,0,0.81,173.0],[1,1,0.16,269.0]]}
{"t":1776978915.3441558,"e":[[1,0,0.82,1596.0]]}
{"t":1776978924.409956,"e":[[1,0,0.82,1295.0],[1,0,0.81,299.0],[1,0,0.8,361.54],[1,1,0.15,438.0],[1,1,0.16,390.0],[1,1,0.17,598.88]]}
{"t":1776978929.4566789,"e":[[1,0,0.82,694.0],[1,0,0.81,298.0]]}
{"t":1776978930.468961,"e":[[1,0,0.82,1295.0],[1,1,0.15,436.0]]}
{"t":1776978933.487251,"e":[[1,0,0.82,995.0],[1,0,0.81,149.0],[1,0,0.8,311.54],[1,1,0.15,362.0],[1,1,0.16,235.0],[1,1,0.17,568.88]]}
{"t":1776978934.500247,"e":[[1,0,0.82,1596.0],[1,0,0.81,172.0],[1,1,0.16,269.0]]}
{"t":1776978936.5240052,"e":[[1,0,0.69,1.0]]}
{"t":1776978937.528013,"e":[[1,0,0.82,694.0],[1,0,0.81,298.0],[1,0,0.8,361.54],[1,1,0.15,436.0],[1,1,0.16,390.0],[1,1,0.17,598.88]]}
{"t":1776978938.539449,"e":[[1,0,0.82,1295.0],[1,0,0.81,275.0],[1,1,0.16,356.0]]}
{"t":1776978939.546706,"e":[[1,0,0.81,23.0],[0,0,0.53],[1,0,0.03,46.0],[1,1,0.15,362.0],[1,1,0.16,35.0],[1,1,0.17,568.88]]}
{"t":1776978940.554606,"e":[[1,0,0.82,1396.0],[1,0,0.8,611.54],[1,0,0.74,63.0],[1,1,0.13,542.0],[1,1,0.15,522.0],[1,1,0.17,623.88]]}
{"t":1776978942.8010938,"e":[[1,0,0.82,995.0],[1,0,0.8,311.53999999999996],[1,0,0.74,13.0],[1,1,0.13,47.0],[1,1,0.15,475.0],[1,1,0.17,598.88]]}
{"t":1776978943.870709,"e":[[1,0,0.82,1596.0],[1,0,0.81,173.0],[1,1,0.16,405.0]]}
{"t":1776978944.886556,"e":[[1,0,0.82,694.0]]}
{"t":1776978945.9015749,"e":[[1,0,0.82,1295.0],[1,0,0.81,299.0],[1,0,0.8,361.53999999999996],[1,1,0.15,458.0],[1,1,0.16,394.0]]}
{"t":1776978948.94264,"e":[[1,0,0.81,275.0],[1,1,0.16,361.0]]}
{"t":1776978949.955148,"e":[[1,0,0.81,299.0],[1,1,0.16,394.0]]}
{"t":1776978958.996638,"e":[[1,0,0.81,24.0],[1,1,0.15,362.0],[1,1,0.16,33.0],[1,1,0.17,568.88]]}
{"t":1776978960.003504,"e":[[1,0,0.82,1396.0],[1,0,0.8,611.54],[1,0,0.74,63.0],[1,1,0.13,541.0],[1,1,0.15,521.0],[1,1,0.17,623.88]]}
{"t":1776978963.0350468,"e":[[1,0,0.8,311.53999999999996],[1,0,0.74,13.0],[1,1,0.13,47.0]]}
{"t":1776978964.042811,"e":[[1,0,0.82,1596.0],[1,0,0.81,173.0],[1,0,0.53,27.0],[0,0,0.03],[1,1,0.15,473.0],[1,1,0.16,406.0],[1,1,0.17,598.88]]}
{"t":1776978974.0951302,"e":[[1,0,0.81,172.0]]}
{"t":1776978975.102098,"e":[[1,0,0.82,694.0],[1,1,0.15,456.0],[1,1,0.16,395.0]]}
{"t":1776978976.111923,"e":[[1,0,0.82,1295.0],[1,0,0.81,298.0],[1,0,0.8,361.53999999999996]]}
{"t":1776978979.146398,"e":[[1,0,0.82,245.0],[0,0,0.81],[1,0,0.8,311.53999999999996],[1,1,0.15,60.0],[0,1,0.16],[1,1,0.17,524.88]]}
{"t":1776978980.1624022,"e":[[1,0,0.81,24.0],[1,1,0.16,32.0]]}
{"t":1776978982.174557,"e":[[1,0,0.82,995.0],[1,0,0.81,173.0],[1,1,0.15,356.0],[1,1,0.16,266.0],[1,1,0.17,568.88]]}
{"t":1776978984.203895,"e":[[1,0,0.82,1596.0],[1,1,0.16,267.0]]}
{"t":1776978987.2190342,"e":[[1,0,0.82,694.0]]}
{"t":1776978988.237164,"e":[[1,0,0.82,1295.0],[1,0,0.81,299.0],[1,0,0.8,361.53999999999996],[1,1,0.15,434.0],[1,1,0.16,389.0],[1,1,0.17,598.88]]}
{"t":1776978995.287495,"e":[[1,0,0.82,694.0],[1,1,0.15,432.0],[1,1,0.16,388.0]]}
{"t":1776978996.2944121,"e":[[1,0,0.82,1295.0]]}
{"t":1776978998.314678,"e":[[1,0,0.82,694.0],[1,0,0.81,173.0]]}
{"t":1776978999.3208299,"e":[[1,0,0.82,1106.0],[1,0,0.81,124.0],[1,0,0.8,329.53999999999996],[1,1,0.16,390.0]]}
{"t":1776979001.330666,"e":[[1,0,0.82,1036.0],[1,0,0.81,61.0],[1,0,0.8,318.53999999999996]]}
{"t":1776979004.3611479,"e":[[1,1,0.16,355.0],[1,1,0.17,628.88]]}
{"t":1776979005.3668659,"e":[[1,0,0.82,435.0],[1,0,0.81,37.0],[1,1,0.15,356.0],[0,1,0.16],[1,1,0.17,598.88]]}
{"t":1776979006.375099,"e":[[1,0,0.82,245.0],[1,0,0.81,23.0],[1,0,0.8,311.53999999999996],[1,1,0.15,60.0],[1,1,0.17,554.88]]}
{"t":1776979008.3985898,"e":[[0,0,0.81],[1,1,0.17,524.88]]}
{"t":1776979009.408774,"e":[[1,0,0.82,795.0],[1,0,0.8,611.54],[1,0,0.74,63.0],[1,0,0.81,24.0],[1,1,0.13,344.0],[1,1,0.15,297.0],[1,1,0.17,569.88],[1,1,0.16,32.0]]}
{"t":1776979010.423535,"e":[[1,0,0.82,1396.0]]}
{"t":1776979011.428853,"e":[[1,0,0.8,311.53999999999996],[1,0,0.74,13.0],[1,1,0.13,47.0]]}
{"t":1776979012.437783,"e":[[1,0,0.82,995.0],[1,0,0.81,173.0],[1,1,0.15,425.0],[1,1,0.16,352.0],[1,1,0.17,587.88]]}
{"t":1776979013.4490461,"e":[[1,0,0.82,795.0],[1,1,0.15,297.0],[1,1,0.17,569.88]]}
{"t":1776979014.457608,"e":[[1,0,0.82,455.0],[1,0,0.81,79.0],[1,0,0.8,321.53999999999996],[1,1,0.15,432.0],[1,1,0.16,388.0],[1,1,0.17,598.88]]}
{"t":1776979016.473633,"e":[[1,0,0.82,1017.0],[1,0,0.81,45.0],[1,0,0.8,315.53999999999996]]}
{"t":1776979018.4828749,"e":[[1,0,0.81,21.0],[1,1,0.16,355.0]]}
{"t":1776979019.489304,"e":[[1,0,0.81,45.0],[1,1,0.16,388.0]]}
{"t":1776979021.503144,"e":[[1,0,0.82,245.0],[1,0,0.81,24.0],[1,0,0.8,311.53999999999996],[1,1,0.15,60.0],[1,1,0.16,33.0],[1,1,0.17,524.88]]}
{"t":1776979023.5258439,"e":[[1,0,0.82,995.0],[1,0,0.81,173.0],[1,1,0.15,352.0],[1,1,0.16,266.0],[1,1,0.17,568.88]]}
{"t":1776979025.549849,"e":[[1,0,0.82,1596.0]]}
{"t":1776979028.569408,"e":[[1,0,0.81,149.0],[1,1,0.16,233.0]]}
{"t":1776979029.587926,"e":[[1,0,0.82,995.0],[1,0,0.81,24.0],[1,1,0.16,33.0]]}
{"t":1776979030.603501,"e":[[1,0,0.82,1396.0],[1,0,0.8,611.54],[1,0,0.74,63.0],[1,1,0.13,422.0],[1,1,0.15,399.0],[1,1,0.17,594.88]]}
{"t":1776979032.6179898,"e":[[1,0,0.8,311.53999999999996],[1,0,0.74,13.0],[1,1,0.13,47.0],[1,1,0.15,352.0],[1,1,0.17,568.88]]}
{"t":1776979033.631568,"e":[[1,0,0.82,1596.0],[1,0,0.81,149.0],[1,1,0.15,463.0],[1,1,0.16,366.0],[1,1,0.17,597.88]]}
{"t":1776979034.644863,"e":[[1,0,0.81,173.0],[1,1,0.16,399.0]]}
{"t":1776979038.681684,"e":[[1,0,0.81,149.0],[1,1,0.16,366.0]]}
{"t":1776979039.688419,"e":[[1,0,0.82,795.0],[1,0,0.81,24.0],[0,0,0.53],[1,0,0.03,42.0],[1,1,0.15,352.0],[1,1,0.16,33.0],[1,1,0.17,568.88]]}
{"t":1776979040.7005498,"e":[[1,0,0.82,1396.0],[1,0,0.8,611.54],[1,0,0.74,63.0],[1,1,0.13,537.0],[1,1,0.15,520.0],[1,1,0.17,623.88]]}
{"t":1776979041.708986,"e":[[1,0,0.8,311.53999999999996],[1,0,0.74,13.0],[1,1,0.13,47.0]]}
{"t":1776979042.716481,"e":[[1,0,0.82,1596.0],[1,0,0.81,173.0],[1,1,0.15,466.0],[1,1,0.16,403.0],[1,1,0.17,598.88]]}
{"t":1776979046.756191,"e":[[1,0,0.82,795.0]]}
{"t":1776979047.772817,"e":[[1,0,0.82,1056.0],[1,0,0.81,79.0],[1,0,0.8,321.53999999999996],[1,0,0.53,15.0],[0,0,0.47],[1,1,0.15,450.0],[1,1,0.16,393.0]]}
