{"t": 1776975854.366905, "events": [{"op": "set", "side": "ask", "price": 0.37, "size": 586.0}]}
{"t": 1776975855.3857431, "events": [{"op": "set", "side": "bid", "price": 0.54, "size": 312.0}, {"op": "set", "side": "bid", "price": 0.52, "size": 347.0}, {"op": "set", "side": "ask", "price": 0.31, "size": 43.0}, {"op": "set", "side": "ask", "price": 0.35, "size": 34.0}, {"op": "delete", "side": "ask", "price": 0.36}, {"op": "set", "side": "ask", "price": 0.37, "size": 322.0}]}
{"t": 1776975856.396708, "events": [{"op": "set", "side": "ask", "price": 0.31, "size": 97.0}, {"op": "set", "side": "ask", "price": 0.35, "size": 217.0}, {"op": "set", "side": "ask", "price": 0.38, "size": 383.0}]}
{"t": 1776975858.419916, "events": [{"op": "set", "side": "ask", "price": 0.38, "size": 413.0}, {"op": "set", "side": "ask", "price": 0.37, "size": 288.0}]}
{"t": 1776975859.432927, "events": [{"op": "set", "side": "bid", "price": 0.54, "size": 306.0}, {"op": "set", "side": "bid", "price": 0.52, "size": 330.0}, {"op": "set", "side": "ask", "price": 0.31, "size": 43.0}, {"op": "set", "side": "ask", "price": 0.35, "size": 201.0}, {"op": "set", "side": "ask", "price": 0.38, "size": 279.0}, {"op": "delete", "side": "ask", "price": 0.37}]}
{"t": 1776975860.4405582, "events": [{"op": "set", "side": "bid", "price": 0.6, "size": 151.0}, {"op": "set", "side": "bid", "price": 0.55, "size": 28.0}, {"op": "set", "side": "ask", "price": 0.31, "size": 104.0}, {"op": "set", "side": "ask", "price": 0.39, "size": 519.36}]}
{"t": 1776975863.466253, "events": [{"op": "set", "side": "ask", "price": 0.38, "size": 249.0}, {"op": "set", "side": "ask", "price": 0.36, "size": 38.0}]}
{"t": 1776975866.4869819, "events": [{"op": "set", "side": "bid", "price": 0.54, "size": 319.0}, {"op": "set", "side": "bid", "price": 0.55, "size": 324.0}, {"op": "set", "side": "bid", "price": 0.52, "size": 5.0}, {"op": "set", "side": "ask", "price": 0.31, "size": 57.0}, {"op": "set", "side": "ask", "price": 0.35, "size": 138.0}, {"op": "delete", "side": "ask", "price": 0.38}, {"op": "set", "side": "ask", "price": 0.39, "size": 119.36000000000001}, {"op": "set", "side": "ask", "price": 0.36, "size": 207.0}, {"op": "set", "side": "ask", "price": 0.37, "size": 576.0}]}
{"t": 1776975868.5054138, "events": [{"op": "set", "side": "bid", "price": 0.55, "size": 296.0}, {"op": "set", "side": "ask", "price": 0.36, "size": 169.0}]}
{"t": 1776975869.519797, "events": [{"op": "set", "side": "bid", "price": 0.6, "size": 174.0}, {"op": "set", "side": "bid", "price": 0.54, "size": 306.0}, {"op": "delete", "side": "bid", "price": 0.55}, {"op": "set", "side": "ask", "price": 0.31, "size": 43.0}, {"op": "set", "side": "ask", "price": 0.35, "size": 34.0}, {"op": "set", "side": "ask", "price": 0.38, "size": 30.0}, {"op": "delete", "side": "ask", "price": 0.36}, {"op": "delete", "side": "ask", "price": 0.37}]}
{"t": 1776975870.536895, "events": [{"op": "set", "side": "bid", "price": 0.54, "size": 411.0}, {"op": "set", "side": "bid", "price": 0.52, "size": 505.0}, {"op": "set", "side": "ask", "price": 0.31, "size": 82.0}, {"op": "set", "side": "ask", "price": 0.35, "size": 146.0}, {"op": "set", "side": "ask", "price": 0.38, "size": 193.0}, {"op": "set", "side": "ask", "price": 0.39, "size": 1118.3600000000001}]}
{"t": 1776975873.562508, "events": [{"op": "set", "side": "bid", "price": 0.6, "size": 151.0}, {"op": "set", "side": "bid", "price": 0.55, "size": 28.0}, {"op": "set", "side": "ask", "price": 0.38, "size": 163.0}, {"op": "set", "side": "ask", "price": 0.36, "size": 39.0}]}
{"t": 1776975878.59487, "events": [{"op": "set", "side": "bid", "price": 0.6, "size": 174.0}, {"op": "set", "side": "bid", "price": 0.59, "size": 1289.0}, {"op": "set", "side": "bid", "price": 0.54, "size": 5.0}, {"op": "delete", "side": "bid", "price": 0.55}, {"op": "set", "side": "bid", "price": 0.52, "size": 5.0}, {"op": "delete", "side": "bid", "price": 0.51}, {"op": "set", "side": "ask", "price": 0.31, "size": 1.0}, {"op": "set", "side": "ask", "price": 0.35, "size": 25.0}, {"op": "delete", "side": "ask", "price": 0.38}, {"op": "set", "side": "ask", "price": 0.39, "size": 119.36000000000013}, {"op": "set", "side": "ask", "price": 0.36, "size": 36.0}]}
{"t": 1776975881.629726, "events": [{"op": "set", "side": "bid", "price": 0.6, "size": 175.0}, {"op": "set", "side": "bid", "price": 0.59, "size": 2437.0}, {"op": "set", "side": "ask", "price": 0.35, "size": 88.0}, {"op": "set", "side": "ask", "price": 0.39, "size": 246.36000000000013}, {"op": "set", "side": "ask", "price": 0.36, "size": 131.0}]}
{"t": 1776975883.6573179, "events": [{"op": "set", "side": "bid", "price": 0.6, "size": 151.0}, {"op": "set", "side": "bid", "price": 0.55, "size": 28.0}, {"op": "set", "side": "ask", "price": 0.39, "size": 1245.3600000000001}, {"op": "set", "side": "ask", "price": 0.36, "size": 95.0}, {"op": "set", "side": "ask", "price": 0.37, "size": 36.0}]}
{"t": 1776975889.700941, "events": [{"op": "set", "side": "bid", "price": 0.59, "size": 1956.0}, {"op": "set", "side": "bid", "price": 0.54, "size": 505.0}, {"op": "set", "side": "bid", "price": 0.55, "size": 435.0}, {"op": "set", "side": "ask", "price": 0.31, "size": 36.0}, {"op": "set", "side": "ask", "price": 0.35, "size": 94.0}, {"op": "set", "side": "ask", "price": 0.38, "size": 518.0}, {"op": "set", "side": "ask", "price": 0.39, "size": 119.36000000000013}, {"op": "delete", "side": "ask", "price": 0.36}, {"op": "set", "side": "ask", "price": 0.37, "size": 140.0}]}
{"t": 1776975893.74344, "events": [{"op": "set", "side": "bid", "price": 0.6, "size": 173.0}, {"op": "set", "side": "bid", "price": 0.55, "size": 407.0}, {"op": "set", "side": "ask", "price": 0.38, "size": 549.0}, {"op": "set", "side": "ask", "price": 0.37, "size": 104.0}]}
{"t": 1776975913.861079, "events": [{"op": "set", "side": "bid", "price": 0.54, "size": 408.0}, {"op": "delete", "side": "bid", "price": 0.55}, {"op": "set", "side": "ask", "price": 0.35, "size": 88.0}, {"op": "set", "side": "ask", "price": 0.38, "size": 204.0}, {"op": "set", "side": "ask", "price": 0.36, "size": 38.0}, {"op": "delete", "side": "ask", "price": 0.37}]}
{"t": 1776975914.8911412, "events": [{"op": "set", "side": "bid", "price": 0.52, "size": 505.0}, {"op": "set", "side": "ask", "price": 0.31, "size": 82.0}, {"op": "set", "side": "ask", "price": 0.35, "size": 168.0}, {"op": "set", "side": "ask", "price": 0.39, "size": 519.3600000000001}]}
{"t": 1776975916.9452019, "events": [{"op": "set", "side": "bid", "price": 0.54, "size": 350.0}, {"op": "set", "side": "bid", "price": 0.52, "size": 458.0}, {"op": "set", "side": "ask", "price": 0.31, "size": 52.0}, {"op": "set", "side": "ask", "price": 0.35, "size": 127.0}, {"op": "delete", "side": "ask", "price": 0.38}, {"op": "set", "side": "ask", "price": 0.39, "size": 119.36000000000013}]}
{"t": 1776975917.960892, "events": [{"op": "set", "side": "ask", "price": 0.36, "size": 191.0}, {"op": "set", "side": "ask", "price": 0.37, "size": 536.0}]}
{"t": 1776975918.9692569, "events": [{"op": "set", "side": "ask", "price": 0.36, "size": 153.0}, {"op": "set", "side": "ask", "price": 0.37, "size": 570.0}]}
{"t": 1776975940.061205, "events": [{"op": "set", "side": "bid", "price": 0.6, "size": 172.0}, {"op": "set", "side": "bid", "price": 0.59, "size": 1289.0}, {"op": "set", "side": "bid", "price": 0.54, "size": 5.0}, {"op": "set", "side": "bid", "price": 0.52, "size": 5.0}, {"op": "set", "side": "ask", "price": 0.31, "size": 1.0}, {"op": "set", "side": "ask", "price": 0.35, "size": 25.0}, {"op": "delete", "side": "ask", "price": 0.36}, {"op": "set", "side": "ask", "price": 0.37, "size": 34.0}]}
{"t": 1776975943.110956, "events": [{"op": "set", "side": "bid", "price": 0.6, "size": 151.0}, {"op": "set", "side": "bid", "price": 0.59, "size": 2427.0}, {"op": "set", "side": "bid", "price": 0.51, "size": 50.0}, {"op": "set", "side": "ask", "price": 0.07, "size": 2.0}, {"op": "set", "side": "ask", "price": 0.35, "size": 88.0}, {"op": "set", "side": "ask", "price": 0.39, "size": 1244.3600000000001}, {"op": "set", "side": "ask", "price": 0.15, "size": 20.0}, {"op": "set", "side": "ask", "price": 0.37, "size": 95.0}]}
{"t": 1776975944.1347961, "events": [{"op": "set", "side": "bid", "price": 0.55, "size": 28.0}, {"op": "set", "side": "ask", "price": 0.38, "size": 33.0}]}
{"t": 1776975945.176098, "events": [{"op": "set", "side": "bid", "price": 0.59, "size": 1956.0}, {"op": "delete", "side": "ask", "price": 0.31}, {"op": "set", "side": "ask", "price": 0.39, "size": 1118.3600000000001}, {"op": "delete", "side": "ask", "price": 0.37}]}
{"t": 1776975948.2322109, "events": [{"op": "set", "side": "bid", "price": 0.54, "size": 505.0}, {"op": "set", "side": "bid", "price": 0.55, "size": 402.0}, {"op": "set", "side": "ask", "price": 0.35, "size": 117.0}, {"op": "set", "side": "ask", "price": 0.38, "size": 123.0}, {"op": "set", "side": "ask", "price": 0.31, "size": 61.0}]}
{"t": 1776975949.255933, "events": [{"op": "set", "side": "bid", "price": 0.56, "size": 27.0}, {"op": "set", "side": "ask", "price": 0.36, "size": 38.0}]}
{"t": 1776975951.2976189, "events": [{"op": "set", "side": "bid", "price": 0.6, "size": 150.0}, {"op": "set", "side": "bid", "price": 0.59, "size": 1289.0}, {"op": "delete", "side": "bid", "price": 0.55}, {"op": "set", "side": "bid", "price": 0.54, "size": 5.0}, {"op": "delete", "side": "ask", "price": 0.31}, {"op": "delete", "side": "ask", "price": 0.38}, {"op": "set", "side": "ask", "price": 0.35, "size": 25.0}, {"op": "set", "side": "ask", "price": 0.39, "size": 119.36000000000013}]}
{"t": 1776975952.314472, "events": [{"op": "set", "side": "ask", "price": 0.31, "size": 1.0}]}
{"t": 1776975953.32274, "events": [{"op": "set", "side": "bid", "price": 0.6, "size": 174.0}, {"op": "delete", "side": "bid", "price": 0.56}, {"op": "set", "side": "ask", "price": 0.36, "size": 35.0}]}
{"t": 1776975954.332581, "events": [{"op": "set", "side": "bid", "price": 0.6, "size": 175.0}, {"op": "set", "side": "bid", "price": 0.59, "size": 1956.0}, {"op": "set", "side": "bid", "price": 0.54, "size": 505.0}, {"op": "set", "side": "bid", "price": 0.56, "size": 402.0}, {"op": "set", "side": "ask", "price": 0.31, "size": 35.0}, {"op": "set", "side": "ask", "price": 0.35, "size": 93.0}, {"op": "set", "side": "ask", "price": 0.36, "size": 137.0}, {"op": "set", "side": "ask", "price": 0.37, "size": 491.0}]}
{"t": 1776975959.372451, "events": [{"op": "delete", "side": "bid", "price": 0.56}, {"op": "set", "side": "bid", "price": 0.54, "size": 405.0}, {"op": "set", "side": "bid", "price": 0.52, "size": 505.0}, {"op": "set", "side": "ask", "price": 0.31, "size": 1.0}, {"op": "set", "side": "ask", "price": 0.38, "size": 84.0}, {"op": "set", "side": "ask", "price": 0.36, "size": 102.0}, {"op": "set", "side": "ask", "price": 0.37, "size": 168.0}]}
{"t": 1776975963.398977, "events": [{"op": "delete", "side": "ask", "price": 0.31}, {"op": "set", "side": "ask", "price": 0.37, "size": 136.0}]}
{"t": 1776975964.407889, "events": [{"op": "set", "side": "ask", "price": 0.37, "size": 169.0}]}
{"t": 1776975968.4348412, "events": [{"op": "set", "side": "ask", "price": 0.37, "size": 168.0}]}
{"t": 1776975971.450849, "events": [{"op": "set", "side": "ask", "price": 0.07, "size": 21.0}, {"op": "delete", "side": "ask", "price": 0.15}, {"op": "delete", "side": "ask", "price": 0.36}]}
{"t": 1776975972.4612129, "events": [{"op": "set", "side": "bid", "price": 0.54, "size": 349.0}, {"op": "set", "side": "bid", "price": 0.52, "size": 456.0}]}
{"t": 1776975973.468818, "events": [{"op": "set", "side": "ask", "price": 0.37, "size": 136.0}]}
{"t": 1776975974.486274, "events": [{"op": "set", "side": "ask", "price": 0.35, "size": 118.0}, {"op": "set", "side": "ask", "price": 0.37, "size": 159.0}, {"op": "set", "side": "ask", "price": 0.38, "size": 225.0}, {"op": "set", "side": "ask", "price": 0.39, "size": 519.3600000000001}, {"op": "set", "side": "ask", "price": 0.36, "size": 36.0}]}
{"t": 1776975977.5051599, "events": [{"op": "set", "side": "bid", "price": 0.54, "size": 333.0}, {"op": "set", "side": "bid", "price": 0.52, "size": 403.0}, {"op": "set", "side": "ask", "price": 0.35, "size": 99.0}, {"op": "delete", "side": "ask", "price": 0.38}, {"op": "set", "side": "ask", "price": 0.39, "size": 119.36000000000013}, {"op": "set", "side": "ask", "price": 0.37, "size": 136.0}]}
{"t": 1776975978.524107, "events": [{"op": "set", "side": "ask", "price": 0.3, "size": 187.0}, {"op": "set", "side": "ask", "price": 0.36, "size": 111.0}, {"op": "set", "side": "ask", "price": 0.37, "size": 480.0}]}
{"t": 1776975979.530004, "events": [{"op": "set", "side": "ask", "price": 0.37, "size": 514.0}]}
{"t": 1776975989.593303, "events": [{"op": "set", "side": "bid", "price": 0.54, "size": 322.0}, {"op": "set", "side": "bid", "price": 0.52, "size": 369.0}, {"op": "set", "side": "ask", "price": 0.3, "size": 200.0}, {"op": "set", "side": "ask", "price": 0.35, "size": 104.0}, {"op": "set", "side": "ask", "price": 0.36, "size": 107.0}, {"op": "set", "side": "ask", "price": 0.37, "size": 123.0}]}
{"t": 1776975993.639185, "events": [{"op": "set", "side": "ask", "price": 0.37, "size": 89.0}]}
{"t": 1776975994.652439, "events": [{"op": "set", "side": "ask", "price": 0.37, "size": 121.0}]}
{"t": 1776976002.718677, "events": [{"op": "set", "side": "bid", "price": 0.54, "size": 315.0}, {"op": "set", "side": "bid", "price": 0.52, "size": 347.0}, {"op": "set", "side": "ask", "price": 0.3, "size": 150.0}, {"op": "set", "side": "ask", "price": 0.35, "size": 98.0}, {"op": "delete", "side": "ask", "price": 0.36}, {"op": "set", "side": "ask", "price": 0.38, "size": 146.0}, {"op": "set", "side": "ask", "price": 0.39, "size": 275.3600000000001}, {"op": "set", "side": "ask", "price": 0.37, "size": 141.0}]}
{"t": 1776976003.738184, "events": [{"op": "set", "side": "ask", "price": 0.37, "size": 109.0}, {"op": "set", "side": "ask", "price": 0.36, "size": 37.0}]}
{"t": 1776976005.821455, "events": [{"op": "set", "side": "bid", "price": 0.54, "size": 311.0}, {"op": "set", "side": "bid", "price": 0.52, "size": 332.0}, {"op": "set", "side": "ask", "price": 0.3, "size": 185.0}, {"op": "set", "side": "ask", "price": 0.35, "size": 95.0}, {"op": "set", "side": "ask", "price": 0.36, "size": 142.0}, {"op": "delete", "side": "ask", "price": 0.38}, {"op": "set", "side": "ask", "price": 0.39, "size": 119.36000000000013}, {"op": "set", "side": "ask", "price": 0.37, "size": 466.0}]}
{"t": 1776976008.8495371, "events": [{"op": "set", "side": "ask", "price": 0.36, "size": 105.0}, {"op": "set", "side": "ask", "price": 0.37, "size": 500.0}]}
{"t": 1776976011.8745532, "events": [{"op": "set", "side": "bid", "price": 0.54, "size": 308.0}, {"op": "set", "side": "bid", "price": 0.52, "size": 323.0}, {"op": "set", "side": "ask", "price": 0.3, "size": 150.0}, {"op": "set", "side": "ask", "price": 0.35, "size": 93.0}, {"op": "delete", "side": "ask", "price": 0.36}, {"op": "set", "side": "ask", "price": 0.37, "size": 253.0}]}
{"t": 1776976013.8963861, "events": [{"op": "set", "side": "ask", "price": 0.35, "size": 170.0}, {"op": "set", "side": "ask", "price": 0.37, "size": 219.0}, {"op": "set", "side": "ask", "price": 0.38, "size": 322.0}, {"op": "set", "side": "ask", "price": 0.39, "size": 452.3600000000001}]}
{"t": 1776976021.967751, "events": [{"op": "set", "side": "bid", "price": 0.54, "size": 307.0}, {"op": "set", "side": "bid", "price": 0.52, "size": 317.0}, {"op": "set", "side": "ask", "price": 0.3, "size": 237.0}, {"op": "set", "side": "ask", "price": 0.35, "size": 169.0}, {"op": "delete", "side": "ask", "price": 0.37}, {"op": "set", "side": "ask", "price": 0.38, "size": 263.0}, {"op": "set", "side": "ask", "price": 0.39, "size": 618.3600000000001}]}
{"t": 1776976023.989538, "events": [{"op": "set", "side": "ask", "price": 0.38, "size": 232.0}, {"op": "set", "side": "ask", "price": 0.36, "size": 38.0}]}
{"t": 1776976028.033005, "events": [{"op": "delete", "side": "ask", "price": 0.36}]}
{"t": 1776976029.046649, "events": [{"op": "set", "side": "ask", "price": 0.36, "size": 38.0}]}
{"t": 1776976030.0649989, "events": [{"op": "set", "side": "bid", "price": 0.54, "size": 306.0}, {"op": "set", "side": "bid", "price": 0.52, "size": 313.0}, {"op": "set", "side": "ask", "price": 0.3, "size": 192.0}, {"op": "set", "side": "ask", "price": 0.35, "size": 110.0}, {"op": "delete", "side": "ask", "price": 0.38}, {"op": "set", "side": "ask", "price": 0.39, "size": 119.36000000000013}]}
{"t": 1776976031.0763671, "events": [{"op": "set", "side": "ask", "price": 0.36, "size": 165.0}, {"op": "set", "side": "ask", "price": 0.37, "size": 475.0}]}
{"t": 1776976033.0979562, "events": [{"op": "set", "side": "ask", "price": 0.36, "size": 127.0}]}
{"t": 1776976034.1065989, "events": [{"op": "set", "side": "ask", "price": 0.37, "size": 508.0}]}
{"t": 1776976038.1259038, "events": [{"op": "set", "side": "ask", "price": 0.37, "size": 475.0}]}
{"t": 1776976039.130999, "events": [{"op": "set", "side": "bid", "price": 0.52, "size": 310.0}, {"op": "set", "side": "ask", "price": 0.37, "size": 132.0}]}
{"t": 1776976040.136569, "events": [{"op": "set", "side": "ask", "price": 0.3, "size": 204.0}, {"op": "set", "side": "ask", "price": 0.36, "size": 117.0}]}
{"t": 1776976041.146323, "events": [{"op": "set", "side": "ask", "price": 0.3, "size": 150.0}, {"op": "delete", "side": "ask", "price": 0.36}]}
{"t": 1776976042.1519518, "events": [{"op": "set", "side": "bid", "price": 0.54, "size": 305.0}, {"op": "set", "side": "bid", "price": 0.52, "size": 309.0}, {"op": "set", "side": "ask", "price": 0.35, "size": 103.0}, {"op": "set", "side": "ask", "price": 0.37, "size": 149.0}, {"op": "set", "side": "ask", "price": 0.38, "size": 154.0}, {"op": "set", "side": "ask", "price": 0.39, "size": 288.3600000000001}]}
{"t": 1776976043.1629992, "events": [{"op": "set", "side": "ask", "price": 0.37, "size": 116.0}]}
{"t": 1776976044.185159, "events": [{"op": "set", "side": "bid", "price": 0.6, "size": 174.0}, {"op": "set", "side": "bid", "price": 0.59, "size": 1289.0}, {"op": "set", "side": "bid", "price": 0.54, "size": 5.0}, {"op": "set", "side": "bid", "price": 0.52, "size": 5.0}, {"op": "set", "side": "ask", "price": 0.35, "size": 25.0}, {"op": "delete", "side": "ask", "price": 0.37}, {"op": "delete", "side": "ask", "price": 0.38}, {"op": "set", "side": "ask", "price": 0.39, "size": 119.36000000000013}, {"op": "set", "side": "ask", "price": 0.36, "size": 37.0}]}
{"t": 1776976048.218187, "events": [{"op": "set", "side": "bid", "price": 0.6, "size": 842.0}, {"op": "set", "side": "bid", "price": 0.59, "size": 2164.0}, {"op": "set", "side": "ask", "price": 0.36, "size": 94.0}, {"op": "set", "side": "ask", "price": 0.39, "size": 1243.3600000000001}]}
{"t": 1776976049.2295182, "events": [{"op": "set", "side": "bid", "price": 0.6, "size": 175.0}, {"op": "set", "side": "bid", "price": 0.59, "size": 1956.0}, {"op": "delete", "side": "ask", "price": 0.36}, {"op": "set", "side": "ask", "price": 0.39, "size": 119.36000000000013}, {"op": "set", "side": "ask", "price": 0.37, "size": 36.0}]}
{"t": 1776976050.238752, "events": [{"op": "set", "side": "bid", "price": 0.54, "size": 791.0}, {"op": "set", "side": "ask", "price": 0.3, "size": 181.0}, {"op": "set", "side": "ask", "price": 0.35, "size": 87.0}, {"op": "set", "side": "ask", "price": 0.37, "size": 129.0}, {"op": "set", "side": "ask", "price": 0.38, "size": 440.0}]}
{"t": 1776976053.276522, "events": [{"op": "set", "side": "ask", "price": 0.37, "size": 93.0}]}
{"t": 1776976054.2832232, "events": [{"op": "set", "side": "ask", "price": 0.36, "size": 37.0}]}
{"t": 1776976058.306615, "events": [{"op": "set", "side": "bid", "price": 0.6, "size": 174.0}, {"op": "set", "side": "bid", "price": 0.59, "size": 1289.0}, {"op": "delete", "side": "bid", "price": 0.51}, {"op": "set", "side": "bid", "price": 0.54, "size": 5.0}, {"op": "set", "side": "ask", "price": 0.3, "size": 150.0}, {"op": "set", "side": "ask", "price": 0.35, "size": 25.0}, {"op": "set", "side": "ask", "price": 0.36, "size": 36.0}, {"op": "delete", "side": "ask", "price": 0.38}, {"op": "delete", "side": "ask", "price": 0.37}]}
{"t": 1776976062.354484, "events": [{"op": "set", "side": "bid", "price": 0.6, "size": 175.0}, {"op": "set", "side": "bid", "price": 0.59, "size": 2410.0}, {"op": "set", "side": "bid", "price": 0.51, "size": 50.0}, {"op": "set", "side": "ask", "price": 0.36, "size": 129.0}, {"op": "set", "side": "ask", "price": 0.39, "size": 1243.3600000000001}]}
{"t": 1776976063.365494, "events": [{"op": "set", "side": "ask", "price": 0.36, "size": 93.0}]}
{"t": 1776976064.375992, "events": [{"op": "set", "side": "ask", "price": 0.37, "size": 36.0}]}
{"t": 1776976065.3873029, "events": [{"op": "set", "side": "bid", "price": 0.59, "size": 1822.0}, {"op": "delete", "side": "ask", "price": 0.36}, {"op": "set", "side": "ask", "price": 0.39, "size": 245.36000000000013}]}
{"t": 1776976066.397533, "events": [{"op": "set", "side": "bid", "price": 0.6, "size": 574.0}, {"op": "set", "side": "bid", "price": 0.54, "size": 390.0}, {"op": "set", "side": "ask", "price": 0.35, "size": 87.0}, {"op": "set", "side": "ask", "price": 0.37, "size": 130.0}, {"op": "set", "side": "ask", "price": 0.39, "size": 1244.3600000000001}]}
{"t": 1776976068.419334, "events": [{"op": "set", "side": "ask", "price": 0.37, "size": 94.0}]}
{"t": 1776976069.436353, "events": [{"op": "set", "side": "ask", "price": 0.38, "size": 32.0}]}
{"t": 1776976074.460224, "events": [{"op": "set", "side": "bid", "price": 0.6, "size": 175.0}, {"op": "delete", "side": "ask", "price": 0.37}, {"op": "set", "side": "ask", "price": 0.39, "size": 1118.3600000000001}]}
{"t": 1776976075.471221, "events": [{"op": "set", "side": "bid", "price": 0.6, "size": 151.0}, {"op": "set", "side": "bid", "price": 0.59, "size": 1956.0}, {"op": "set", "side": "bid", "price": 0.54, "size": 396.0}, {"op": "set", "side": "bid", "price": 0.52, "size": 505.0}, {"op": "set", "side": "bid", "price": 0.55, "size": 28.0}, {"op": "set", "side": "ask", "price": 0.3, "size": 214.0}, {"op": "set", "side": "ask", "price": 0.35, "size": 121.0}, {"op": "set", "side": "ask", "price": 0.38, "size": 160.0}]}
{"t": 1776976077.482344, "events": [{"op": "set", "side": "bid", "price": 0.54, "size": 452.0}, {"op": "set", "side": "bid", "price": 0.55, "size": 369.0}, {"op": "set", "side": "bid", "price": 0.52, "size": 5.0}, {"op": "set", "side": "ask", "price": 0.3, "size": 218.0}, {"op": "set", "side": "ask", "price": 0.35, "size": 138.0}, {"op": "set", "side": "ask", "price": 0.38, "size": 189.0}, {"op": "set", "side": "ask", "price": 0.39, "size": 354.3600000000001}]}
{"t": 1776976078.494921, "events": [{"op": "set", "side": "bid", "price": 0.6, "size": 174.0}, {"op": "set", "side": "bid", "price": 0.55, "size": 341.0}, {"op": "set", "side": "ask", "price": 0.38, "size": 157.0}, {"op": "set", "side": "ask", "price": 0.36, "size": 38.0}]}
{"t": 1776976083.531923, "events": [{"op": "delete", "side": "ask", "price": 0.36}]}
{"t": 1776976084.54107, "events": [{"op": "set", "side": "ask", "price": 0.36, "size": 38.0}]}
{"t": 1776976085.548361, "events": [{"op": "set", "side": "bid", "price": 0.6, "size": 173.0}, {"op": "set", "side": "bid", "price": 0.59, "size": 1289.0}, {"op": "set", "side": "bid", "price": 0.54, "size": 5.0}, {"op": "delete", "side": "bid", "price": 0.55}, {"op": "set", "side": "ask", "price": 0.3, "size": 150.0}, {"op": "set", "side": "ask", "price": 0.35, "size": 25.0}, {"op": "delete", "side": "ask", "price": 0.38}, {"op": "set", "side": "ask", "price": 0.39, "size": 119.36000000000013}]}
{"t": 1776976088.582797, "events": [{"op": "set", "side": "bid", "price": 0.6, "size": 840.0}, {"op": "set", "side": "bid", "price": 0.59, "size": 2170.0}, {"op": "set", "side": "ask", "price": 0.07, "size": 2.0}, {"op": "set", "side": "ask", "price": 0.35, "size": 88.0}, {"op": "set", "side": "ask", "price": 0.36, "size": 130.0}, {"op": "set", "side": "ask", "price": 0.39, "size": 245.36000000000013}, {"op": "set", "side": "ask", "price": 0.15, "size": 20.0}]}
{"t": 1776976089.58958, "events": [{"op": "set", "side": "bid", "price": 0.6, "size": 841.0}]}
{"t": 1776976090.5952551, "events": [{"op": "set", "side": "ask", "price": 0.39, "size": 1244.3600000000001}]}
{"t": 1776976091.599458, "events": [{"op": "set", "side": "bid", "price": 0.6, "size": 840.0}, {"op": "set", "side": "ask", "price": 0.39, "size": 119.36000000000013}]}
{"t": 1776976092.6074328, "events": [{"op": "set", "side": "bid", "price": 0.6, "size": 174.0}, {"op": "set", "side": "bid", "price": 0.59, "size": 1956.0}, {"op": "set", "side": "bid", "price": 0.54, "size": 786.0}, {"op": "set", "side": "ask", "price": 0.35, "size": 112.0}, {"op": "set", "side": "ask", "price": 0.38, "size": 400.0}, {"op": "set", "side": "ask", "price": 0.36, "size": 182.0}, {"op": "set", "side": "ask", "price": 0.37, "size": 209.0}]}
{"t": 1776976093.6152132, "events": [{"op": "set", "side": "ask", "price": 0.36, "size": 147.0}, {"op": "set", "side": "ask", "price": 0.37, "size": 243.0}]}
{"t": 1776976095.6349592, "events": [{"op": "set", "side": "ask", "price": 0.35, "size": 88.0}, {"op": "delete", "side": "ask", "price": 0.36}]}
{"t": 1776976096.652119, "events": [{"op": "set", "side": "bid", "price": 0.54, "size": 397.0}, {"op": "set", "side": "bid", "price": 0.52, "size": 505.0}, {"op": "set", "side": "ask", "price": 0.35, "size": 130.0}, {"op": "set", "side": "ask", "price": 0.38, "size": 245.0}, {"op": "set", "side": "ask", "price": 0.39, "size": 519.3600000000001}, {"op": "set", "side": "ask", "price": 0.37, "size": 209.0}]}
{"t": 1776976098.6700659, "events": [{"op": "set", "side": "ask", "price": 0.38, "size": 277.0}, {"op": "set", "side": "ask", "price": 0.37, "size": 175.0}]}
{"t": 1776976099.67869, "events": [{"op": "set", "side": "bid", "price": 0.54, "size": 347.0}, {"op": "set", "side": "bid", "price": 0.52, "size": 452.0}, {"op": "set", "side": "ask", "price": 0.35, "size": 88.0}, {"op": "set", "side": "ask", "price": 0.38, "size": 241.0}, {"op": "delete", "side": "ask", "price": 0.37}]}
{"t": 1776976100.698726, "events": [{"op": "set", "side": "ask", "price": 0.3, "size": 223.0}, {"op": "set", "side": "ask", "price": 0.35, "size": 154.0}, {"op": "set", "side": "ask", "price": 0.39, "size": 619.3600000000001}]}
{"t": 1776976103.7164748, "events": [{"op": "set", "side": "ask", "price": 0.38, "size": 209.0}, {"op": "set", "side": "ask", "price": 0.36, "size": 38.0}]}
{"t": 1776976113.775799, "events": [{"op": "set", "side": "bid", "price": 0.54, "size": 333.0}, {"op": "set", "side": "bid", "price": 0.52, "size": 400.0}, {"op": "set", "side": "ask", "price": 0.07, "size": 21.0}, {"op": "delete", "side": "ask", "price": 0.15}, {"op": "set", "side": "ask", "price": 0.3, "size": 193.0}, {"op": "set", "side": "ask", "price": 0.35, "size": 110.0}, {"op": "delete", "side": "ask", "price": 0.38}, {"op": "set", "side": "ask", "price": 0.39, "size": 119.36000000000013}, {"op": "set", "side": "ask", "price": 0.36, "size": 164.0}, {"op": "set", "side": "ask", "price": 0.37, "size": 448.0}]}
{"t": 1776976115.790102, "events": [{"op": "set", "side": "ask", "price": 0.3, "size": 150.0}]}
{"t": 1776976116.79982, "events": [{"op": "set", "side": "bid", "price": 0.54, "size": 323.0}, {"op": "set", "side": "bid", "price": 0.52, "size": 368.0}, {"op": "set", "side": "ask", "price": 0.35, "size": 109.0}, {"op": "set", "side": "ask", "price": 0.36, "size": 161.0}, {"op": "set", "side": "ask", "price": 0.37, "size": 166.0}]}
{"t": 1776976117.808927, "events": [{"op": "set", "side": "ask", "price": 0.38, "size": 182.0}]}
{"t": 1776976118.820491, "events": [{"op": "set", "side": "ask", "price": 0.36, "size": 125.0}]}
{"t": 1776976119.83535, "events": [{"op": "set", "side": "ask", "price": 0.37, "size": 199.0}]}
{"t": 1776976128.8931751, "events": [{"op": "set", "side": "bid", "price": 0.54, "size": 318.0}, {"op": "set", "side": "bid", "price": 0.52, "size": 347.0}, {"op": "set", "side": "ask", "price": 0.35, "size": 122.0}, {"op": "delete", "side": "ask", "price": 0.36}, {"op": "set", "side": "ask", "price": 0.38, "size": 258.0}, {"op": "set", "side": "ask", "price": 0.39, "size": 519.3600000000001}, {"op": "set", "side": "ask", "price": 0.37, "size": 162.0}]}
{"t": 1776976130.9047801, "events": [{"op": "set", "side": "bid", "price": 0.54, "size": 315.0}, {"op": "set", "side": "bid", "price": 0.52, "size": 333.0}, {"op": "set", "side": "ask", "price": 0.3, "size": 224.0}, {"op": "set", "side": "ask", "price": 0.35, "size": 154.0}, {"op": "delete", "side": "ask", "price": 0.37}, {"op": "set", "side": "ask", "price": 0.38, "size": 238.0}, {"op": "set", "side": "ask", "price": 0.39, "size": 619.3600000000001}]}
{"t": 1776976132.9187572, "events": [{"op": "set", "side": "ask", "price": 0.38, "size": 208.0}]}
{"t": 1776976133.922157, "events": [{"op": "set", "side": "ask", "price": 0.36, "size": 38.0}]}
{"t": 1776976135.934583, "events": [{"op": "set", "side": "bid", "price": 0.6, "size": 173.0}, {"op": "set", "side": "bid", "price": 0.59, "size": 1289.0}, {"op": "delete", "side": "bid", "price": 0.51}, {"op": "set", "side": "bid", "price": 0.54, "size": 5.0}, {"op": "set", "side": "bid", "price": 0.52, "size": 5.0}, {"op": "set", "side": "ask", "price": 0.3, "size": 150.0}, {"op": "set", "side": "ask", "price": 0.35, "size": 25.0}, {"op": "delete", "side": "ask", "price": 0.38}, {"op": "set", "side": "ask", "price": 0.39, "size": 119.36000000000013}]}
{"t": 1776976137.96097, "events": [{"op": "delete", "side": "ask", "price": 0.36}]}
{"t": 1776976138.9725718, "events": [{"op": "set", "side": "ask", "price": 0.07, "size": 2.0}, {"op": "set", "side": "ask", "price": 0.15, "size": 21.0}, {"op": "set", "side": "ask", "price": 0.36, "size": 35.0}]}
{"t": 1776976139.976351, "events": [{"op": "set", "side": "bid", "price": 0.6, "size": 174.0}, {"op": "set", "side": "bid", "price": 0.59, "size": 2400.0}, {"op": "set", "side": "bid", "price": 0.51, "size": 50.0}, {"op": "set", "side": "ask", "price": 0.39, "size": 1247.3600000000001}, {"op": "set", "side": "ask", "price": 0.36, "size": 133.0}]}
{"t": 1776976143.994279, "events": [{"op": "set", "side": "ask", "price": 0.36, "size": 98.0}, {"op": "set", "side": "ask", "price": 0.37, "size": 35.0}]}
{"t": 1776976152.035327, "events": [{"op": "set", "side": "bid", "price": 0.6, "size": 173.0}, {"op": "set", "side": "bid", "price": 0.59, "size": 1289.0}, {"op": "set", "side": "ask", "price": 0.39, "size": 119.36000000000013}, {"op": "delete", "side": "ask", "price": 0.36}]}
{"t": 1776976154.063997, "events": [{"op": "set", "side": "ask", "price": 0.36, "size": 35.0}, {"op": "delete", "side": "ask", "price": 0.37}]}
{"t": 1776976155.081144, "events": [{"op": "set", "side": "bid", "price": 0.6, "size": 840.0}, {"op": "set", "side": "bid", "price": 0.59, "size": 2178.0}, {"op": "set", "side": "ask", "price": 0.35, "size": 90.0}, {"op": "set", "side": "ask", "price": 0.39, "size": 250.36000000000013}, {"op": "set", "side": "ask", "price": 0.37, "size": 98.0}]}
{"t": 1776976156.091637, "events": [{"op": "set", "side": "bid", "price": 0.6, "size": 841.0}, {"op": "set", "side": "ask", "price": 0.39, "size": 1249.3600000000001}]}
{"t": 1776976159.129062, "events": [{"op": "set", "side": "ask", "price": 0.36, "size": 37.0}]}
{"t": 1776976163.1601741, "events": [{"op": "delete", "side": "ask", "price": 0.36}]}
{"t": 1776976164.1660988, "events": [{"op": "set", "side": "ask", "price": 0.36, "size": 37.0}]}
{"t": 1776976168.185441, "events": [{"op": "delete", "side": "ask", "price": 0.36}]}
{"t": 1776976169.201382, "events": [{"op": "set", "side": "ask", "price": 0.36, "size": 37.0}]}
{"t": 1776976172.213068, "events": [{"op": "set", "side": "bid", "price": 0.6, "size": 174.0}, {"op": "set", "side": "bid", "price": 0.59, "size": 1956.0}, {"op": "delete", "side": "ask", "price": 0.15}, {"op": "set", "side": "ask", "price": 0.39, "size": 119.36000000000013}]}
{"t": 1776976173.230133, "events": [{"op": "set", "side": "bid", "price": 0.54, "size": 776.0}, {"op": "set", "side": "ask", "price": 0.07, "size": 23.0}, {"op": "set", "side": "ask", "price": 0.3, "size": 186.0}, {"op": "set", "side": "ask", "price": 0.35, "size": 97.0}, {"op": "set", "side": "ask", "price": 0.36, "size": 108.0}, {"op": "set", "side": "ask", "price": 0.37, "size": 413.0}]}
{"t": 1776976174.237823, "events": [{"op": "set", "side": "ask", "price": 0.37, "size": 444.0}]}
{"t": 1776976175.24962, "events": [{"op": "set", "side": "ask", "price": 0.3, "size": 150.0}, {"op": "set", "side": "ask", "price": 0.35, "size": 90.0}, {"op": "delete", "side": "ask", "price": 0.36}]}
{"t": 1776976176.259373, "events": [{"op": "set", "side": "bid", "price": 0.59, "size": 1838.0}, {"op": "set", "side": "bid", "price": 0.54, "size": 395.0}, {"op": "set", "side": "ask", "price": 0.37, "size": 246.0}]}
{"t": 1776976178.273995, "events": [{"op": "set", "side": "bid", "price": 0.6, "size": 573.0}, {"op": "set", "side": "ask", "price": 0.35, "size": 168.0}, {"op": "set", "side": "ask", "price": 0.37, "size": 215.0}, {"op": "set", "side": "ask", "price": 0.39, "size": 1404.3600000000001}]}
{"t": 1776976179.287406, "events": [{"op": "set", "side": "ask", "price": 0.38, "size": 31.0}]}
{"t": 1776976188.349905, "events": [{"op": "delete", "side": "ask", "price": 0.38}]}
{"t": 1776976189.36215, "events": [{"op": "set", "side": "ask", "price": 0.38, "size": 31.0}]}
{"t": 1776976193.395335, "events": [{"op": "delete", "side": "ask", "price": 0.38}]}
{"t": 1776976194.405488, "events": [{"op": "set", "side": "ask", "price": 0.38, "size": 31.0}]}
{"t": 1776976197.420757, "events": [{"op": "set", "side": "bid", "price": 0.6, "size": 174.0}, {"op": "set", "side": "bid", "price": 0.54, "size": 389.0}, {"op": "set", "side": "ask", "price": 0.35, "size": 155.0}, {"op": "delete", "side": "ask", "price": 0.37}, {"op": "set", "side": "ask", "price": 0.39, "size": 1118.3600000000001}]}
{"t": 1776976198.435571, "events": [{"op": "set", "side": "bid", "price": 0.59, "size": 1956.0}, {"op": "set", "side": "bid", "price": 0.52, "size": 505.0}, {"op": "set", "side": "ask", "price": 0.3, "size": 236.0}, {"op": "set", "side": "ask", "price": 0.38, "size": 174.0}, {"op": "set", "side": "ask", "price": 0.36, "size": 38.0}]}
{"t": 1776976203.4636748, "events": [{"op": "delete", "side": "ask", "price": 0.36}]}
{"t": 1776976204.476952, "events": [{"op": "set", "side": "bid", "price": 0.6, "size": 173.0}, {"op": "set", "side": "bid", "price": 0.59, "size": 1289.0}, {"op": "delete", "side": "bid", "price": 0.51}, {"op": "set", "side": "bid", "price": 0.54, "size": 5.0}, {"op": "set", "side": "bid", "price": 0.52, "size": 5.0}, {"op": "set", "side": "ask", "price": 0.3, "size": 150.0}, {"op": "set", "side": "ask", "price": 0.35, "size": 25.0}, {"op": "delete", "side": "ask", "price": 0.38}, {"op": "set", "side": "ask", "price": 0.39, "size": 119.36000000000013}, {"op": "set", "side": "ask", "price": 0.36, "size": 38.0}]}
{"t": 1776976207.508864, "events": [{"op": "set", "side": "bid", "price": 0.6, "size": 174.0}, {"op": "set", "side": "bid", "price": 0.59, "size": 1956.0}, {"op": "set", "side": "bid", "price": 0.52, "size": 1338.0}, {"op": "set", "side": "ask", "price": 0.36, "size": 133.0}, {"op": "set", "side": "ask", "price": 0.39, "size": 245.36000000000013}]}
{"t": 1776976208.525941, "events": [{"op": "set", "side": "ask", "price": 0.36, "size": 95.0}, {"op": "set", "side": "ask", "price": 0.39, "size": 1244.3600000000001}]}
{"t": 1776976209.539958, "events": [{"op": "set", "side": "ask", "price": 0.37, "size": 35.0}]}
{"t": 1776976214.569775, "events": [{"op": "set", "side": "bid", "price": 0.52, "size": 5.0}, {"op": "delete", "side": "ask", "price": 0.36}, {"op": "set", "side": "ask", "price": 0.39, "size": 119.36000000000013}]}
{"t": 1776976215.5757089, "events": [{"op": "set", "side": "bid", "price": 0.54, "size": 771.0}, {"op": "set", "side": "ask", "price": 0.3, "size": 181.0}, {"op": "set", "side": "ask", "price": 0.35, "size": 87.0}, {"op": "set", "side": "ask", "price": 0.37, "size": 129.0}, {"op": "set", "side": "ask", "price": 0.38, "size": 387.0}]}
{"t": 1776976217.597552, "events": [{"op": "set", "side": "ask", "price": 0.3, "size": 150.0}]}
{"t": 1776976218.6080482, "events": [{"op": "set", "side": "bid", "price": 0.54, "size": 388.0}, {"op": "set", "side": "bid", "price": 0.52, "size": 505.0}, {"op": "set", "side": "ask", "price": 0.35, "size": 96.0}, {"op": "set", "side": "ask", "price": 0.37, "size": 107.0}, {"op": "set", "side": "ask", "price": 0.38, "size": 143.0}, {"op": "set", "side": "ask", "price": 0.39, "size": 261.3600000000001}]}
{"t": 1776976219.616928, "events": [{"op": "set", "side": "ask", "price": 0.36, "size": 36.0}]}
{"t": 1776976222.6332319, "events": [{"op": "set", "side": "bid", "price": 0.54, "size": 344.0}, {"op": "set", "side": "bid", "price": 0.52, "size": 448.0}, {"op": "set", "side": "ask", "price": 0.3, "size": 185.0}, {"op": "set", "side": "ask", "price": 0.35, "size": 95.0}, {"op": "set", "side": "ask", "price": 0.36, "size": 141.0}, {"op": "delete", "side": "ask", "price": 0.38}, {"op": "set", "side": "ask", "price": 0.39, "size": 119.36000000000013}, {"op": "set", "side": "ask", "price": 0.37, "size": 396.0}]}
{"t": 1776976223.6436858, "events": [{"op": "set", "side": "bid", "price": 0.54, "size": 332.0}, {"op": "set", "side": "bid", "price": 0.52, "size": 397.0}, {"op": "set", "side": "ask", "price": 0.3, "size": 150.0}, {"op": "set", "side": "ask", "price": 0.35, "size": 100.0}, {"op": "set", "side": "ask", "price": 0.36, "size": 113.0}, {"op": "set", "side": "ask", "price": 0.38, "size": 152.0}, {"op": "set", "side": "ask", "price": 0.37, "size": 182.0}]}
{"t": 1776976238.714187, "events": [{"op": "set", "side": "ask", "price": 0.37, "size": 150.0}]}
{"t": 1776976239.7258828, "events": [{"op": "set", "side": "ask", "price": 0.37, "size": 182.0}]}
{"t": 1776976243.7431328, "events": [{"op": "set", "side": "bid", "price": 0.51, "size": 50.0}, {"op": "set", "side": "ask", "price": 0.37, "size": 181.0}]}
{"t": 1776976248.776133, "events": [{"op": "set", "side": "ask", "price": 0.37, "size": 182.0}]}
{"t": 1776976253.8076642, "events": [{"op": "set", "side": "ask", "price": 0.37, "size": 150.0}]}
{"t": 1776976254.822479, "events": [{"op": "set", "side": "ask", "price": 0.35, "size": 87.0}, {"op": "delete", "side": "ask", "price": 0.36}, {"op": "set", "side": "ask", "price": 0.37, "size": 126.0}]}
{"t": 1776976255.835129, "events": [{"op": "set", "side": "bid", "price": 0.54, "size": 325.0}, {"op": "set", "side": "bid", "price": 0.52, "size": 365.0}, {"op": "set", "side": "ask", "price": 0.35, "size": 119.0}, {"op": "set", "side": "ask", "price": 0.37, "size": 187.0}, {"op": "set", "side": "ask", "price": 0.38, "size": 216.0}, {"op": "set", "side": "ask", "price": 0.39, "size": 519.3600000000001}]}
{"t": 1776976258.864931, "events": [{"op": "set", "side": "ask", "price": 0.37, "size": 155.0}, {"op": "set", "side": "ask", "price": 0.38, "size": 246.0}]}
{"t": 1776976259.875783, "events": [{"op": "set", "side": "bid", "price": 0.54, "size": 321.0}, {"op": "set", "side": "bid", "price": 0.52, "size": 346.0}, {"op": "set", "side": "ask", "price": 0.35, "size": 87.0}, {"op": "delete", "side": "ask", "price": 0.37}, {"op": "set", "side": "ask", "price": 0.38, "size": 229.0}]}
{"t": 1776976260.885631, "events": [{"op": "set", "side": "ask", "price": 0.3, "size": 223.0}, {"op": "set", "side": "ask", "price": 0.35, "size": 151.0}, {"op": "set", "side": "ask", "price": 0.39, "size": 619.3600000000001}]}
{"t": 1776976263.909769, "events": [{"op": "set", "side": "ask", "price": 0.38, "size": 199.0}, {"op": "set", "side": "ask", "price": 0.36, "size": 38.0}]}
{"t": 1776976276.0147579, "events": [{"op": "set", "side": "bid", "price": 0.54, "size": 318.0}, {"op": "set", "side": "bid", "price": 0.52, "size": 335.0}, {"op": "set", "side": "ask", "price": 0.3, "size": 191.0}, {"op": "set", "side": "ask", "price": 0.35, "size": 107.0}, {"op": "delete", "side": "ask", "price": 0.38}, {"op": "set", "side": "ask", "price": 0.39, "size": 119.36000000000013}]}
{"t": 1776976277.039475, "events": [{"op": "set", "side": "ask", "price": 0.36, "size": 161.0}, {"op": "set", "side": "ask", "price": 0.37, "size": 397.0}]}
{"t": 1776976279.0620182, "events": [{"op": "set", "side": "ask", "price": 0.36, "size": 123.0}, {"op": "set", "side": "ask", "price": 0.37, "size": 429.0}]}
{"t": 1776976280.070851, "events": [{"op": "set", "side": "bid", "price": 0.54, "size": 317.0}, {"op": "set", "side": "bid", "price": 0.52, "size": 328.0}, {"op": "set", "side": "ask", "price": 0.3, "size": 150.0}, {"op": "set", "side": "ask", "price": 0.35, "size": 87.0}, {"op": "delete", "side": "ask", "price": 0.36}, {"op": "set", "side": "ask", "price": 0.37, "size": 241.0}]}
{"t": 1776976281.087897, "events": [{"op": "set", "side": "ask", "price": 0.35, "size": 164.0}, {"op": "set", "side": "ask", "price": 0.38, "size": 279.0}, {"op": "set", "side": "ask", "price": 0.39, "size": 452.3600000000001}]}
{"t": 1776976284.125754, "events": [{"op": "set", "side": "ask", "price": 0.37, "size": 209.0}, {"op": "set", "side": "ask", "price": 0.38, "size": 309.0}]}
{"t": 1776976285.139929, "events": [{"op": "set", "side": "bid", "price": 0.6, "size": 173.0}, {"op": "set", "side": "bid", "price": 0.59, "size": 1289.0}, {"op": "delete", "side": "bid", "price": 0.51}, {"op": "set", "side": "bid", "price": 0.54, "size": 5.0}, {"op": "set", "side": "bid", "price": 0.52, "size": 5.0}, {"op": "set", "side": "ask", "price": 0.35, "size": 25.0}, {"op": "delete", "side": "ask", "price": 0.37}, {"op": "set", "side": "ask", "price": 0.38, "size": 30.0}, {"op": "set", "side": "ask", "price": 0.39, "size": 119.36000000000013}]}
{"t": 1776976287.161626, "events": [{"op": "set", "side": "bid", "price": 0.6, "size": 174.0}, {"op": "set", "side": "bid", "price": 0.59, "size": 1956.0}, {"op": "set", "side": "bid", "price": 0.54, "size": 1338.0}, {"op": "set", "side": "ask", "price": 0.3, "size": 206.0}, {"op": "set", "side": "ask", "price": 0.35, "size": 109.0}, {"op": "set", "side": "ask", "price": 0.39, "size": 231.36000000000013}]}
{"t": 1776976288.1785212, "events": [{"op": "set", "side": "ask", "price": 0.39, "size": 1230.3600000000001}]}
{"t": 1776976289.1844962, "events": [{"op": "delete", "side": "ask", "price": 0.38}]}
{"t": 1776976290.196137, "events": [{"op": "set", "side": "ask", "price": 0.36, "size": 37.0}]}
{"t": 1776976294.2310212, "events": [{"op": "set", "side": "ask", "price": 0.36, "size": 38.0}]}
{"t": 1776976299.2527418, "events": [{"op": "set", "side": "ask", "price": 0.36, "size": 37.0}]}
{"t": 1776976301.276474, "events": [{"op": "set", "side": "bid", "price": 0.6, "size": 173.0}, {"op": "set", "side": "bid", "price": 0.59, "size": 1289.0}, {"op": "set", "side": "bid", "price": 0.54, "size": 5.0}, {"op": "set", "side": "ask", "price": 0.3, "size": 150.0}, {"op": "set", "side": "ask", "price": 0.35, "size": 25.0}, {"op": "set", "side": "ask", "price": 0.39, "size": 119.36000000000013}]}
{"t": 1776976303.3065321, "events": [{"op": "set", "side": "ask", "price": 0.07, "size": 2.0}, {"op": "delete", "side": "ask", "price": 0.36}, {"op": "set", "side": "ask", "price": 0.15, "size": 18.0}]}
{"t": 1776976304.313708, "events": [{"op": "set", "side": "bid", "price": 0.6, "size": 174.0}, {"op": "set", "side": "bid", "price": 0.59, "size": 2381.0}, {"op": "set", "side": "ask", "price": 0.35, "size": 109.0}, {"op": "set", "side": "ask", "price": 0.39, "size": 230.36000000000013}, {"op": "set", "side": "ask", "price": 0.36, "size": 35.0}]}
{"t": 1776976305.355718, "events": [{"op": "set", "side": "ask", "price": 0.39, "size": 1229.3600000000001}]}
{"t": 1776976306.360851, "events": [{"op": "set", "side": "ask", "price": 0.35, "size": 25.0}, {"op": "set", "side": "ask", "price": 0.39, "size": 896.3600000000001}]}
{"t": 1776976307.3653572, "events": [{"op": "set", "side": "bid", "price": 0.59, "size": 1956.0}, {"op": "set", "side": "bid", "price": 0.54, "size": 1338.0}, {"op": "set", "side": "ask", "price": 0.39, "size": 272.3600000000001}, {"op": "set", "side": "ask", "price": 0.36, "size": 149.0}]}
{"t": 1776976308.374354, "events": [{"op": "set", "side": "ask", "price": 0.39, "size": 1271.3600000000001}, {"op": "set", "side": "ask", "price": 0.36, "size": 114.0}]}
{"t": 1776976309.386129, "events": [{"op": "set", "side": "ask", "price": 0.37, "size": 36.0}]}
{"t": 1776976313.409361, "events": [{"op": "delete", "side": "ask", "price": 0.37}]}
{"t": 1776976314.4200819, "events": [{"op": "set", "side": "ask", "price": 0.37, "size": 36.0}]}
{"t": 1776976318.442741, "events": [{"op": "delete", "side": "ask", "price": 0.37}]}
{"t": 1776976319.457519, "events": [{"op": "set", "side": "ask", "price": 0.37, "size": 36.0}]}
{"t": 1776976323.4797351, "events": [{"op": "set", "side": "bid", "price": 0.54, "size": 760.0}, {"op": "set", "side": "ask", "price": 0.39, "size": 119.36000000000013}, {"op": "delete", "side": "ask", "price": 0.36}]}
{"t": 1776976324.50117, "events": [{"op": "set", "side": "bid", "price": 0.51, "size": 50.0}, {"op": "set", "side": "ask", "price": 0.3, "size": 183.0}, {"op": "set", "side": "ask", "price": 0.35, "size": 92.0}, {"op": "set", "side": "ask", "price": 0.38, "size": 363.0}, {"op": "set", "side": "ask", "price": 0.37, "size": 136.0}]}
{"t": 1776976325.519989, "events": [{"op": "set", "side": "ask", "price": 0.36, "size": 36.0}, {"op": "set", "side": "ask", "price": 0.37, "size": 100.0}]}
{"t": 1776976332.56369, "events": [{"op": "set", "side": "bid", "price": 0.6, "size": 173.0}, {"op": "set", "side": "bid", "price": 0.59, "size": 1776.0}, {"op": "set", "side": "bid", "price": 0.54, "size": 248.0}, {"op": "set", "side": "ask", "price": 0.07, "size": 22.0}, {"op": "delete", "side": "ask", "price": 0.15}, {"op": "delete", "side": "ask", "price": 0.38}]}
{"t": 1776976333.587355, "events": [{"op": "set", "side": "bid", "price": 0.52, "size": 7.0}, {"op": "set", "side": "ask", "price": 0.3, "size": 187.0}, {"op": "set", "side": "ask", "price": 0.35, "size": 98.0}, {"op": "set", "side": "ask", "price": 0.36, "size": 110.0}, {"op": "set", "side": "ask", "price": 0.37, "size": 377.0}]}
{"t": 1776976334.603316, "events": [{"op": "set", "side": "bid", "price": 0.54, "size": 5.0}, {"op": "set", "side": "bid", "price": 0.52, "size": 5.0}, {"op": "set", "side": "ask", "price": 0.3, "size": 183.0}, {"op": "set", "side": "ask", "price": 0.35, "size": 92.0}, {"op": "delete", "side": "ask", "price": 0.36}, {"op": "set", "side": "ask", "price": 0.37, "size": 410.0}]}
{"t": 1776976335.619046, "events": [{"op": "set", "side": "ask", "price": 0.37, "size": 264.0}]}
{"t": 1776976336.625223, "events": [{"op": "set", "side": "bid", "price": 0.6, "size": 174.0}, {"op": "set", "side": "bid", "price": 0.59, "size": 2378.0}, {"op": "set", "side": "ask", "price": 0.3, "size": 227.0}, {"op": "set", "side": "ask", "price": 0.35, "size": 178.0}, {"op": "set", "side": "ask", "price": 0.38, "size": 307.0}]}
{"t": 1776976339.6474261, "events": [{"op": "set", "side": "bid", "price": 0.59, "size": 1956.0}, {"op": "set", "side": "ask", "price": 0.3, "size": 150.0}, {"op": "set", "side": "ask", "price": 0.37, "size": 231.0}]}
{"t": 1776976340.6580539, "events": [{"op": "set", "side": "bid", "price": 0.6, "size": 173.0}, {"op": "set", "side": "bid", "price": 0.59, "size": 1289.0}, {"op": "set", "side": "ask", "price": 0.35, "size": 25.0}, {"op": "delete", "side": "ask", "price": 0.37}, {"op": "delete", "side": "ask", "price": 0.38}, {"op": "set", "side": "ask", "price": 0.36, "size": 35.0}]}
{"t": 1776976341.674314, "events": [{"op": "set", "side": "bid", "price": 0.54, "size": 249.0}, {"op": "set", "side": "bid", "price": 0.52, "size": 7.0}, {"op": "set", "side": "ask", "price": 0.39, "size": 452.3600000000001}]}
{"t": 1776976342.686982, "events": [{"op": "set", "side": "bid", "price": 0.54, "size": 20.0}, {"op": "set", "side": "bid", "price": 0.52, "size": 5.0}, {"op": "set", "side": "ask", "price": 0.39, "size": 300.3600000000001}]}
{"t": 1776976343.692986, "events": [{"op": "set", "side": "bid", "price": 0.6, "size": 174.0}, {"op": "set", "side": "bid", "price": 0.59, "size": 1956.0}, {"op": "set", "side": "bid", "price": 0.55, "size": 333.0}, {"op": "set", "side": "ask", "price": 0.35, "size": 88.0}, {"op": "set", "side": "ask", "price": 0.36, "size": 129.0}]}
{"t": 1776976344.703347, "events": [{"op": "set", "side": "bid", "price": 0.6, "size": 173.0}, {"op": "set", "side": "bid", "price": 0.59, "size": 1289.0}, {"op": "set", "side": "bid", "price": 0.54, "size": 5.0}, {"op": "delete", "side": "bid", "price": 0.55}, {"op": "set", "side": "ask", "price": 0.35, "size": 25.0}, {"op": "delete", "side": "ask", "price": 0.36}, {"op": "set", "side": "ask", "price": 0.39, "size": 119.36000000000013}, {"op": "set", "side": "ask", "price": 0.37, "size": 32.0}]}
{"t": 1776976349.756854, "events": [{"op": "set", "side": "bid", "price": 0.6, "size": 174.0}, {"op": "set", "side": "bid", "price": 0.59, "size": 2377.0}, {"op": "set", "side": "ask", "price": 0.35, "size": 87.0}, {"op": "set", "side": "ask", "price": 0.37, "size": 125.0}, {"op": "set", "side": "ask", "price": 0.39, "size": 243.36000000000013}]}
{"t": 1776976350.768629, "events": [{"op": "set", "side": "ask", "price": 0.37, "size": 93.0}, {"op": "set", "side": "ask", "price": 0.39, "size": 1242.3600000000001}]}
{"t": 1776976351.775647, "events": [{"op": "set", "side": "bid", "price": 0.6, "size": 173.0}, {"op": "set", "side": "bid", "price": 0.59, "size": 1289.0}, {"op": "set", "side": "ask", "price": 0.35, "size": 25.0}, {"op": "delete", "side": "ask", "price": 0.37}, {"op": "set", "side": "ask", "price": 0.39, "size": 119.36000000000013}, {"op": "set", "side": "ask", "price": 0.36, "size": 35.0}]}
{"t": 1776976355.830212, "events": [{"op": "delete", "side": "ask", "price": 0.36}]}
{"t": 1776976356.839608, "events": [{"op": "set", "side": "ask", "price": 0.36, "size": 35.0}]}
{"t": 1776976357.858582, "events": [{"op": "set", "side": "bid", "price": 0.6, "size": 174.0}, {"op": "set", "side": "bid", "price": 0.59, "size": 2376.0}, {"op": "set", "side": "ask", "price": 0.36, "size": 129.0}, {"op": "set", "side": "ask", "price": 0.39, "size": 1243.3600000000001}]}
{"t": 1776976359.87871, "events": [{"op": "set", "side": "ask", "price": 0.36, "size": 94.0}, {"op": "set", "side": "ask", "price": 0.39, "size": 910.3600000000001}]}
{"t": 1776976360.895073, "events": [{"op": "set", "side": "bid", "price": 0.6, "size": 417.0}, {"op": "set", "side": "bid", "price": 0.59, "size": 1832.0}, {"op": "set", "side": "bid", "price": 0.54, "size": 386.0}, {"op": "set", "side": "ask", "price": 0.35, "size": 97.0}, {"op": "set", "side": "ask", "price": 0.36, "size": 108.0}, {"op": "set", "side": "ask", "price": 0.39, "size": 1263.3600000000001}]}
{"t": 1776976361.903726, "events": [{"op": "set", "side": "ask", "price": 0.37, "size": 36.0}]}
{"t": 1776976362.91397, "events": [{"op": "set", "side": "bid", "price": 0.6, "size": 174.0}, {"op": "set", "side": "bid", "price": 0.54, "size": 254.0}, {"op": "set", "side": "ask", "price": 0.35, "size": 95.0}, {"op": "delete", "side": "ask", "price": 0.36}, {"op": "set", "side": "ask", "price": 0.39, "size": 119.36000000000013}]}
{"t": 1776976363.930155, "events": [{"op": "set", "side": "bid", "price": 0.59, "size": 1956.0}, {"op": "set", "side": "bid", "price": 0.52, "size": 7.0}, {"op": "set", "side": "ask", "price": 0.3, "size": 185.0}, {"op": "set", "side": "ask", "price": 0.37, "size": 142.0}, {"op": "set", "side": "ask", "price": 0.38, "size": 359.0}]}
{"t": 1776976364.937811, "events": [{"op": "set", "side": "ask", "price": 0.37, "size": 106.0}]}
{"t": 1776976365.9445639, "events": [{"op": "set", "side": "ask", "price": 0.36, "size": 37.0}]}
{"t": 1776976370.9749482, "events": [{"op": "delete", "side": "ask", "price": 0.36}]}
{"t": 1776976371.985274, "events": [{"op": "set", "side": "ask", "price": 0.37, "size": 140.0}]}
{"t": 1776976375.010626, "events": [{"op": "set", "side": "ask", "price": 0.37, "size": 106.0}]}
{"t": 1776976376.01981, "events": [{"op": "set", "side": "ask", "price": 0.36, "size": 37.0}]}
{"t": 1776976385.0620549, "events": [{"op": "delete", "side": "ask", "price": 0.36}]}
{"t": 1776976386.068693, "events": [{"op": "set", "side": "ask", "price": 0.36, "size": 37.0}]}
{"t": 1776976390.085834, "events": [{"op": "set", "side": "bid", "price": 0.6, "size": 173.0}, {"op": "set", "side": "bid", "price": 0.59, "size": 1787.0}, {"op": "set", "side": "ask", "price": 0.36, "size": 106.0}, {"op": "delete", "side": "ask", "price": 0.38}, {"op": "set", "side": "ask", "price": 0.37, "size": 359.0}]}
{"t": 1776976391.098208, "events": [{"op": "set", "side": "ask", "price": 0.37, "size": 392.0}]}
{"t": 1776976393.108543, "events": [{"op": "set", "side": "bid", "price": 0.54, "size": 5.0}, {"op": "set", "side": "bid", "price": 0.52, "size": 5.0}, {"op": "delete", "side": "ask", "price": 0.36}, {"op": "set", "side": "ask", "price": 0.37, "size": 257.0}]}
{"t": 1776976394.119156, "events": [{"op": "set", "side": "bid", "price": 0.6, "size": 174.0}, {"op": "set", "side": "bid", "price": 0.59, "size": 2372.0}, {"op": "set", "side": "ask", "price": 0.35, "size": 174.0}]}
{"t": 1776976395.125777, "events": [{"op": "set", "side": "ask", "price": 0.3, "size": 225.0}, {"op": "set", "side": "ask", "price": 0.37, "size": 224.0}, {"op": "set", "side": "ask", "price": 0.38, "size": 299.0}]}
{"t": 1776976396.130979, "events": [{"op": "set", "side": "ask", "price": 0.36, "size": 37.0}]}
{"t": 1776976400.151349, "events": [{"op": "delete", "side": "ask", "price": 0.36}]}
{"t": 1776976401.163003, "events": [{"op": "set", "side": "ask", "price": 0.36, "size": 37.0}]}
{"t": 1776976405.183253, "events": [{"op": "delete", "side": "ask", "price": 0.36}]}
{"t": 1776976406.18958, "events": [{"op": "set", "side": "ask", "price": 0.36, "size": 37.0}]}
{"t": 1776976415.243485, "events": [{"op": "set", "side": "ask", "price": 0.3, "size": 150.0}, {"op": "set", "side": "ask", "price": 0.35, "size": 95.0}, {"op": "delete", "side": "ask", "price": 0.36}, {"op": "delete", "side": "ask", "price": 0.38}, {"op": "set", "side": "ask", "price": 0.37, "size": 106.0}]}
{"t": 1776976416.25911, "events": [{"op": "set", "side": "bid", "price": 0.59, "size": 1956.0}, {"op": "set", "side": "bid", "price": 0.54, "size": 257.0}, {"op": "set", "side": "ask", "price": 0.35, "size": 93.0}, {"op": "set", "side": "ask", "price": 0.37, "size": 401.0}, {"op": "set", "side": "ask", "price": 0.36, "size": 172.0}]}
{"t": 1776976420.296268, "events": [{"op": "set", "side": "ask", "price": 0.36, "size": 136.0}]}
{"t": 1776976421.30323, "events": [{"op": "set", "side": "ask", "price": 0.37, "size": 435.0}]}
{"t": 1776976423.3098712, "events": [{"op": "set", "side": "bid", "price": 0.54, "size": 258.0}, {"op": "set", "side": "ask", "price": 0.35, "size": 151.0}, {"op": "delete", "side": "ask", "price": 0.36}, {"op": "set", "side": "ask", "price": 0.38, "size": 379.0}, {"op": "set", "side": "ask", "price": 0.37, "size": 287.0}]}
{"t": 1776976425.340163, "events": [{"op": "set", "side": "bid", "price": 0.6, "size": 173.0}, {"op": "set", "side": "bid", "price": 0.59, "size": 1289.0}, {"op": "set", "side": "bid", "price": 0.54, "size": 5.0}, {"op": "set", "side": "ask", "price": 0.07, "size": 2.0}, {"op": "set", "side": "ask", "price": 0.35, "size": 25.0}, {"op": "delete", "side": "ask", "price": 0.37}, {"op": "delete", "side": "ask", "price": 0.38}, {"op": "set", "side": "ask", "price": 0.15, "size": 19.0}, {"op": "set", "side": "ask", "price": 0.36, "size": 35.0}]}
{"t": 1776976428.364198, "events": [{"op": "set", "side": "bid", "price": 0.6, "size": 174.0}, {"op": "set", "side": "bid", "price": 0.59, "size": 2369.0}, {"op": "set", "side": "ask", "price": 0.39, "size": 1276.3600000000001}, {"op": "set", "side": "ask", "price": 0.36, "size": 139.0}]}
{"t": 1776976430.376935, "events": [{"op": "set", "side": "ask", "price": 0.36, "size": 104.0}]}
{"t": 1776976431.391558, "events": [{"op": "set", "side": "bid", "price": 0.6, "size": 465.0}, {"op": "set", "side": "bid", "price": 0.59, "size": 2135.0}, {"op": "set", "side": "ask", "price": 0.39, "size": 1304.3600000000001}, {"op": "set", "side": "ask", "price": 0.36, "size": 123.0}, {"op": "set", "side": "ask", "price": 0.37, "size": 35.0}]}
{"t": 1776976435.41402, "events": [{"op": "delete", "side": "ask", "price": 0.37}]}
{"t": 1776976436.4190028, "events": [{"op": "set", "side": "bid", "price": 0.6, "size": 174.0}, {"op": "set", "side": "bid", "price": 0.59, "size": 1956.0}, {"op": "set", "side": "ask", "price": 0.39, "size": 119.36000000000013}, {"op": "set", "side": "ask", "price": 0.36, "size": 104.0}, {"op": "set", "side": "ask", "price": 0.37, "size": 35.0}]}
{"t": 1776976437.425882, "events": [{"op": "set", "side": "bid", "price": 0.54, "size": 261.0}, {"op": "set", "side": "ask", "price": 0.3, "size": 195.0}, {"op": "set", "side": "ask", "price": 0.35, "size": 114.0}, {"op": "set", "side": "ask", "price": 0.36, "size": 336.0}]}
{"t": 1776976438.4467258, "events": [{"op": "set", "side": "bid", "price": 0.6, "size": 173.0}, {"op": "set", "side": "bid", "price": 0.59, "size": 1796.0}, {"op": "set", "side": "bid", "price": 0.54, "size": 259.0}, {"op": "set", "side": "ask", "price": 0.3, "size": 150.0}, {"op": "set", "side": "ask", "price": 0.35, "size": 86.0}, {"op": "delete", "side": "ask", "price": 0.36}]}
{"t": 1776976439.456811, "events": [{"op": "set", "side": "bid", "price": 0.6, "size": 223.0}, {"op": "delete", "side": "bid", "price": 0.51}, {"op": "set", "side": "ask", "price": 0.38, "size": 380.0}, {"op": "set", "side": "ask", "price": 0.39, "size": 198.36000000000013}, {"op": "set", "side": "ask", "price": 0.37, "size": 158.0}]}
{"t": 1776976440.468045, "events": [{"op": "set", "side": "bid", "price": 0.6, "size": 173.0}, {"op": "set", "side": "bid", "price": 0.51, "size": 50.0}, {"op": "set", "side": "ask", "price": 0.36, "size": 37.0}, {"op": "set", "side": "ask", "price": 0.37, "size": 123.0}]}
{"t": 1776976441.477786, "events": [{"op": "delete", "side": "ask", "price": 0.38}]}
{"t": 1776976442.480271, "events": [{"op": "set", "side": "bid", "price": 0.6, "size": 174.0}, {"op": "set", "side": "bid", "price": 0.59, "size": 1956.0}, {"op": "set", "side": "bid", "price": 0.54, "size": 262.0}, {"op": "set", "side": "ask", "price": 0.35, "size": 82.0}, {"op": "set", "side": "ask", "price": 0.36, "size": 152.0}, {"op": "set", "side": "ask", "price": 0.37, "size": 365.0}]}
{"t": 1776976443.4918458, "events": [{"op": "set", "side": "bid", "price": 0.54, "size": 406.0}, {"op": "set", "side": "bid", "price": 0.52, "size": 505.0}, {"op": "set", "side": "ask", "price": 0.36, "size": 147.0}, {"op": "set", "side": "ask", "price": 0.37, "size": 145.0}]}
{"t": 1776976444.5010781, "events": [{"op": "set", "side": "ask", "price": 0.35, "size": 98.0}, {"op": "set", "side": "ask", "price": 0.38, "size": 138.0}]}
{"t": 1776976445.5077739, "events": [{"op": "set", "side": "ask", "price": 0.36, "size": 110.0}, {"op": "set", "side": "ask", "price": 0.37, "size": 178.0}]}
{"t": 1776976451.535392, "events": [{"op": "set", "side": "ask", "price": 0.35, "size": 82.0}, {"op": "delete", "side": "ask", "price": 0.38}, {"op": "set", "side": "ask", "price": 0.37, "size": 156.0}]}
{"t": 1776976452.543754, "events": [{"op": "set", "side": "bid", "price": 0.54, "size": 349.0}, {"op": "set", "side": "bid", "price": 0.52, "size": 457.0}, {"op": "set", "side": "ask", "price": 0.07, "size": 17.0}, {"op": "delete", "side": "ask", "price": 0.15}]}
{"t": 1776976453.5542011, "events": [{"op": "set", "side": "ask", "price": 0.3, "size": 218.0}, {"op": "set", "side": "ask", "price": 0.35, "size": 153.0}, {"op": "set", "side": "ask", "price": 0.36, "size": 213.0}, {"op": "set", "side": "ask", "price": 0.37, "size": 533.0}]}
{"t": 1776976454.565593, "events": [{"op": "set", "side": "ask", "price": 0.3, "size": 150.0}, {"op": "set", "side": "ask", "price": 0.35, "size": 82.0}, {"op": "delete", "side": "ask", "price": 0.36}]}
{"t": 1776976455.5719721, "events": [{"op": "set", "side": "bid", "price": 0.54, "size": 333.0}, {"op": "set", "side": "bid", "price": 0.52, "size": 404.0}, {"op": "set", "side": "ask", "price": 0.35, "size": 182.0}, {"op": "set", "side": "ask", "price": 0.37, "size": 237.0}, {"op": "set", "side": "ask", "price": 0.38, "size": 314.0}, {"op": "set", "side": "ask", "price": 0.39, "size": 531.3600000000001}, {"op": "set", "side": "ask", "price": 0.36, "size": 37.0}]}
{"t": 1776976457.590011, "events": [{"op": "set", "side": "ask", "price": 0.39, "size": 198.36000000000013}, {"op": "set", "side": "ask", "price": 0.37, "size": 123.0}]}
{"t": 1776976458.60728, "events": [{"op": "set", "side": "bid", "price": 0.54, "size": 322.0}, {"op": "set", "side": "bid", "price": 0.52, "size": 370.0}, {"op": "delete", "side": "ask", "price": 0.38}]}
{"t": 1776976459.62, "events": [{"op": "set", "side": "ask", "price": 0.3, "size": 195.0}, {"op": "set", "side": "ask", "price": 0.35, "size": 114.0}, {"op": "set", "side": "ask", "price": 0.36, "size": 171.0}, {"op": "set", "side": "ask", "price": 0.37, "size": 499.0}]}
{"t": 1776976460.625124, "events": [{"op": "set", "side": "ask", "price": 0.36, "size": 134.0}, {"op": "set", "side": "ask", "price": 0.37, "size": 530.0}]}
{"t": 1776976461.631319, "events": [{"op": "set", "side": "bid", "price": 0.54, "size": 315.0}, {"op": "set", "side": "bid", "price": 0.52, "size": 347.0}, {"op": "set", "side": "ask", "price": 0.3, "size": 150.0}, {"op": "set", "side": "ask", "price": 0.35, "size": 82.0}, {"op": "delete", "side": "ask", "price": 0.36}, {"op": "set", "side": "ask", "price": 0.37, "size": 260.0}]}
{"t": 1776976462.638276, "events": [{"op": "set", "side": "ask", "price": 0.35, "size": 178.0}, {"op": "set", "side": "ask", "price": 0.38, "size": 305.0}, {"op": "set", "side": "ask", "price": 0.39, "size": 531.3600000000001}]}
{"t": 1776976465.66493, "events": [{"op": "set", "side": "bid", "price": 0.6, "size": 173.0}, {"op": "set", "side": "bid", "price": 0.59, "size": 1289.0}, {"op": "delete", "side": "bid", "price": 0.51}, {"op": "set", "side": "bid", "price": 0.54, "size": 5.0}, {"op": "set", "side": "bid", "price": 0.52, "size": 5.0}, {"op": "set", "side": "ask", "price": 0.35, "size": 25.0}, {"op": "delete", "side": "ask", "price": 0.37}, {"op": "delete", "side": "ask", "price": 0.38}, {"op": "set", "side": "ask", "price": 0.39, "size": 198.36000000000013}, {"op": "set", "side": "ask", "price": 0.36, "size": 35.0}]}
{"t": 1776976468.700096, "events": [{"op": "set", "side": "bid", "price": 0.6, "size": 174.0}, {"op": "set", "side": "bid", "price": 0.59, "size": 2420.0}, {"op": "set", "side": "ask", "price": 0.36, "size": 131.0}, {"op": "set", "side": "ask", "price": 0.39, "size": 1325.3600000000001}]}
{"t": 1776976470.713255, "events": [{"op": "set", "side": "bid", "price": 0.51, "size": 50.0}, {"op": "set", "side": "ask", "price": 0.36, "size": 96.0}, {"op": "set", "side": "ask", "price": 0.37, "size": 34.0}]}
{"t": 1776976472.725442, "events": [{"op": "set", "side": "bid", "price": 0.6, "size": 573.0}, {"op": "set", "side": "bid", "price": 0.59, "size": 1811.0}, {"op": "set", "side": "bid", "price": 0.54, "size": 385.0}, {"op": "set", "side": "ask", "price": 0.35, "size": 89.0}, {"op": "delete", "side": "ask", "price": 0.36}, {"op": "set", "side": "ask", "price": 0.39, "size": 326.3600000000001}, {"op": "set", "side": "ask", "price": 0.37, "size": 130.0}]}
{"t": 1776976473.738061, "events": [{"op": "set", "side": "ask", "price": 0.39, "size": 1325.3600000000001}]}
{"t": 1776976474.742902, "events": [{"op": "set", "side": "ask", "price": 0.37, "size": 96.0}]}
{"t": 1776976475.752197, "events": [{"op": "set", "side": "ask", "price": 0.38, "size": 30.0}]}
{"t": 1776976477.761339, "events": [{"op": "set", "side": "bid", "price": 0.6, "size": 173.0}, {"op": "set", "side": "bid", "price": 0.59, "size": 1289.0}, {"op": "set", "side": "bid", "price": 0.54, "size": 5.0}, {"op": "set", "side": "ask", "price": 0.35, "size": 25.0}, {"op": "delete", "side": "ask", "price": 0.37}, {"op": "set", "side": "ask", "price": 0.39, "size": 198.36000000000013}]}
{"t": 1776976479.7830348, "events": [{"op": "delete", "side": "ask", "price": 0.38}]}
{"t": 1776976480.793513, "events": [{"op": "set", "side": "bid", "price": 0.59, "size": 1956.0}, {"op": "set", "side": "bid", "price": 0.54, "size": 802.0}, {"op": "set", "side": "ask", "price": 0.3, "size": 208.0}, {"op": "set", "side": "ask", "price": 0.35, "size": 111.0}, {"op": "set", "side": "ask", "price": 0.36, "size": 235.0}, {"op": "set", "side": "ask", "price": 0.37, "size": 667.0}]}
{"t": 1776976484.820907, "events": [{"op": "set", "side": "bid", "price": 0.54, "size": 401.0}, {"op": "set", "side": "ask", "price": 0.3, "size": 150.0}, {"op": "set", "side": "ask", "price": 0.36, "size": 187.0}, {"op": "set", "side": "ask", "price": 0.37, "size": 203.0}]}
{"t": 1776976485.858399, "events": [{"op": "set", "side": "bid", "price": 0.52, "size": 505.0}, {"op": "set", "side": "ask", "price": 0.35, "size": 127.0}, {"op": "set", "side": "ask", "price": 0.36, "size": 152.0}, {"op": "set", "side": "ask", "price": 0.38, "size": 241.0}, {"op": "set", "side": "ask", "price": 0.37, "size": 234.0}]}
{"t": 1776976489.887844, "events": [{"op": "set", "side": "ask", "price": 0.37, "size": 203.0}]}
{"t": 1776976490.901129, "events": [{"op": "set", "side": "ask", "price": 0.35, "size": 111.0}, {"op": "delete", "side": "ask", "price": 0.38}, {"op": "set", "side": "ask", "price": 0.37, "size": 236.0}]}
{"t": 1776976491.914994, "events": [{"op": "set", "side": "bid", "price": 0.54, "size": 348.0}, {"op": "set", "side": "bid", "price": 0.52, "size": 454.0}]}
{"t": 1776976492.923475, "events": [{"op": "set", "side": "ask", "price": 0.3, "size": 226.0}, {"op": "set", "side": "ask", "price": 0.35, "size": 160.0}, {"op": "set", "side": "ask", "price": 0.36, "size": 221.0}, {"op": "set", "side": "ask", "price": 0.37, "size": 533.0}]}
{"t": 1776976494.9357922, "events": [{"op": "set", "side": "ask", "price": 0.37, "size": 500.0}]}
{"t": 1776976495.9455118, "events": [{"op": "set", "side": "ask", "price": 0.37, "size": 533.0}]}
{"t": 1776976499.969461, "events": [{"op": "set", "side": "ask", "price": 0.37, "size": 500.0}]}
{"t": 1776976500.976686, "events": [{"op": "set", "side": "ask", "price": 0.37, "size": 533.0}]}
{"t": 1776976504.995602, "events": [{"op": "set", "side": "ask", "price": 0.3, "size": 150.0}, {"op": "set", "side": "ask", "price": 0.35, "size": 111.0}, {"op": "delete", "side": "ask", "price": 0.36}, {"op": "set", "side": "ask", "price": 0.37, "size": 500.0}]}
{"t": 1776976506.004798, "events": [{"op": "set", "side": "bid", "price": 0.54, "size": 332.0}, {"op": "set", "side": "bid", "price": 0.52, "size": 402.0}, {"op": "set", "side": "ask", "price": 0.35, "size": 184.0}, {"op": "set", "side": "ask", "price": 0.37, "size": 239.0}, {"op": "set", "side": "ask", "price": 0.38, "size": 319.0}, {"op": "set", "side": "ask", "price": 0.39, "size": 531.3600000000001}, {"op": "set", "side": "ask", "price": 0.36, "size": 36.0}]}
{"t": 1776976510.0364318, "events": [{"op": "delete", "side": "ask", "price": 0.36}]}
{"t": 1776976511.044847, "events": [{"op": "set", "side": "ask", "price": 0.38, "size": 349.0}]}
{"t": 1776976513.0576482, "events": [{"op": "set", "side": "bid", "price": 0.3, "size": 2593.0}, {"op": "delete", "side": "bid", "price": 0.29}, {"op": "delete", "side": "ask", "price": 0.06}, {"op": "set", "side": "ask", "price": 0.08, "size": 2745.0}]}
{"t": 1776976515.079541, "events": [{"op": "set", "side": "ask", "price": 0.38, "size": 348.0}]}
{"t": 1776976520.122738, "events": [{"op": "set", "side": "ask", "price": 0.38, "size": 319.0}]}
{"t": 1776976521.1357608, "events": [{"op": "set", "side": "bid", "price": 0.54, "size": 322.0}, {"op": "set", "side": "bid", "price": 0.52, "size": 368.0}, {"op": "set", "side": "ask", "price": 0.35, "size": 174.0}, {"op": "set", "side": "ask", "price": 0.37, "size": 203.0}, {"op": "set", "side": "ask", "price": 0.38, "size": 29.0}, {"op": "set", "side": "ask", "price": 0.39, "size": 198.36000000000013}]}
{"t": 1776976522.1437619, "events": [{"op": "set", "side": "ask", "price": 0.07, "size": 2.0}, {"op": "set", "side": "ask", "price": 0.3, "size": 242.0}, {"op": "set", "side": "ask", "price": 0.37, "size": 500.0}, {"op": "set", "side": "ask", "price": 0.11, "size": 21.0}, {"op": "set", "side": "ask", "price": 0.36, "size": 239.0}]}
{"t": 1776976525.156095, "events": [{"op": "delete", "side": "ask", "price": 0.38}]}
{"t": 1776976526.162179, "events": [{"op": "set", "side": "ask", "price": 0.37, "size": 533.0}]}
{"t": 1776976530.176915, "events": [{"op": "set", "side": "ask", "price": 0.37, "size": 500.0}]}
{"t": 1776976531.1844459, "events": [{"op": "set", "side": "ask", "price": 0.37, "size": 533.0}]}
{"t": 1776976535.199321, "events": [{"op": "set", "side": "ask", "price": 0.37, "size": 500.0}]}
{"t": 1776976536.203557, "events": [{"op": "set", "side": "bid", "price": 0.59, "size": 1289.0}, {"op": "set", "side": "bid", "price": 0.54, "size": 5.0}, {"op": "set", "side": "bid", "price": 0.52, "size": 5.0}, {"op": "set", "side": "ask", "price": 0.3, "size": 150.0}, {"op": "set", "side": "ask", "price": 0.35, "size": 25.0}, {"op": "delete", "side": "ask", "price": 0.36}, {"op": "set", "side": "ask", "price": 0.37, "size": 33.0}]}
{"t": 1776976538.221212, "events": [{"op": "set", "side": "bid", "price": 0.6, "size": 840.0}, {"op": "set", "side": "bid", "price": 0.59, "size": 2166.0}, {"op": "set", "side": "ask", "price": 0.35, "size": 89.0}, {"op": "set", "side": "ask", "price": 0.37, "size": 129.0}, {"op": "set", "side": "ask", "price": 0.39, "size": 1327.3600000000001}]}
{"t": 1776976540.237312, "events": [{"op": "set", "side": "bid", "price": 0.6, "size": 173.0}, {"op": "set", "side": "ask", "price": 0.37, "size": 96.0}]}
{"t": 1776976541.245595, "events": [{"op": "set", "side": "bid", "price": 0.59, "size": 1956.0}, {"op": "set", "side": "ask", "price": 0.39, "size": 598.3600000000001}, {"op": "set", "side": "ask", "price": 0.38, "size": 30.0}]}
{"t": 1776976544.27052, "events": [{"op": "set", "side": "bid", "price": 0.54, "size": 790.0}, {"op": "set", "side": "ask", "price": 0.35, "size": 112.0}, {"op": "set", "side": "ask", "price": 0.38, "size": 240.0}, {"op": "set", "side": "ask", "price": 0.37, "size": 148.0}]}
{"t": 1776976545.305117, "events": [{"op": "set", "side": "ask", "price": 0.35, "size": 89.0}, {"op": "set", "side": "ask", "price": 0.38, "size": 210.0}, {"op": "delete", "side": "ask", "price": 0.37}, {"op": "set", "side": "ask", "price": 0.39, "size": 328.3600000000001}, {"op": "set", "side": "ask", "price": 0.36, "size": 37.0}]}
{"t": 1776976546.315924, "events": [{"op": "set", "side": "bid", "price": 0.54, "size": 397.0}]}
{"t": 1776976547.325418, "events": [{"op": "set", "side": "bid", "price": 0.52, "size": 505.0}, {"op": "set", "side": "ask", "price": 0.3, "size": 222.0}, {"op": "set", "side": "ask", "price": 0.35, "size": 155.0}, {"op": "set", "side": "ask", "price": 0.38, "size": 212.0}, {"op": "set", "side": "ask", "price": 0.39, "size": 698.3600000000001}]}
{"t": 1776976548.331649, "events": [{"op": "delete", "side": "ask", "price": 0.38}, {"op": "set", "side": "ask", "price": 0.39, "size": 198.36000000000013}]}
{"t": 1776976549.3694139, "events": [{"op": "set", "side": "bid", "price": 0.54, "size": 347.0}, {"op": "set", "side": "bid", "price": 0.52, "size": 452.0}, {"op": "set", "side": "ask", "price": 0.3, "size": 192.0}, {"op": "set", "side": "ask", "price": 0.35, "size": 109.0}]}
{"t": 1776976550.374534, "events": [{"op": "set", "side": "ask", "price": 0.36, "size": 126.0}, {"op": "set", "side": "ask", "price": 0.37, "size": 494.0}]}
{"t": 1776976552.38733, "events": [{"op": "set", "side": "bid", "price": 0.54, "size": 332.0}, {"op": "set", "side": "bid", "price": 0.52, "size": 400.0}, {"op": "set", "side": "ask", "price": 0.3, "size": 150.0}, {"op": "set", "side": "ask", "price": 0.35, "size": 89.0}, {"op": "delete", "side": "ask", "price": 0.36}, {"op": "set", "side": "ask", "price": 0.37, "size": 255.0}]}
{"t": 1776976553.394047, "events": [{"op": "set", "side": "ask", "price": 0.35, "size": 174.0}, {"op": "set", "side": "ask", "price": 0.39, "size": 531.3600000000001}, {"op": "set", "side": "ask", "price": 0.38, "size": 297.0}]}
{"t": 1776976555.404792, "events": [{"op": "set", "side": "ask", "price": 0.37, "size": 223.0}, {"op": "set", "side": "ask", "price": 0.09, "size": 18.0}, {"op": "delete", "side": "ask", "price": 0.11}]}
{"t": 1776976556.4166641, "events": [{"op": "set", "side": "ask", "price": 0.36, "size": 37.0}]}
{"t": 1776976560.430049, "events": [{"op": "set", "side": "bid", "price": 0.54, "size": 323.0}, {"op": "set", "side": "bid", "price": 0.52, "size": 367.0}, {"op": "set", "side": "ask", "price": 0.35, "size": 113.0}, {"op": "delete", "side": "ask", "price": 0.36}, {"op": "delete", "side": "ask", "price": 0.38}, {"op": "set", "side": "ask", "price": 0.39, "size": 198.36000000000013}]}
{"t": 1776976561.438821, "events": [{"op": "set", "side": "ask", "price": 0.3, "size": 194.0}, {"op": "set", "side": "ask", "price": 0.37, "size": 464.0}, {"op": "set", "side": "ask", "price": 0.36, "size": 167.0}]}
{"t": 1776976565.468847, "events": [{"op": "set", "side": "bid", "price": 0.54, "size": 317.0}, {"op": "set", "side": "bid", "price": 0.52, "size": 346.0}, {"op": "set", "side": "ask", "price": 0.3, "size": 150.0}, {"op": "set", "side": "ask", "price": 0.35, "size": 111.0}, {"op": "set", "side": "ask", "price": 0.36, "size": 129.0}, {"op": "set", "side": "ask", "price": 0.38, "size": 187.0}, {"op": "set", "side": "ask", "price": 0.37, "size": 202.0}]}
{"t": 1776976569.49947, "events": [{"op": "set", "side": "bid", "price": 0.59, "size": 1289.0}, {"op": "delete", "side": "bid", "price": 0.51}, {"op": "set", "side": "bid", "price": 0.54, "size": 5.0}, {"op": "set", "side": "bid", "price": 0.52, "size": 5.0}, {"op": "set", "side": "ask", "price": 0.35, "size": 25.0}, {"op": "delete", "side": "ask", "price": 0.36}, {"op": "delete", "side": "ask", "price": 0.38}, {"op": "set", "side": "ask", "price": 0.37, "size": 30.0}]}
{"t": 1776976570.521151, "events": [{"op": "delete", "side": "ask", "price": 0.37}, {"op": "set", "side": "ask", "price": 0.36, "size": 34.0}]}
{"t": 1776976571.5276349, "events": [{"op": "set", "side": "bid", "price": 0.6, "size": 174.0}, {"op": "set", "side": "bid", "price": 0.59, "size": 2406.0}, {"op": "set", "side": "ask", "price": 0.36, "size": 131.0}, {"op": "set", "side": "ask", "price": 0.39, "size": 327.3600000000001}]}
{"t": 1776976572.538016, "events": [{"op": "set", "side": "ask", "price": 0.39, "size": 1327.3600000000001}]}
{"t": 1776976573.54511, "events": [{"op": "set", "side": "bid", "price": 0.6, "size": 173.0}, {"op": "set", "side": "ask", "price": 0.39, "size": 994.3600000000001}]}
{"t": 1776976574.550605, "events": [{"op": "set", "side": "bid", "price": 0.59, "size": 1956.0}, {"op": "set", "side": "bid", "price": 0.54, "size": 1338.0}, {"op": "set", "side": "ask", "price": 0.36, "size": 146.0}, {"op": "set", "side": "ask", "price": 0.39, "size": 1347.3600000000001}]}
{"t": 1776976575.5694778, "events": [{"op": "set", "side": "ask", "price": 0.36, "size": 112.0}]}
{"t": 1776976576.575867, "events": [{"op": "delete", "side": "ask", "price": 0.36}, {"op": "set", "side": "ask", "price": 0.39, "size": 198.36000000000013}, {"op": "set", "side": "ask", "price": 0.37, "size": 34.0}]}
{"t": 1776976577.582925, "events": [{"op": "set", "side": "bid", "price": 0.54, "size": 785.0}]}
{"t": 1776976578.5899022, "events": [{"op": "set", "side": "ask", "price": 0.3, "size": 182.0}, {"op": "set", "side": "ask", "price": 0.35, "size": 89.0}, {"op": "set", "side": "ask", "price": 0.37, "size": 131.0}, {"op": "set", "side": "ask", "price": 0.38, "size": 427.0}]}
{"t": 1776976579.598368, "events": [{"op": "set", "side": "bid", "price": 0.54, "size": 395.0}, {"op": "set", "side": "bid", "price": 0.52, "size": 505.0}, {"op": "set", "side": "ask", "price": 0.3, "size": 150.0}, {"op": "set", "side": "ask", "price": 0.35, "size": 98.0}, {"op": "set", "side": "ask", "price": 0.38, "size": 146.0}, {"op": "set", "side": "ask", "price": 0.39, "size": 345.3600000000001}, {"op": "set", "side": "ask", "price": 0.37, "size": 143.0}]}
{"t": 1776976580.610691, "events": [{"op": "set", "side": "ask", "price": 0.36, "size": 36.0}, {"op": "set", "side": "ask", "price": 0.37, "size": 109.0}]}
{"t": 1776976582.626801, "events": [{"op": "set", "side": "bid", "price": 0.54, "size": 346.0}, {"op": "set", "side": "bid", "price": 0.52, "size": 451.0}, {"op": "set", "side": "ask", "price": 0.3, "size": 186.0}, {"op": "set", "side": "ask", "price": 0.36, "size": 145.0}, {"op": "delete", "side": "ask", "price": 0.38}, {"op": "set", "side": "ask", "price": 0.39, "size": 198.36000000000013}, {"op": "set", "side": "ask", "price": 0.37, "size": 436.0}]}
{"t": 1776976585.646488, "events": [{"op": "set", "side": "ask", "price": 0.36, "size": 109.0}, {"op": "set", "side": "ask", "price": 0.37, "size": 467.0}]}
{"t": 1776976587.65838, "events": [{"op": "set", "side": "bid", "price": 0.54, "size": 332.0}, {"op": "set", "side": "bid", "price": 0.52, "size": 400.0}, {"op": "set", "side": "bid", "price": 0.51, "size": 50.0}, {"op": "set", "side": "ask", "price": 0.3, "size": 150.0}, {"op": "set", "side": "ask", "price": 0.35, "size": 169.0}, {"op": "delete", "side": "ask", "price": 0.36}, {"op": "set", "side": "ask", "price": 0.38, "size": 288.0}, {"op": "set", "side": "ask", "price": 0.39, "size": 531.3600000000001}, {"op": "set", "side": "ask", "price": 0.37, "size": 248.0}]}
{"t": 1776976590.681835, "events": [{"op": "set", "side": "ask", "price": 0.36, "size": 37.0}, {"op": "set", "side": "ask", "price": 0.37, "size": 217.0}]}
{"t": 1776976592.712306, "events": [{"op": "set", "side": "bid", "price": 0.54, "size": 324.0}, {"op": "set", "side": "bid", "price": 0.52, "size": 367.0}, {"op": "set", "side": "ask", "price": 0.3, "size": 194.0}, {"op": "set", "side": "ask", "price": 0.35, "size": 112.0}, {"op": "set", "side": "ask", "price": 0.36, "size": 168.0}, {"op": "delete", "side": "ask", "price": 0.38}, {"op": "set", "side": "ask", "price": 0.39, "size": 198.36000000000013}, {"op": "set", "side": "ask", "price": 0.37, "size": 452.0}]}
{"t": 1776976595.7320058, "events": [{"op": "set", "side": "ask", "price": 0.36, "size": 131.0}, {"op": "set", "side": "ask", "price": 0.37, "size": 485.0}]}
{"t": 1776976605.780865, "events": [{"op": "set", "side": "bid", "price": 0.54, "size": 318.0}, {"op": "set", "side": "bid", "price": 0.52, "size": 347.0}, {"op": "set", "side": "ask", "price": 0.3, "size": 150.0}, {"op": "set", "side": "ask", "price": 0.35, "size": 173.0}, {"op": "set", "side": "ask", "price": 0.36, "size": 36.0}, {"op": "set", "side": "ask", "price": 0.38, "size": 296.0}, {"op": "set", "side": "ask", "price": 0.39, "size": 531.3600000000001}, {"op": "set", "side": "ask", "price": 0.37, "size": 223.0}]}
{"t": 1776976607.800011, "events": [{"op": "set", "side": "bid", "price": 0.54, "size": 315.0}, {"op": "set", "side": "bid", "price": 0.52, "size": 333.0}, {"op": "set", "side": "ask", "price": 0.3, "size": 194.0}, {"op": "set", "side": "ask", "price": 0.35, "size": 113.0}, {"op": "set", "side": "ask", "price": 0.36, "size": 168.0}, {"op": "delete", "side": "ask", "price": 0.38}, {"op": "set", "side": "ask", "price": 0.39, "size": 198.36000000000013}, {"op": "set", "side": "ask", "price": 0.37, "size": 448.0}]}
{"t": 1776976610.818959, "events": [{"op": "set", "side": "ask", "price": 0.36, "size": 132.0}, {"op": "set", "side": "ask", "price": 0.37, "size": 480.0}]}
{"t": 1776976619.87493, "events": [{"op": "set", "side": "ask", "price": 0.37, "size": 448.0}]}
{"t": 1776976620.890514, "events": [{"op": "set", "side": "ask", "price": 0.37, "size": 480.0}]}
{"t": 1776976624.9222841, "events": [{"op": "set", "side": "bid", "price": 0.54, "size": 313.0}, {"op": "set", "side": "bid", "price": 0.52, "size": 325.0}, {"op": "set", "side": "ask", "price": 0.3, "size": 150.0}, {"op": "set", "side": "ask", "price": 0.35, "size": 173.0}, {"op": "delete", "side": "ask", "price": 0.36}, {"op": "set", "side": "ask", "price": 0.38, "size": 297.0}, {"op": "set", "side": "ask", "price": 0.39, "size": 531.3600000000001}, {"op": "set", "side": "ask", "price": 0.37, "size": 222.0}]}
{"t": 1776976625.935311, "events": [{"op": "set", "side": "ask", "price": 0.36, "size": 37.0}]}
{"t": 1776976627.946018, "events": [{"op": "set", "side": "bid", "price": 0.6, "size": 150.0}, {"op": "set", "side": "bid", "price": 0.59, "size": 1289.0}, {"op": "delete", "side": "bid", "price": 0.51}, {"op": "set", "side": "bid", "price": 0.54, "size": 5.0}, {"op": "set", "side": "bid", "price": 0.52, "size": 5.0}, {"op": "set", "side": "bid", "price": 0.61, "size": 218.64}, {"op": "set", "side": "bid", "price": 0.62, "size": 26.0}, {"op": "delete", "side": "ask", "price": 0.09}, {"op": "set", "side": "ask", "price": 0.35, "size": 25.0}, {"op": "delete", "side": "ask", "price": 0.38}, {"op": "set", "side": "ask", "price": 0.39, "size": 1.1368683772161603e-13}, {"op": "delete", "side": "ask", "price": 0.37}]}
{"t": 1776976629.966581, "events": [{"op": "delete", "side": "ask", "price": 0.36}]}
{"t": 1776976630.9735959, "events": [{"op": "set", "side": "bid", "price": 0.62, "size": 1026.0}, {"op": "set", "side": "ask", "price": 0.09, "size": 19.0}, {"op": "set", "side": "ask", "price": 0.31, "size": 39.0}, {"op": "set", "side": "ask", "price": 0.36, "size": 1.0}, {"op": "set", "side": "ask", "price": 0.37, "size": 999.0}]}
{"t": 1776976635.0095758, "events": [{"op": "delete", "side": "ask", "price": 0.31}]}
{"t": 1776976636.012798, "events": [{"op": "set", "side": "ask", "price": 0.31, "size": 41.0}, {"op": "delete", "side": "ask", "price": 0.37}]}
{"t": 1776976637.021386, "events": [{"op": "set", "side": "ask", "price": 0.24, "size": 50.0}, {"op": "set", "side": "ask", "price": 0.3, "size": 219.0}, {"op": "set", "side": "ask", "price": 0.31, "size": 144.0}, {"op": "set", "side": "ask", "price": 0.36, "size": 980.0}, {"op": "set", "side": "ask", "price": 0.35, "size": 184.0}]}
{"t": 1776976639.037527, "events": [{"op": "set", "side": "ask", "price": 0.35, "size": 164.0}]}
{"t": 1776976640.0406752, "events": [{"op": "set", "side": "ask", "price": 0.31, "size": 103.0}]}
{"t": 1776976641.045354, "events": [{"op": "set", "side": "ask", "price": 0.32, "size": 39.0}]}
{"t": 1776976645.071788, "events": [{"op": "set", "side": "ask", "price": 0.07, "size": 1.0}, {"op": "set", "side": "ask", "price": 0.09, "size": 20.0}]}
{"t": 1776976648.087174, "events": [{"op": "set", "side": "ask", "price": 0.24, "size": 61.0}, {"op": "set", "side": "ask", "price": 0.3, "size": 241.0}, {"op": "delete", "side": "ask", "price": 0.31}, {"op": "set", "side": "ask", "price": 0.36, "size": 657.0}, {"op": "set", "side": "ask", "price": 0.35, "size": 355.0}, {"op": "set", "side": "ask", "price": 0.32, "size": 175.0}]}
{"t": 1776976650.106755, "events": [{"op": "set", "side": "ask", "price": 0.24, "size": 50.0}, {"op": "set", "side": "ask", "price": 0.3, "size": 219.0}, {"op": "set", "side": "ask", "price": 0.32, "size": 136.0}, {"op": "set", "side": "ask", "price": 0.36, "size": 302.0}, {"op": "set", "side": "ask", "price": 0.35, "size": 266.0}]}
{"t": 1776976651.118593, "events": [{"op": "set", "side": "bid", "price": 0.53, "size": 50.0}, {"op": "set", "side": "ask", "price": 0.09, "size": 80.66}, {"op": "set", "side": "ask", "price": 0.24, "size": 76.0}, {"op": "set", "side": "ask", "price": 0.3, "size": 270.0}, {"op": "set", "side": "ask", "price": 0.32, "size": 180.0}, {"op": "set", "side": "ask", "price": 0.33, "size": 37.0}]}
{"t": 1776976653.130749, "events": [{"op": "set", "side": "ask", "price": 0.09, "size": 20.0}, {"op": "set", "side": "ask", "price": 0.24, "size": 67.0}, {"op": "set", "side": "ask", "price": 0.3, "size": 252.0}, {"op": "delete", "side": "ask", "price": 0.32}, {"op": "set", "side": "ask", "price": 0.36, "size": 205.0}, {"op": "set", "side": "ask", "price": 0.35, "size": 178.0}, {"op": "set", "side": "ask", "price": 0.37, "size": 256.0}]}
{"t": 1776976655.139762, "events": [{"op": "set", "side": "ask", "price": 0.09, "size": 80.66}, {"op": "delete", "side": "ask", "price": 0.33}]}
{"t": 1776976656.145735, "events": [{"op": "set", "side": "ask", "price": 0.31, "size": 41.0}]}
{"t": 1776976660.164791, "events": [{"op": "set", "side": "ask", "price": 0.09, "size": 20.0}, {"op": "set", "side": "ask", "price": 0.24, "size": 16.0}, {"op": "set", "side": "ask", "price": 0.3, "size": 150.0}, {"op": "delete", "side": "ask", "price": 0.31}, {"op": "set", "side": "ask", "price": 0.36, "size": 333.0}, {"op": "set", "side": "ask", "price": 0.35, "size": 192.0}, {"op": "set", "side": "ask", "price": 0.37, "size": 500.0}]}
{"t": 1776976662.1883461, "events": [{"op": "set", "side": "ask", "price": 0.31, "size": 41.0}]}
{"t": 1776976665.228876, "events": [{"op": "set", "side": "bid", "price": 0.59, "size": 1309.0}, {"op": "delete", "side": "ask", "price": 0.31}, {"op": "set", "side": "ask", "price": 0.36, "size": 335.0}, {"op": "set", "side": "ask", "price": 0.35, "size": 201.0}]}
{"t": 1776976666.242671, "events": [{"op": "set", "side": "ask", "price": 0.31, "size": 41.0}]}
{"t": 1776976670.27538, "events": [{"op": "delete", "side": "ask", "price": 0.31}]}
{"t": 1776976671.281625, "events": [{"op": "set", "side": "ask", "price": 0.31, "size": 41.0}]}
{"t": 1776976675.3047261, "events": [{"op": "delete", "side": "ask", "price": 0.31}]}
{"t": 1776976676.313505, "events": [{"op": "set", "side": "ask", "price": 0.31, "size": 41.0}]}
{"t": 1776976680.334271, "events": [{"op": "delete", "side": "ask", "price": 0.31}]}
{"t": 1776976681.3585122, "events": [{"op": "set", "side": "ask", "price": 0.31, "size": 41.0}]}
{"t": 1776976690.397115, "events": [{"op": "delete", "side": "ask", "price": 0.31}]}
{"t": 1776976691.417778, "events": [{"op": "set", "side": "ask", "price": 0.31, "size": 41.0}]}
{"t": 1776976694.6291242, "events": [{"op": "set", "side": "bid", "price": 0.62, "size": 26.0}, {"op": "delete", "side": "bid", "price": 0.53}, {"op": "set", "side": "ask", "price": 0.36, "size": 2.0}, {"op": "set", "side": "ask", "price": 0.35, "size": 34.0}, {"op": "delete", "side": "ask", "price": 0.37}]}
{"t": 1776976695.801642, "events": [{"op": "set", "side": "ask", "price": 0.09, "size": 1.0}, {"op": "set", "side": "ask", "price": 0.31, "size": 39.0}, {"op": "set", "side": "ask", "price": 0.15, "size": 21.0}]}
{"t": 1776976697.8306718, "events": [{"op": "set", "side": "bid", "price": 0.62, "size": 1026.0}, {"op": "set", "side": "ask", "price": 0.36, "size": 3.0}, {"op": "set", "side": "ask", "price": 0.37, "size": 999.0}]}
{"t": 1776976702.870096, "events": [{"op": "delete", "side": "ask", "price": 0.31}, {"op": "delete", "side": "ask", "price": 0.37}]}
{"t": 1776976703.879584, "events": [{"op": "set", "side": "ask", "price": 0.15, "size": 52.0}, {"op": "set", "side": "ask", "price": 0.24, "size": 79.0}, {"op": "set", "side": "ask", "price": 0.3, "size": 244.0}, {"op": "set", "side": "ask", "price": 0.36, "size": 999.0}, {"op": "set", "side": "ask", "price": 0.35, "size": 161.0}, {"op": "set", "side": "ask", "price": 0.31, "size": 37.0}]}
{"t": 1776976705.8967402, "events": [{"op": "set", "side": "ask", "price": 0.31, "size": 41.0}]}
{"t": 1776976709.929922, "events": [{"op": "delete", "side": "ask", "price": 0.31}]}
{"t": 1776976710.941517, "events": [{"op": "set", "side": "ask", "price": 0.31, "size": 41.0}]}
{"t": 1776976714.967621, "events": [{"op": "delete", "side": "ask", "price": 0.31}]}
{"t": 1776976715.9786172, "events": [{"op": "set", "side": "ask", "price": 0.31, "size": 41.0}]}
{"t": 1776976720.0040588, "events": [{"op": "set", "side": "ask", "price": 0.15, "size": 21.0}]}
{"t": 1776976721.023626, "events": [{"op": "set", "side": "ask", "price": 0.09, "size": 21.0}, {"op": "delete", "side": "ask", "price": 0.15}, {"op": "set", "side": "ask", "price": 0.24, "size": 59.0}, {"op": "set", "side": "ask", "price": 0.3, "size": 235.0}, {"op": "set", "side": "ask", "price": 0.36, "size": 668.0}, {"op": "set", "side": "ask", "price": 0.35, "size": 367.0}, {"op": "set", "side": "ask", "price": 0.31, "size": 169.0}, {"op": "set", "side": "ask", "price": 0.28, "size": 50.0}]}
{"t": 1776976725.0786262, "events": [{"op": "set", "side": "ask", "price": 0.31, "size": 128.0}]}
{"t": 1776976727.112159, "events": [{"op": "set", "side": "ask", "price": 0.32, "size": 39.0}]}
{"t": 1776976729.136172, "events": [{"op": "set", "side": "ask", "price": 0.24, "size": 16.0}, {"op": "delete", "side": "ask", "price": 0.31}]}
{"t": 1776976730.1580229, "events": [{"op": "set", "side": "ask", "price": 0.28, "size": 104.0}, {"op": "set", "side": "ask", "price": 0.3, "size": 258.0}, {"op": "set", "side": "ask", "price": 0.32, "size": 201.0}]}
{"t": 1776976732.18078, "events": [{"op": "set", "side": "ask", "price": 0.32, "size": 162.0}]}
{"t": 1776976736.203402, "events": [{"op": "set", "side": "ask", "price": 0.33, "size": 38.0}]}
{"t": 1776976738.2212422, "events": [{"op": "set", "side": "ask", "price": 0.28, "size": 103.0}, {"op": "set", "side": "ask", "price": 0.3, "size": 256.0}, {"op": "delete", "side": "ask", "price": 0.32}]}
{"t": 1776976739.229032, "events": [{"op": "set", "side": "ask", "price": 0.33, "size": 197.0}]}
{"t": 1776976740.2347279, "events": [{"op": "set", "side": "ask", "price": 0.3, "size": 235.0}]}
{"t": 1776976741.2510169, "events": [{"op": "set", "side": "ask", "price": 0.28, "size": 67.0}, {"op": "set", "side": "ask", "price": 0.3, "size": 283.0}, {"op": "set", "side": "ask", "price": 0.36, "size": 335.0}, {"op": "set", "side": "ask", "price": 0.35, "size": 301.0}, {"op": "set", "side": "ask", "price": 0.33, "size": 238.0}]}
{"t": 1776976746.492167, "events": [{"op": "set", "side": "ask", "price": 0.33, "size": 200.0}]}
{"t": 1776976752.540415, "events": [{"op": "set", "side": "ask", "price": 0.14, "size": 252.0}, {"op": "set", "side": "ask", "price": 0.24, "size": 120.0}, {"op": "delete", "side": "ask", "price": 0.28}, {"op": "set", "side": "ask", "price": 0.3, "size": 317.0}, {"op": "set", "side": "ask", "price": 0.36, "size": 501.0}, {"op": "set", "side": "ask", "price": 0.35, "size": 367.0}, {"op": "set", "side": "ask", "price": 0.31, "size": 41.0}, {"op": "delete", "side": "ask", "price": 0.33}]}
{"t": 1776976755.570341, "events": [{"op": "delete", "side": "ask", "price": 0.31}]}
{"t": 1776976756.580106, "events": [{"op": "set", "side": "ask", "price": 0.31, "size": 41.0}]}
{"t": 1776976760.616456, "events": [{"op": "set", "side": "ask", "price": 0.14, "size": 200.0}, {"op": "set", "side": "ask", "price": 0.24, "size": 83.0}, {"op": "set", "side": "ask", "price": 0.3, "size": 283.0}, {"op": "set", "side": "ask", "price": 0.31, "size": 200.0}, {"op": "set", "side": "ask", "price": 0.36, "size": 666.0}, {"op": "set", "side": "ask", "price": 0.35, "size": 366.0}, {"op": "set", "side": "ask", "price": 0.32, "size": 40.0}]}
{"t": 1776976765.655814, "events": [{"op": "delete", "side": "ask", "price": 0.32}]}
{"t": 1776976766.6620412, "events": [{"op": "set", "side": "ask", "price": 0.32, "size": 40.0}]}
{"t": 1776976769.6871839, "events": [{"op": "delete", "side": "ask", "price": 0.31}]}
{"t": 1776976770.703775, "events": [{"op": "set", "side": "ask", "price": 0.32, "size": 200.0}, {"op": "set", "side": "ask", "price": 0.36, "size": 663.0}]}
{"t": 1776976771.725236, "events": [{"op": "set", "side": "ask", "price": 0.33, "size": 39.0}]}
{"t": 1776976772.744343, "events": [{"op": "delete", "side": "ask", "price": 0.32}, {"op": "set", "side": "ask", "price": 0.36, "size": 662.0}]}
{"t": 1776976773.7583098, "events": [{"op": "set", "side": "ask", "price": 0.33, "size": 239.0}]}
{"t": 1776976775.7824068, "events": [{"op": "set", "side": "ask", "price": 0.33, "size": 200.0}, {"op": "set", "side": "ask", "price": 0.34, "size": 37.0}]}
{"t": 1776976780.8084228, "events": [{"op": "set", "side": "ask", "price": 0.28, "size": 50.0}]}
{"t": 1776976785.8373, "events": [{"op": "delete", "side": "ask", "price": 0.34}]}
{"t": 1776976786.846972, "events": [{"op": "set", "side": "ask", "price": 0.34, "size": 37.0}]}
{"t": 1776976788.865946, "events": [{"op": "set", "side": "ask", "price": 0.24, "size": 16.0}, {"op": "delete", "side": "ask", "price": 0.33}]}
{"t": 1776976789.882459, "events": [{"op": "set", "side": "ask", "price": 0.28, "size": 105.0}, {"op": "set", "side": "ask", "price": 0.3, "size": 261.0}, {"op": "set", "side": "ask", "price": 0.36, "size": 654.0}, {"op": "set", "side": "ask", "price": 0.34, "size": 203.0}, {"op": "set", "side": "ask", "price": 0.35, "size": 363.0}]}
{"t": 1776976790.891396, "events": [{"op": "set", "side": "ask", "price": 0.34, "size": 166.0}]}
{"t": 1776976791.9012082, "events": [{"op": "set", "side": "ask", "price": 0.35, "size": 397.0}]}
{"t": 1776976792.913603, "events": [{"op": "set", "side": "ask", "price": 0.3, "size": 235.0}, {"op": "delete", "side": "ask", "price": 0.34}]}
{"t": 1776976793.92892, "events": [{"op": "set", "side": "ask", "price": 0.24, "size": 82.0}, {"op": "set", "side": "ask", "price": 0.28, "size": 151.0}, {"op": "set", "side": "ask", "price": 0.3, "size": 350.0}, {"op": "set", "side": "ask", "price": 0.36, "size": 399.0}, {"op": "set", "side": "ask", "price": 0.35, "size": 366.0}]}
{"t": 1776976795.9431622, "events": [{"op": "set", "side": "ask", "price": 0.35, "size": 332.0}, {"op": "set", "side": "ask", "price": 0.31, "size": 41.0}]}
{"t": 1776976798.966105, "events": [{"op": "set", "side": "bid", "price": 0.62, "size": 26.0}, {"op": "set", "side": "ask", "price": 0.24, "size": 16.0}, {"op": "delete", "side": "ask", "price": 0.28}, {"op": "set", "side": "ask", "price": 0.3, "size": 150.0}, {"op": "set", "side": "ask", "price": 0.36, "size": 2.0}, {"op": "set", "side": "ask", "price": 0.35, "size": 34.0}]}
{"t": 1776976799.984837, "events": [{"op": "set", "side": "bid", "price": 0.62, "size": 36.0}, {"op": "set", "side": "ask", "price": 0.09, "size": 1.0}, {"op": "set", "side": "ask", "price": 0.32, "size": 15.0}]}
{"t": 1776976800.994625, "events": [{"op": "delete", "side": "ask", "price": 0.31}, {"op": "set", "side": "ask", "price": 0.15, "size": 19.0}]}
{"t": 1776976802.004491, "events": [{"op": "set", "side": "ask", "price": 0.33, "size": 35.0}]}
{"t": 1776976803.02252, "events": [{"op": "set", "side": "bid", "price": 0.62, "size": 37.0}, {"op": "set", "side": "bid", "price": 0.61, "size": 1191.6399999999999}, {"op": "set", "side": "bid", "price": 0.6, "size": 650.0}, {"op": "set", "side": "ask", "price": 0.24, "size": 52.0}, {"op": "set", "side": "ask", "price": 0.3, "size": 221.0}, {"op": "set", "side": "ask", "price": 0.36, "size": 957.0}]}
{"t": 1776976804.039381, "events": [{"op": "set", "side": "bid", "price": 0.62, "size": 27.0}, {"op": "set", "side": "ask", "price": 0.35, "size": 177.0}, {"op": "set", "side": "ask", "price": 0.32, "size": 107.0}]}
{"t": 1776976806.063827, "events": [{"op": "set", "side": "bid", "price": 0.62, "size": 26.0}, {"op": "set", "side": "bid", "price": 0.61, "size": 728.6399999999999}, {"op": "set", "side": "ask", "price": 0.36, "size": 643.0}, {"op": "delete", "side": "ask", "price": 0.32}, {"op": "delete", "side": "ask", "price": 0.33}]}
{"t": 1776976807.082735, "events": [{"op": "set", "side": "ask", "price": 0.31, "size": 41.0}]}
{"t": 1776976808.091316, "events": [{"op": "set", "side": "ask", "price": 0.24, "size": 57.0}, {"op": "set", "side": "ask", "price": 0.3, "size": 232.0}, {"op": "set", "side": "ask", "price": 0.35, "size": 357.0}, {"op": "set", "side": "ask", "price": 0.33, "size": 124.0}]}
{"t": 1776976811.119054, "events": [{"op": "delete", "side": "ask", "price": 0.31}]}
{"t": 1776976812.1601799, "events": [{"op": "set", "side": "ask", "price": 0.15, "size": 34.0}, {"op": "set", "side": "ask", "price": 0.24, "size": 52.0}, {"op": "set", "side": "ask", "price": 0.3, "size": 221.0}, {"op": "set", "side": "ask", "price": 0.36, "size": 261.0}, {"op": "set", "side": "ask", "price": 0.35, "size": 217.0}, {"op": "set", "side": "ask", "price": 0.28, "size": 50.0}, {"op": "delete", "side": "ask", "price": 0.33}]}
{"t": 1776976814.181136, "events": [{"op": "set", "side": "bid", "price": 0.62, "size": 27.0}, {"op": "set", "side": "bid", "price": 0.61, "size": 1186.6399999999999}, {"op": "set", "side": "ask", "price": 0.15, "size": 80.0}, {"op": "set", "side": "ask", "price": 0.24, "size": 108.0}, {"op": "set", "side": "ask", "price": 0.3, "size": 287.0}]}
{"t": 1776976816.192041, "events": [{"op": "set", "side": "bid", "price": 0.62, "size": 26.0}, {"op": "set", "side": "ask", "price": 0.15, "size": 34.0}, {"op": "set", "side": "ask", "price": 0.3, "size": 221.0}, {"op": "set", "side": "ask", "price": 0.35, "size": 177.0}]}
{"t": 1776976817.207639, "events": [{"op": "set", "side": "bid", "price": 0.61, "size": 729.6399999999999}, {"op": "set", "side": "ask", "price": 0.24, "size": 66.0}, {"op": "set", "side": "ask", "price": 0.28, "size": 150.0}, {"op": "set", "side": "ask", "price": 0.36, "size": 485.0}, {"op": "set", "side": "ask", "price": 0.3, "size": 316.0}, {"op": "set", "side": "ask", "price": 0.35, "size": 358.0}]}
{"t": 1776976818.228111, "events": [{"op": "set", "side": "ask", "price": 0.15, "size": 19.0}, {"op": "set", "side": "ask", "price": 0.31, "size": 41.0}]}
{"t": 1776976820.246989, "events": [{"op": "set", "side": "bid", "price": 0.61, "size": 728.6399999999999}, {"op": "set", "side": "bid", "price": 0.53, "size": 50.0}, {"op": "set", "side": "ask", "price": 0.15, "size": 34.0}, {"op": "set", "side": "ask", "price": 0.24, "size": 16.0}, {"op": "set", "side": "ask", "price": 0.28, "size": 100.0}, {"op": "set", "side": "ask", "price": 0.36, "size": 231.0}, {"op": "set", "side": "ask", "price": 0.35, "size": 177.0}]}
{"t": 1776976821.2622788, "events": [{"op": "set", "side": "bid", "price": 0.62, "size": 27.0}, {"op": "set", "side": "bid", "price": 0.61, "size": 1182.6399999999999}, {"op": "delete", "side": "bid", "price": 0.53}, {"op": "set", "side": "ask", "price": 0.28, "size": 60.0}, {"op": "set", "side": "ask", "price": 0.36, "size": 642.0}, {"op": "set", "side": "ask", "price": 0.3, "size": 270.0}, {"op": "set", "side": "ask", "price": 0.35, "size": 360.0}, {"op": "set", "side": "ask", "price": 0.31, "size": 179.0}, {"op": "set", "side": "ask", "price": 0.32, "size": 40.0}]}
{"t": 1776976822.2751732, "events": [{"op": "set", "side": "ask", "price": 0.15, "size": 19.0}]}
{"t": 1776976823.281095, "events": [{"op": "set", "side": "bid", "price": 0.62, "size": 36.0}, {"op": "set", "side": "bid", "price": 0.61, "size": 218.63999999999987}, {"op": "set", "side": "bid", "price": 0.6, "size": 150.0}, {"op": "set", "side": "ask", "price": 0.24, "size": 70.0}, {"op": "delete", "side": "ask", "price": 0.28}, {"op": "set", "side": "ask", "price": 0.36, "size": 2.0}, {"op": "set", "side": "ask", "price": 0.3, "size": 150.0}, {"op": "set", "side": "ask", "price": 0.35, "size": 34.0}, {"op": "set", "side": "ask", "price": 0.31, "size": 50.0}, {"op": "set", "side": "ask", "price": 0.32, "size": 203.0}, {"op": "set", "side": "ask", "price": 0.16, "size": 15.0}]}
{"t": 1776976824.2959201, "events": [{"op": "delete", "side": "ask", "price": 0.31}]}
{"t": 1776976825.307746, "events": [{"op": "set", "side": "ask", "price": 0.24, "size": 16.0}, {"op": "set", "side": "ask", "price": 0.33, "size": 50.0}]}
