{"t": 1776975878.59487, "events": [{"op": "set", "side": "bid", "price": 0.98, "size": 144.0}, {"op": "set", "side": "bid", "price": 0.97, "size": 2531.0}]}
{"t": 1776975882.637974, "events": [{"op": "set", "side": "bid", "price": 0.98, "size": 905.0}, {"op": "set", "side": "bid", "price": 0.97, "size": 2770.0}]}
{"t": 1776975940.061205, "events": [{"op": "set", "side": "bid", "price": 0.98, "size": 144.0}, {"op": "set", "side": "bid", "price": 0.97, "size": 2531.0}]}
{"t": 1776975942.095907, "events": [{"op": "set", "side": "bid", "price": 0.98, "size": 905.0}, {"op": "set", "side": "bid", "price": 0.97, "size": 2770.0}]}
{"t": 1776975951.2976189, "events": [{"op": "set", "side": "bid", "price": 0.98, "size": 144.0}, {"op": "set", "side": "bid", "price": 0.97, "size": 2531.0}]}
{"t": 1776975953.32274, "events": [{"op": "set", "side": "bid", "price": 0.98, "size": 905.0}, {"op": "set", "side": "bid", "price": 0.97, "size": 2770.0}]}
{"t": 1776976044.185159, "events": [{"op": "set", "side": "bid", "price": 0.98, "size": 144.0}, {"op": "set", "side": "bid", "price": 0.97, "size": 2531.0}]}
{"t": 1776976047.209746, "events": [{"op": "set", "side": "bid", "price": 0.98, "size": 905.0}, {"op": "set", "side": "bid", "price": 0.97, "size": 2770.0}]}
{"t": 1776976058.306615, "events": [{"op": "set", "side": "bid", "price": 0.98, "size": 144.0}, {"op": "set", "side": "bid", "price": 0.97, "size": 2531.0}]}
{"t": 1776976061.337662, "events": [{"op": "set", "side": "bid", "price": 0.98, "size": 905.0}, {"op": "set", "side": "bid", "price": 0.97, "size": 2770.0}]}
{"t": 1776976085.548361, "events": [{"op": "set", "side": "bid", "price": 0.98, "size": 144.0}, {"op": "set", "side": "bid", "price": 0.97, "size": 2531.0}]}
{"t": 1776976088.582797, "events": [{"op": "set", "side": "bid", "price": 0.98, "size": 905.0}, {"op": "set", "side": "bid", "price": 0.97, "size": 2770.0}]}
{"t": 1776976135.934583, "events": [{"op": "set", "side": "bid", "price": 0.98, "size": 144.0}, {"op": "set", "side": "bid", "price": 0.97, "size": 2531.0}]}
{"t": 1776976139.976351, "events": [{"op": "set", "side": "bid", "price": 0.98, "size": 905.0}, {"op": "set", "side": "bid", "price": 0.97, "size": 2770.0}]}
{"t": 1776976152.035327, "events": [{"op": "set", "side": "bid", "price": 0.98, "size": 144.0}, {"op": "set", "side": "bid", "price": 0.97, "size": 2531.0}]}
{"t": 1776976155.081144, "events": [{"op": "set", "side": "bid", "price": 0.98, "size": 905.0}, {"op": "set", "side": "bid", "price": 0.97, "size": 2770.0}]}
{"t": 1776976204.476952, "events": [{"op": "set", "side": "bid", "price": 0.98, "size": 144.0}, {"op": "set", "side": "bid", "price": 0.97, "size": 2531.0}]}
{"t": 1776976207.508864, "events": [{"op": "set", "side": "bid", "price": 0.98, "size": 905.0}, {"op": "set", "side": "bid", "price": 0.97, "size": 2770.0}]}
{"t": 1776976285.139929, "events": [{"op": "set", "side": "bid", "price": 0.98, "size": 144.0}, {"op": "set", "side": "bid", "price": 0.97, "size": 2531.0}]}
{"t": 1776976287.161626, "events": [{"op": "set", "side": "bid", "price": 0.98, "size": 905.0}, {"op": "set", "side": "bid", "price": 0.97, "size": 2770.0}]}
{"t": 1776976301.276474, "events": [{"op": "set", "side": "bid", "price": 0.98, "size": 144.0}, {"op": "set", "side": "bid", "price": 0.97, "size": 2531.0}]}
{"t": 1776976304.313708, "events": [{"op": "set", "side": "bid", "price": 0.98, "size": 905.0}, {"op": "set", "side": "bid", "price": 0.97, "size": 2770.0}]}
{"t": 1776976340.6580539, "events": [{"op": "set", "side": "bid", "price": 0.98, "size": 144.0}, {"op": "set", "side": "bid", "price": 0.97, "size": 2531.0}]}
{"t": 1776976343.692986, "events": [{"op": "set", "side": "bid", "price": 0.98, "size": 905.0}, {"op": "set", "side": "bid", "price": 0.97, "size": 2770.0}]}
{"t": 1776976344.703347, "events": [{"op": "set", "side": "bid", "price": 0.98, "size": 144.0}, {"op": "set", "side": "bid", "price": 0.97, "size": 2531.0}]}
{"t": 1776976347.7271721, "events": [{"op": "set", "side": "bid", "price": 0.98, "size": 905.0}, {"op": "set", "side": "bid", "price": 0.97, "size": 2770.0}]}
{"t": 1776976351.775647, "events": [{"op": "set", "side": "bid", "price": 0.98, "size": 144.0}, {"op": "set", "side": "bid", "price": 0.97, "size": 2531.0}]}
{"t": 1776976356.839608, "events": [{"op": "set", "side": "bid", "price": 0.98, "size": 905.0}, {"op": "set", "side": "bid", "price": 0.97, "size": 2770.0}]}
{"t": 1776976425.340163, "events": [{"op": "set", "side": "bid", "price": 0.98, "size": 144.0}, {"op": "set", "side": "bid", "price": 0.97, "size": 2531.0}]}
{"t": 1776976428.364198, "events": [{"op": "set", "side": "bid", "price": 0.98, "size": 905.0}, {"op": "set", "side": "bid", "price": 0.97, "size": 2770.0}]}
{"t": 1776976465.66493, "events": [{"op": "set", "side": "bid", "price": 0.98, "size": 144.0}, {"op": "set", "side": "bid", "price": 0.97, "size": 2531.0}]}
{"t": 1776976468.700096, "events": [{"op": "set", "side": "bid", "price": 0.98, "size": 905.0}, {"op": "set", "side": "bid", "price": 0.97, "size": 2770.0}]}
{"t": 1776976477.761339, "events": [{"op": "set", "side": "bid", "price": 0.98, "size": 144.0}, {"op": "set", "side": "bid", "price": 0.97, "size": 2531.0}]}
{"t": 1776976480.793513, "events": [{"op": "set", "side": "bid", "price": 0.98, "size": 905.0}, {"op": "set", "side": "bid", "price": 0.97, "size": 2770.0}]}
{"t": 1776976515.079541, "events": [{"op": "delete", "side": "bid", "price": 0.69}, {"op": "set", "side": "bid", "price": 0.7, "size": 4463.0}]}
{"t": 1776976536.203557, "events": [{"op": "set", "side": "bid", "price": 0.98, "size": 144.0}, {"op": "set", "side": "bid", "price": 0.97, "size": 2531.0}]}
{"t": 1776976538.221212, "events": [{"op": "set", "side": "bid", "price": 0.98, "size": 905.0}, {"op": "set", "side": "bid", "price": 0.97, "size": 2770.0}]}
{"t": 1776976569.49947, "events": [{"op": "set", "side": "bid", "price": 0.98, "size": 144.0}, {"op": "set", "side": "bid", "price": 0.97, "size": 2531.0}]}
{"t": 1776976571.5276349, "events": [{"op": "set", "side": "bid", "price": 0.98, "size": 905.0}]}
{"t": 1776976572.538016, "events": [{"op": "set", "side": "bid", "price": 0.97, "size": 2770.0}]}
{"t": 1776976627.946018, "events": [{"op": "set", "side": "bid", "price": 0.98, "size": 144.0}, {"op": "set", "side": "bid", "price": 0.97, "size": 2531.0}]}
{"t": 1776976630.9735959, "events": [{"op": "set", "side": "bid", "price": 0.98, "size": 905.0}, {"op": "set", "side": "bid", "price": 0.97, "size": 2770.0}]}
{"t": 1776976694.6291242, "events": [{"op": "set", "side": "bid", "price": 0.98, "size": 144.0}, {"op": "set", "side": "bid", "price": 0.97, "size": 2531.0}]}
{"t": 1776976697.8306718, "events": [{"op": "set", "side": "bid", "price": 0.98, "size": 905.0}, {"op": "set", "side": "bid", "price": 0.97, "size": 2770.0}]}
{"t": 1776976798.966105, "events": [{"op": "set", "side": "bid", "price": 0.98, "size": 144.0}, {"op": "set", "side": "bid", "price": 0.97, "size": 2531.0}]}
{"t": 1776976802.004491, "events": [{"op": "set", "side": "bid", "price": 0.98, "size": 905.0}, {"op": "set", "side": "bid", "price": 0.97, "size": 2770.0}]}
{"t": 1776976823.281095, "events": [{"op": "set", "side": "bid", "price": 0.98, "size": 144.0}, {"op": "set", "side": "bid", "price": 0.97, "size": 2531.0}]}
{"t": 1776976826.322222, "events": [{"op": "set", "side": "bid", "price": 0.98, "size": 905.0}, {"op": "set", "side": "bid", "price": 0.97, "size": 2770.0}]}
{"t": 1776976873.730138, "events": [{"op": "set", "side": "bid", "price": 0.98, "size": 144.0}, {"op": "set", "side": "bid", "price": 0.97, "size": 2531.0}]}
{"t": 1776976876.771445, "events": [{"op": "set", "side": "bid", "price": 0.98, "size": 905.0}, {"op": "set", "side": "bid", "price": 0.97, "size": 2770.0}]}
{"t": 1776976926.536787, "events": [{"op": "delete", "side": "bid", "price": 0.66}]}
{"t": 1776976927.551632, "events": [{"op": "set", "side": "bid", "price": 0.69, "size": 35.0}]}
{"t": 1776977027.54447, "events": [{"op": "set", "side": "bid", "price": 0.98, "size": 144.0}, {"op": "set", "side": "bid", "price": 0.97, "size": 2531.0}]}
{"t": 1776977031.587998, "events": [{"op": "set", "side": "bid", "price": 0.98, "size": 905.0}, {"op": "set", "side": "bid", "price": 0.97, "size": 2770.0}]}
{"t": 1776977130.577865, "events": [{"op": "set", "side": "bid", "price": 0.98, "size": 144.0}, {"op": "set", "side": "bid", "price": 0.97, "size": 2531.0}]}
{"t":1776978860.778573,"e":[[1,0,0.98,715.0],[1,0,0.97,2710.0]]}
{"t":1776978869.856717,"e":[[1,0,0.98,144.0],[1,0,0.97,2531.0]]}
{"t":1776978873.903151,"e":[[1,0,0.98,715.0],[1,0,0.97,2710.0]]}
{"t":1776978909.223537,"e":[[1,0,0.98,144.0],[1,0,0.97,2531.0]]}
{"t":1776978913.274387,"e":[[1,0,0.98,715.0],[1,0,0.97,2710.0]]}
{"t":1776978979.146398,"e":[[1,0,0.98,144.0],[1,0,0.97,2531.0]]}
{"t":1776978983.1908631,"e":[[1,0,0.98,715.0],[1,0,0.97,2710.0]]}
{"t":1776979006.375099,"e":[[1,0,0.98,144.0],[1,0,0.97,2531.0]]}
{"t":1776979009.408774,"e":[[1,0,0.98,715.0],[1,0,0.97,2710.0]]}
{"t":1776979021.503144,"e":[[1,0,0.98,144.0],[1,0,0.97,2531.0]]}
{"t":1776979024.5338361,"e":[[1,0,0.98,715.0],[1,0,0.97,2710.0]]}
{"t":1776979081.134896,"e":[[1,0,0.98,144.0],[1,0,0.97,2531.0]]}
{"t":1776979085.186368,"e":[[1,0,0.98,715.0],[1,0,0.97,2710.0]]}
{"t":1776979102.3232388,"e":[[1,0,0.98,144.0],[1,0,0.97,2531.0]]}
{"t":1776979106.3717089,"e":[[1,0,0.98,715.0],[1,0,0.97,2710.0]]}
{"t":1776979111.404879,"e":[[1,0,0.98,144.0],[1,0,0.97,2531.0]]}
{"t":1776979114.437589,"e":[[1,0,0.98,715.0],[1,0,0.97,2710.0]]}
{"t":1776979130.556236,"e":[[1,0,0.98,144.0],[1,0,0.97,2531.0]]}
{"t":1776979133.575329,"e":[[1,0,0.98,715.0],[1,0,0.97,2710.0]]}
{"t":1776979135.5978959,"e":[[1,0,0.98,144.0],[1,0,0.97,2531.0]]}
{"t":1776979138.624363,"e":[[1,0,0.98,715.0],[1,0,0.97,2710.0]]}
{"t":1776979162.765724,"e":[[1,0,0.98,144.0],[1,0,0.97,2531.0]]}
{"t":1776979166.8385139,"e":[[1,0,0.98,715.0],[1,0,0.97,2710.0]]}
{"t":1776979208.261129,"e":[[1,0,0.98,144.0],[1,0,0.97,2531.0]]}
{"t":1776979210.3045912,"e":[[1,0,0.98,715.0],[1,0,0.97,2710.0]]}
{"t":1776979250.753281,"e":[[1,0,0.98,144.0],[1,0,0.97,2531.0]]}
{"t":1776979251.799284,"e":[[1,0,0.98,894.0]]}
{"t":1776979286.150522,"e":[[1,0,0.98,144.0]]}
{"t":1776979288.1660001,"e":[[1,0,0.98,715.0],[1,0,0.97,2710.0]]}
{"t":1776979322.47595,"e":[[1,0,0.98,144.0],[1,0,0.97,2531.0]]}
{"t":1776979327.535894,"e":[[1,0,0.98,715.0],[1,0,0.97,2710.0]]}
{"t":1776979357.799739,"e":[[1,0,0.98,144.0],[1,0,0.97,2531.0]]}
{"t":1776979358.815964,"e":[[1,0,0.98,715.0],[1,0,0.97,2710.0]]}
{"t":1776979373.992595,"e":[[1,0,0.98,144.0],[1,0,0.97,2531.0]]}
{"t":1776979378.053979,"e":[[1,0,0.98,715.0],[1,0,0.97,2710.0]]}
{"t":1776979393.279681,"e":[[1,0,0.98,144.0],[1,0,0.97,2531.0]]}
{"t":1776979396.311556,"e":[[1,0,0.98,715.0],[1,0,0.97,2710.0]]}
{"t":1776979404.426751,"e":[[1,0,0.98,144.0],[1,0,0.97,2531.0]]}
{"t":1776979406.462188,"e":[[1,0,0.98,715.0],[1,0,0.97,2710.0]]}
{"t":1776979421.670975,"e":[[1,0,0.98,144.0],[1,0,0.97,2531.0]]}
{"t":1776979424.820554,"e":[[1,0,0.98,715.0],[1,0,0.97,2710.0]]}
{"t":1776979440.0022578,"e":[[1,0,0.98,144.0],[1,0,0.97,2531.0]]}
{"t":1776979443.037045,"e":[[1,0,0.98,715.0],[1,0,0.97,2710.0]]}
{"t":1776979499.5889611,"e":[[1,0,0.98,144.0],[1,0,0.97,2531.0]]}
{"t":1776979502.631507,"e":[[1,0,0.98,715.0],[1,0,0.97,2710.0]]}
{"t":1776979636.021319,"e":[[1,0,0.98,144.0],[1,0,0.97,2531.0]]}
{"t":1776979637.049831,"e":[[1,0,0.98,715.0],[1,0,0.97,2710.0]]}
{"t":1776979641.110275,"e":[[1,0,0.98,144.0],[1,0,0.97,2531.0]]}
{"t":1776979646.186614,"e":[[1,0,0.98,715.0],[1,0,0.97,2710.0]]}
{"t":1776979673.505915,"e":[[1,0,0.98,144.0],[1,0,0.97,2531.0]]}
{"t":1776979677.5577102,"e":[[1,0,0.98,715.0],[1,0,0.97,2710.0]]}
{"t":1776979714.936487,"e":[[1,0,0.98,144.0],[1,0,0.97,2531.0]]}
{"t":1776979718.986039,"e":[[1,0,0.98,715.0],[1,0,0.97,2710.0]]}
{"t":1776979736.216362,"e":[[1,0,0.98,144.0],[1,0,0.97,2531.0]]}
{"t":1776979738.25713,"e":[[1,0,0.98,715.0],[1,0,0.97,2710.0]]}
{"t":1776979820.0560918,"e":[[1,0,0.98,144.0],[1,0,0.97,2531.0]]}
{"t":1776979824.103594,"e":[[1,0,0.98,715.0],[1,0,0.97,2710.0]]}
{"t":1776979832.244597,"e":[[1,0,0.98,144.0],[1,0,0.97,2531.0]]}
{"t":1776979835.291805,"e":[[1,0,0.98,715.0],[1,0,0.97,2710.0]]}
{"t":1776979866.614618,"e":[[1,0,0.98,144.0],[1,0,0.97,2531.0]]}
{"t":1776979870.6450438,"e":[[1,0,0.98,715.0],[1,0,0.97,2710.0]]}
{"t":1776979948.596159,"e":[[1,0,0.98,144.0],[1,0,0.97,2531.0]]}
{"t":1776979951.6405408,"e":[[1,0,0.98,715.0],[1,0,0.97,2710.0]]}
{"t":1776979960.742992,"e":[[0,0,0.73]]}
{"t":1776979962.759284,"e":[[1,0,0.82,52.0]]}
{"t":1776980002.208147,"e":[[1,0,0.98,144.0],[1,0,0.97,2531.0]]}
{"t":1776980007.280448,"e":[[1,0,0.98,715.0],[1,0,0.97,2710.0]]}
{"t":1776980031.561755,"e":[[1,0,0.98,144.0],[1,0,0.82,61.0],[1,0,0.97,2531.0]]}
{"t":1776980034.6140401,"e":[[1,0,0.98,715.0],[1,0,0.97,2710.0]]}
{"t":1776980153.9214542,"e":[[1,0,0.99,1093.51]]}
{"t":1776980179.1174479,"e":[[1,0,0.82,65.0]]}
{"t":1776980216.500921,"e":[[1,0,0.98,144.0],[1,0,0.97,2531.0]]}
{"t":1776980218.545161,"e":[[1,0,0.98,715.0],[1,0,0.97,2710.0]]}
{"t":1776980339.870958,"e":[[1,0,0.98,144.0],[1,0,0.97,2531.0]]}
{"t":1776980347.9774709,"e":[[1,0,0.98,715.0],[1,0,0.97,2710.0]]}
{"t":1776980359.084876,"e":[[1,0,0.98,144.0],[1,0,0.97,2531.0]]}
{"t":1776980362.116677,"e":[[1,0,0.98,715.0],[1,0,0.97,2710.0]]}
{"t":1776980428.823528,"e":[[1,0,0.98,144.0],[1,0,0.97,2531.0]]}
{"t":1776980431.865155,"e":[[1,0,0.98,715.0],[1,0,0.97,2710.0]]}
{"t":1776980438.9541829,"e":[[1,0,0.98,144.0],[1,0,0.97,2531.0]]}
{"t":1776980441.991785,"e":[[1,0,0.98,715.0],[1,0,0.97,2710.0]]}
{"t":1776980488.560389,"e":[[1,0,0.98,144.0],[1,0,0.97,2531.0]]}
{"t":1776980491.6142201,"e":[[1,0,0.98,715.0],[1,0,0.97,2710.0]]}
{"t":1776980524.08113,"e":[[1,0,0.98,144.0],[1,0,0.97,2531.0]]}
{"t":1776980526.116436,"e":[[1,0,0.98,894.0]]}
{"t":1776980562.5381172,"e":[[1,0,0.98,144.0]]}
{"t":1776980566.604689,"e":[[1,0,0.98,715.0],[1,0,0.97,2710.0]]}
{"t":1776980577.735656,"e":[[1,0,0.98,144.0],[1,0,0.97,2531.0]]}
{"t":1776980578.763276,"e":[[1,0,0.98,715.0],[1,0,0.97,2710.0]]}
{"t":1776980589.9223082,"e":[[1,0,0.98,144.0],[1,0,0.97,2531.0]]}
{"t":1776980591.962518,"e":[[1,0,0.98,715.0],[1,0,0.97,2710.0]]}
{"t":1776980758.610584,"e":[[1,0,0.98,144.0],[1,0,0.97,2531.0]]}
{"t":1776980762.6692328,"e":[[1,0,0.98,715.0],[1,0,0.97,2710.0]]}
{"t":1776980842.4296498,"e":[[1,0,0.98,144.0],[1,0,0.97,2531.0]]}
{"t":1776980845.4702349,"e":[[1,0,0.98,715.0],[1,0,0.97,2710.0]]}
{"t":1776980929.387115,"e":[[1,0,0.98,144.0],[1,0,0.97,2531.0]]}
{"t":1776980932.421974,"e":[[1,0,0.98,715.0],[1,0,0.97,2710.0]]}
{"t":1776980942.557023,"e":[[1,0,0.98,144.0],[1,0,0.97,2531.0]]}
{"t":1776980946.62488,"e":[[1,0,0.98,715.0],[1,0,0.97,2710.0]]}
{"t":1776980957.745952,"e":[[1,0,0.98,144.0],[1,0,0.97,2531.0]]}
{"t":1776980960.798671,"e":[[1,0,0.98,715.0],[1,0,0.97,2710.0]]}
{"t":1776980976.982363,"e":[[1,0,0.98,144.0],[1,0,0.97,2531.0]]}
{"t":1776980981.055403,"e":[[1,0,0.98,715.0],[1,0,0.97,2710.0]]}
{"t":1776980995.2883961,"e":[[1,0,0.98,144.0],[1,0,0.97,2531.0]]}
{"t":1776980999.340385,"e":[[1,0,0.98,715.0],[1,0,0.97,2710.0]]}
{"t":1776981008.444097,"e":[[1,0,0.98,144.0],[1,0,0.97,2531.0]]}
{"t":1776981011.484992,"e":[[1,0,0.98,715.0],[1,0,0.97,2710.0]]}
{"t":1776981018.585931,"e":[[1,0,0.98,144.0],[1,0,0.97,2531.0]]}
{"t":1776981022.6689541,"e":[[1,0,0.98,715.0],[1,0,0.97,2710.0]]}
{"t":1776981039.859245,"e":[[1,0,0.98,144.0],[1,0,0.97,2531.0]]}
{"t":1776981044.931883,"e":[[1,0,0.98,715.0],[1,0,0.97,2710.0]]}
{"t":1776981072.162536,"e":[[1,0,0.98,144.0],[1,0,0.97,2531.0]]}
{"t":1776981074.199422,"e":[[1,0,0.98,715.0],[1,0,0.97,2710.0]]}
{"t":1776981087.326062,"e":[[1,0,0.98,144.0],[1,0,0.97,2531.0]]}
{"t":1776981089.372341,"e":[[1,0,0.98,715.0],[1,0,0.97,2710.0]]}
{"t":1776981100.51648,"e":[[1,0,0.98,144.0],[1,0,0.97,2531.0]]}
{"t":1776981103.559409,"e":[[1,0,0.98,715.0],[1,0,0.97,2710.0]]}
{"t":1776981193.665442,"e":[[1,0,0.98,144.0],[1,0,0.97,2531.0]]}
{"t":1776981195.704865,"e":[[1,0,0.98,715.0],[1,0,0.97,2710.0]]}
{"t":1776981206.826984,"e":[[1,0,0.98,144.0],[1,0,0.97,2531.0]]}
{"t":1776981209.856044,"e":[[1,0,0.98,715.0],[1,0,0.97,2710.0]]}
{"t":1776981249.287044,"e":[[1,0,0.98,144.0],[1,0,0.97,2531.0]]}
{"t":1776981252.324728,"e":[[1,0,0.98,715.0],[1,0,0.97,2710.0]]}
{"t":1776981263.4313338,"e":[[1,0,0.98,144.0],[1,0,0.97,2531.0]]}
{"t":1776981266.4803982,"e":[[1,0,0.98,715.0],[1,0,0.97,2710.0]]}
{"t":1776981297.8282409,"e":[[1,0,0.98,144.0],[1,0,0.97,2531.0]]}
{"t":1776981305.944294,"e":[[0,0,0.7],[1,0,0.69,4315.0]]}
{"t":1776981535.0834491,"e":[[1,0,0.99,6093.51]]}
{"t":1776981545.1793659,"e":[[1,0,0.82,30.0]]}
{"t":1776981546.182566,"e":[[1,0,0.84,37.0]]}
{"t":1776981921.5000808,"e":[[0,0,0.84]]}
{"t":1776981922.505505,"e":[[1,0,0.85,32.0]]}
{"t":1776981985.172541,"e":[[1,0,0.85,37.0]]}
{"t":1776982077.098547,"e":[[1,0,0.99,6060.51]]}
{"t":1776982257.711724,"e":[[0,0,0.85]]}
{"t":1776982258.719069,"e":[[1,0,0.86,38.0]]}
{"t":1776982555.369565,"e":[[1,0,0.86,36.0]]}
{"t":1776982607.8463979,"e":[[0,0,0.86]]}
{"t":1776982608.855488,"e":[[1,0,0.87,35.0]]}
{"t":1776982824.8107898,"e":[[0,0,0.87]]}
{"t":1776983295.776306,"e":[[1,0,0.01,30000.0]]}
{"t":1776984523.837309,"e":[[1,0,0.44,38.0]]}
{"t":1776984600.5990279,"e":[[1,0,0.99,5093.51]]}
{"t":1776984722.69966,"e":[[1,0,0.98,894.0]]}
{"t":1776984733.8148658,"e":[[1,0,0.99,5000.51]]}
{"t":1776985369.2448719,"e":[[0,0,0.44]]}
{"t":1776985370.2517061,"e":[[1,0,0.5,32.0]]}
{"t":1776985725.608074,"e":[[0,0,0.5]]}
{"t":1776986009.19275,"e":[[1,0,0.98,144.0]]}
{"t":1776986081.824235,"e":[[0,0,0.69],[1,0,0.7,4524.0]]}
{"t":1776986300.5685408,"e":[[1,0,0.99,5200.51]]}
{"t":1776986313.663645,"e":[[1,0,0.98,394.0]]}
{"t":1776986363.351876,"e":[[1,0,0.98,144.0]]}
{"t":1776986364.384167,"e":[[1,0,0.98,394.0]]}
{"t":1776986366.418345,"e":[[1,0,0.99,5000.51]]}
{"t":1776986383.65274,"e":[[1,0,0.98,144.0]]}
{"t":1776986384.680605,"e":[[1,0,0.98,394.0]]}
{"t":1776986397.8622699,"e":[[1,0,0.98,144.0]]}
{"t":1776986401.9132118,"e":[[1,0,0.98,394.0]]}
{"t":1776986419.158252,"e":[[1,0,0.98,144.0]]}
{"t":1776986421.196193,"e":[[1,0,0.98,394.0]]}
{"t":1776986437.380849,"e":[[1,0,0.98,144.0]]}
{"t":1776986439.423061,"e":[[1,0,0.98,394.0]]}
{"t":1776986469.807368,"e":[[1,0,0.98,144.0]]}
{"t":1776986472.854091,"e":[[1,0,0.98,394.0]]}
{"t":1776986494.109504,"e":[[1,0,0.98,144.0]]}
{"t":1776986496.1457589,"e":[[1,0,0.98,394.0]]}
{"t":1776986534.6683981,"e":[[1,0,0.98,144.0]]}
{"t":1776986537.7171562,"e":[[1,0,0.98,394.0]]}
{"t":1776986573.241257,"e":[[1,0,0.98,144.0]]}
{"t":1776986574.2613492,"e":[[1,0,0.98,394.0]]}
{"t":1776986579.318312,"e":[[1,0,0.98,144.0]]}
{"t":1776986581.3651452,"e":[[1,0,0.98,394.0]]}
{"t":1776986659.255121,"e":[[1,0,0.98,144.0]]}
{"t":1776986661.2968,"e":[[1,0,0.98,394.0]]}
{"t":1776986680.548555,"e":[[1,0,0.98,144.0]]}
{"t":1776986682.5754209,"e":[[1,0,0.98,394.0]]}
{"t":1776986705.846477,"e":[[1,0,0.98,144.0]]}
{"t":1776986708.8906822,"e":[[1,0,0.98,394.0]]}
{"t":1776986729.172899,"e":[[1,0,0.98,144.0]]}
{"t":1776986733.2222269,"e":[[1,0,0.98,394.0]]}
{"t":1776986832.4536839,"e":[[1,0,0.98,144.0]]}
{"t":1776986837.5276139,"e":[[1,0,0.98,394.0]]}
{"t":1776986869.923723,"e":[[1,0,0.98,144.0]]}
{"t":1776986872.010302,"e":[[1,0,0.98,394.0]]}
{"t":1776986886.168145,"e":[[1,0,0.98,144.0]]}
{"t":1776986887.189601,"e":[[1,0,0.98,394.0]]}
{"t":1776986915.520103,"e":[[1,0,0.98,144.0]]}
{"t":1776986919.5786638,"e":[[1,0,0.98,394.0]]}
{"t":1776986942.903061,"e":[[1,0,0.98,144.0]]}
{"t":1776986946.9656582,"e":[[1,0,0.98,394.0]]}
{"t":1776986947.983878,"e":[[1,0,0.98,144.0]]}
{"t":1776986952.033379,"e":[[1,0,0.98,394.0]]}
{"t":1776986964.188865,"e":[[1,0,0.98,144.0]]}
{"t":1776986966.217751,"e":[[1,0,0.98,394.0]]}
{"t":1776986970.258007,"e":[[1,0,0.98,144.0]]}
{"t":1776986971.275799,"e":[[1,0,0.98,394.0]]}
{"t":1776986979.398657,"e":[[1,0,0.98,144.0]]}
{"t":1776986982.427562,"e":[[1,0,0.98,394.0]]}
{"t":1776986996.63327,"e":[[1,0,0.98,144.0]]}
{"t":1776986997.66156,"e":[[1,0,0.98,394.0]]}
{"t":1776987056.464906,"e":[[0,0,0.68]]}
{"t":1776987079.743087,"e":[[1,0,0.98,144.0]]}
{"t":1776987080.771084,"e":[[1,0,0.98,394.0]]}
{"t":1776987120.4832928,"e":[[1,0,0.99,4667.51]]}
{"t":1776987127.571431,"e":[[1,0,0.98,144.0]]}
{"t":1776987128.5982761,"e":[[1,0,0.98,394.0]]}
{"t":1776987131.655811,"e":[[1,0,0.98,144.0]]}
{"t":1776987135.711443,"e":[[1,0,0.98,394.0]]}
{"t":1776987144.8593578,"e":[[1,0,0.98,144.0]]}
{"t":1776987148.931984,"e":[[1,0,0.98,394.0]]}
{"t":1776987208.6758132,"e":[[1,0,0.98,144.0]]}
{"t":1776987211.718431,"e":[[1,0,0.98,394.0]]}
{"t":1776987268.385867,"e":[[1,0,0.98,144.0]]}
{"t":1776987271.432161,"e":[[1,0,0.98,394.0]]}
{"t":1776987307.884866,"e":[[1,0,0.98,144.0]]}
{"t":1776987309.920022,"e":[[1,0,0.98,394.0]]}
{"t":1776987317.0173628,"e":[[1,0,0.98,144.0]]}
{"t":1776987318.03879,"e":[[1,0,0.98,394.0]]}
{"t":1776987362.556312,"e":[[1,0,0.98,144.0]]}
{"t":1776987366.622816,"e":[[1,0,0.98,394.0]]}
{"t":1776987388.8948748,"e":[[1,0,0.98,144.0]]}
{"t":1776987392.957681,"e":[[1,0,0.98,394.0]]}
{"t":1776987480.037149,"e":[[1,0,0.98,144.0]]}
{"t":1776987481.0704799,"e":[[1,0,0.98,394.0]]}
{"t":1776987509.499563,"e":[[1,0,0.98,144.0]]}
{"t":1776987513.572844,"e":[[1,0,0.98,394.0]]}
{"t":1776987531.878761,"e":[[1,0,0.98,144.0]]}
{"t":1776987532.89665,"e":[[1,0,0.98,394.0]]}
{"t":1776987546.0651488,"e":[[1,0,0.98,144.0]]}
{"t":1776987549.11323,"e":[[1,0,0.98,394.0]]}
{"t":1776987565.324453,"e":[[1,0,0.98,144.0]]}
{"t":1776987568.358059,"e":[[1,0,0.98,394.0]]}
{"t":1776987570.385914,"e":[[1,0,0.98,144.0]]}
{"t":1776987571.411482,"e":[[1,0,0.98,394.0]]}
{"t":1776987577.4838452,"e":[[1,0,0.98,144.0]]}
{"t":1776987580.526141,"e":[[1,0,0.98,394.0]]}
{"t":1776987586.6072462,"e":[[1,0,0.98,144.0]]}
{"t":1776987587.619329,"e":[[1,0,0.98,394.0]]}
{"t":1776987593.725282,"e":[[1,0,0.98,144.0]]}
{"t":1776987594.758166,"e":[[1,0,0.98,394.0]]}
{"t":1776987620.079356,"e":[[1,0,0.98,144.0]]}
{"t":1776987622.1203682,"e":[[1,0,0.98,394.0]]}
{"t":1776987647.358795,"e":[[1,0,0.98,144.0]]}
{"t":1776987648.369152,"e":[[1,0,0.98,394.0]]}
{"t":1776987655.4332852,"e":[[1,0,0.98,144.0]]}
{"t":1776987918.320621,"e":[[0,0,0.99]]}
