{"t": 1776975854.366905, "events": [{"op": "set", "side": "bid", "price": 0.62, "size": 27.0}, {"op": "delete", "side": "ask", "price": 0.24}]}
{"t": 1776975855.3857431, "events": [{"op": "set", "side": "bid", "price": 0.67, "size": 7.0}, {"op": "delete", "side": "bid", "price": 0.61}, {"op": "set", "side": "ask", "price": 0.12, "size": 51.0}, {"op": "set", "side": "ask", "price": 0.32, "size": 536.0}, {"op": "set", "side": "ask", "price": 0.24, "size": 30.0}]}
{"t": 1776975856.396708, "events": [{"op": "set", "side": "bid", "price": 0.67, "size": 59.0}, {"op": "set", "side": "bid", "price": 0.62, "size": 66.0}, {"op": "set", "side": "ask", "price": 0.32, "size": 1536.0}]}
{"t": 1776975857.41232, "events": [{"op": "set", "side": "ask", "price": 0.12, "size": 36.0}, {"op": "delete", "side": "ask", "price": 0.24}]}
{"t": 1776975858.419916, "events": [{"op": "set", "side": "bid", "price": 0.62, "size": 39.0}, {"op": "set", "side": "bid", "price": 0.63, "size": 26.0}]}
{"t": 1776975859.432927, "events": [{"op": "set", "side": "bid", "price": 0.67, "size": 75.0}, {"op": "set", "side": "bid", "price": 0.63, "size": 76.0}, {"op": "delete", "side": "bid", "price": 0.62}, {"op": "set", "side": "bid", "price": 0.64, "size": 6.0}, {"op": "set", "side": "ask", "price": 0.12, "size": 51.0}, {"op": "set", "side": "ask", "price": 0.32, "size": 536.0}, {"op": "set", "side": "ask", "price": 0.24, "size": 30.0}]}
{"t": 1776975860.4405582, "events": [{"op": "set", "side": "bid", "price": 0.67, "size": 81.0}, {"op": "delete", "side": "bid", "price": 0.64}, {"op": "set", "side": "ask", "price": 0.32, "size": 1536.0}]}
{"t": 1776975861.4545841, "events": [{"op": "set", "side": "ask", "price": 0.12, "size": 36.0}]}
{"t": 1776975863.466253, "events": [{"op": "set", "side": "bid", "price": 0.63, "size": 50.0}, {"op": "set", "side": "bid", "price": 0.64, "size": 24.0}, {"op": "set", "side": "ask", "price": 0.23, "size": 67.0}]}
{"t": 1776975866.4869819, "events": [{"op": "set", "side": "bid", "price": 0.67, "size": 163.0}, {"op": "set", "side": "bid", "price": 0.64, "size": 101.0}, {"op": "delete", "side": "bid", "price": 0.63}, {"op": "set", "side": "bid", "price": 0.65, "size": 6.0}, {"op": "set", "side": "ask", "price": 0.12, "size": 51.0}, {"op": "delete", "side": "ask", "price": 0.23}, {"op": "set", "side": "ask", "price": 0.24, "size": 81.0}, {"op": "set", "side": "ask", "price": 0.32, "size": 1077.0}]}
{"t": 1776975867.501479, "events": [{"op": "set", "side": "bid", "price": 0.67, "size": 169.0}, {"op": "delete", "side": "bid", "price": 0.65}, {"op": "set", "side": "ask", "price": 0.23, "size": 1.0}, {"op": "set", "side": "ask", "price": 0.25, "size": 43.0}]}
{"t": 1776975868.5054138, "events": [{"op": "set", "side": "bid", "price": 0.64, "size": 77.0}, {"op": "delete", "side": "ask", "price": 0.25}]}
{"t": 1776975869.519797, "events": [{"op": "set", "side": "bid", "price": 0.67, "size": 7.0}, {"op": "delete", "side": "bid", "price": 0.64}, {"op": "set", "side": "bid", "price": 0.65, "size": 23.0}, {"op": "set", "side": "ask", "price": 0.12, "size": 36.0}, {"op": "delete", "side": "ask", "price": 0.32}, {"op": "set", "side": "ask", "price": 0.25, "size": 43.0}]}
{"t": 1776975870.536895, "events": [{"op": "set", "side": "bid", "price": 0.67, "size": 499.0}, {"op": "set", "side": "bid", "price": 0.65, "size": 229.0}, {"op": "set", "side": "bid", "price": 0.58, "size": 1.0}, {"op": "set", "side": "bid", "price": 0.68, "size": 1.0}, {"op": "set", "side": "bid", "price": 0.66, "size": 6.0}, {"op": "set", "side": "ask", "price": 0.24, "size": 108.0}, {"op": "set", "side": "ask", "price": 0.25, "size": 198.0}, {"op": "set", "side": "ask", "price": 0.26, "size": 84.0}]}
{"t": 1776975871.54954, "events": [{"op": "set", "side": "bid", "price": 0.68, "size": 12.0}, {"op": "delete", "side": "bid", "price": 0.58}, {"op": "delete", "side": "bid", "price": 0.66}, {"op": "delete", "side": "ask", "price": 0.23}]}
{"t": 1776975873.562508, "events": [{"op": "set", "side": "bid", "price": 0.68, "size": 38.0}, {"op": "set", "side": "bid", "price": 0.65, "size": 206.0}, {"op": "set", "side": "ask", "price": 0.12, "size": 51.0}, {"op": "set", "side": "ask", "price": 0.25, "size": 155.0}, {"op": "set", "side": "ask", "price": 0.26, "size": 69.0}, {"op": "set", "side": "ask", "price": 0.27, "size": 35.0}]}
{"t": 1776975874.577964, "events": [{"op": "set", "side": "bid", "price": 0.68, "size": 27.0}, {"op": "set", "side": "bid", "price": 0.69, "size": 10.0}, {"op": "set", "side": "ask", "price": 0.12, "size": 36.0}, {"op": "set", "side": "ask", "price": 0.24, "size": 78.0}, {"op": "set", "side": "ask", "price": 0.26, "size": 51.0}, {"op": "set", "side": "ask", "price": 0.19, "size": 30.0}, {"op": "set", "side": "ask", "price": 0.28, "size": 29.0}]}
{"t": 1776975875.5833821, "events": [{"op": "set", "side": "ask", "price": 0.28, "size": 1.0}, {"op": "set", "side": "ask", "price": 0.2, "size": 50.0}]}
{"t": 1776975876.5873752, "events": [{"op": "delete", "side": "ask", "price": 0.19}, {"op": "delete", "side": "ask", "price": 0.2}, {"op": "set", "side": "ask", "price": 0.26, "size": 66.0}, {"op": "set", "side": "ask", "price": 0.28, "size": 14.0}, {"op": "set", "side": "ask", "price": 0.21, "size": 30.0}]}
{"t": 1776975878.59487, "events": [{"op": "delete", "side": "bid", "price": 0.68}, {"op": "delete", "side": "bid", "price": 0.67}, {"op": "set", "side": "bid", "price": 0.49, "size": 10.0}, {"op": "delete", "side": "bid", "price": 0.65}, {"op": "set", "side": "bid", "price": 0.43, "size": 37.0}, {"op": "set", "side": "bid", "price": 0.63, "size": 50.0}, {"op": "set", "side": "bid", "price": 0.62, "size": 29.0}, {"op": "set", "side": "bid", "price": 0.02, "size": 59.0}, {"op": "set", "side": "ask", "price": 0.03, "size": 118.0}, {"op": "set", "side": "ask", "price": 0.12, "size": 31.0}, {"op": "delete", "side": "ask", "price": 0.21}, {"op": "delete", "side": "ask", "price": 0.24}, {"op": "delete", "side": "ask", "price": 0.25}, {"op": "delete", "side": "ask", "price": 0.26}, {"op": "delete", "side": "ask", "price": 0.27}, {"op": "set", "side": "ask", "price": 0.22, "size": 43.0}, {"op": "set", "side": "ask", "price": 0.23, "size": 30.0}]}
{"t": 1776975879.608191, "events": [{"op": "delete", "side": "bid", "price": 0.69}, {"op": "set", "side": "bid", "price": 0.62, "size": 30.0}, {"op": "set", "side": "bid", "price": 0.64, "size": 6.0}, {"op": "delete", "side": "ask", "price": 0.28}, {"op": "set", "side": "ask", "price": 0.17, "size": 1.0}, {"op": "set", "side": "ask", "price": 0.24, "size": 9.0}]}
{"t": 1776975881.629726, "events": [{"op": "delete", "side": "ask", "price": 0.17}]}
{"t": 1776975882.637974, "events": [{"op": "set", "side": "bid", "price": 0.64, "size": 672.0}, {"op": "set", "side": "bid", "price": 0.63, "size": 82.0}, {"op": "set", "side": "bid", "price": 0.62, "size": 29.0}, {"op": "set", "side": "bid", "price": 0.65, "size": 1.0}, {"op": "set", "side": "ask", "price": 0.23, "size": 59.0}, {"op": "set", "side": "ask", "price": 0.24, "size": 54.0}, {"op": "set", "side": "ask", "price": 0.25, "size": 998.0}]}
{"t": 1776975883.6573179, "events": [{"op": "set", "side": "bid", "price": 0.65, "size": 28.0}, {"op": "set", "side": "bid", "price": 0.64, "size": 678.0}, {"op": "delete", "side": "bid", "price": 0.49}, {"op": "delete", "side": "bid", "price": 0.62}, {"op": "set", "side": "ask", "price": 0.12, "size": 16.0}, {"op": "delete", "side": "ask", "price": 0.22}, {"op": "set", "side": "ask", "price": 0.24, "size": 45.0}, {"op": "set", "side": "ask", "price": 0.26, "size": 55.0}]}
{"t": 1776975884.672483, "events": [{"op": "set", "side": "bid", "price": 0.65, "size": 38.0}, {"op": "set", "side": "bid", "price": 0.64, "size": 666.0}, {"op": "set", "side": "bid", "price": 0.66, "size": 12.0}, {"op": "set", "side": "ask", "price": 0.27, "size": 18.0}]}
{"t": 1776975885.684871, "events": [{"op": "set", "side": "ask", "price": 0.23, "size": 29.0}]}
{"t": 1776975888.692513, "events": [{"op": "set", "side": "ask", "price": 0.26, "size": 15.0}, {"op": "set", "side": "ask", "price": 0.27, "size": 57.0}]}
{"t": 1776975889.700941, "events": [{"op": "set", "side": "bid", "price": 0.66, "size": 666.0}, {"op": "set", "side": "bid", "price": 0.65, "size": 101.0}, {"op": "delete", "side": "bid", "price": 0.63}, {"op": "delete", "side": "bid", "price": 0.64}, {"op": "set", "side": "bid", "price": 0.67, "size": 1.0}, {"op": "set", "side": "bid", "price": 0.49, "size": 42.0}, {"op": "set", "side": "ask", "price": 0.12, "size": 31.0}, {"op": "delete", "side": "ask", "price": 0.23}, {"op": "delete", "side": "ask", "price": 0.24}, {"op": "delete", "side": "ask", "price": 0.25}, {"op": "delete", "side": "ask", "price": 0.26}, {"op": "set", "side": "ask", "price": 0.27, "size": 91.0}, {"op": "set", "side": "ask", "price": 0.19, "size": 30.0}, {"op": "set", "side": "ask", "price": 0.21, "size": 50.0}, {"op": "set", "side": "ask", "price": 0.28, "size": 97.0}, {"op": "set", "side": "ask", "price": 0.29, "size": 666.0}]}
{"t": 1776975890.720798, "events": [{"op": "set", "side": "bid", "price": 0.67, "size": 12.0}, {"op": "set", "side": "ask", "price": 0.27, "size": 73.0}]}
{"t": 1776975891.728182, "events": [{"op": "set", "side": "ask", "price": 0.12, "size": 16.0}, {"op": "delete", "side": "ask", "price": 0.19}, {"op": "delete", "side": "ask", "price": 0.21}, {"op": "set", "side": "ask", "price": 0.22, "size": 30.0}, {"op": "set", "side": "ask", "price": 0.3, "size": 34.0}]}
{"t": 1776975893.74344, "events": [{"op": "set", "side": "bid", "price": 0.67, "size": 51.0}, {"op": "set", "side": "bid", "price": 0.49, "size": 10.0}, {"op": "set", "side": "ask", "price": 0.27, "size": 34.0}, {"op": "set", "side": "ask", "price": 0.3, "size": 68.0}]}
{"t": 1776975894.7561548, "events": [{"op": "set", "side": "bid", "price": 0.67, "size": 40.0}, {"op": "set", "side": "bid", "price": 0.68, "size": 10.0}]}
{"t": 1776975913.861079, "events": [{"op": "delete", "side": "bid", "price": 0.68}, {"op": "set", "side": "bid", "price": 0.67, "size": 1.0}, {"op": "delete", "side": "bid", "price": 0.66}, {"op": "set", "side": "bid", "price": 0.49, "size": 52.0}, {"op": "delete", "side": "bid", "price": 0.65}, {"op": "delete", "side": "bid", "price": 0.48}, {"op": "delete", "side": "bid", "price": 0.43}, {"op": "set", "side": "bid", "price": 0.51, "size": 32.0}, {"op": "delete", "side": "bid", "price": 0.02}, {"op": "set", "side": "bid", "price": 0.52, "size": 60.0}, {"op": "set", "side": "ask", "price": 0.03, "size": 86.0}, {"op": "set", "side": "ask", "price": 0.12, "size": 37.0}, {"op": "delete", "side": "ask", "price": 0.27}, {"op": "delete", "side": "ask", "price": 0.28}, {"op": "delete", "side": "ask", "price": 0.29}, {"op": "set", "side": "ask", "price": 0.3, "size": 53.0}, {"op": "set", "side": "ask", "price": 0.13, "size": 15.0}, {"op": "set", "side": "ask", "price": 0.23, "size": 50.0}]}
{"t": 1776975914.8911412, "events": [{"op": "set", "side": "bid", "price": 0.67, "size": 89.0}, {"op": "delete", "side": "bid", "price": 0.52}, {"op": "set", "side": "bid", "price": 0.54, "size": 50.0}, {"op": "set", "side": "bid", "price": 0.55, "size": 10.0}, {"op": "set", "side": "bid", "price": 0.02, "size": 44.0}, {"op": "set", "side": "bid", "price": 0.68, "size": 666.0}, {"op": "set", "side": "bid", "price": 0.69, "size": 1.0}, {"op": "set", "side": "bid", "price": 0.53, "size": 20.0}, {"op": "set", "side": "ask", "price": 0.12, "size": 38.0}, {"op": "set", "side": "ask", "price": 0.22, "size": 363.0}, {"op": "set", "side": "ask", "price": 0.3, "size": 554.0}]}
{"t": 1776975915.9392462, "events": [{"op": "set", "side": "bid", "price": 0.69, "size": 7.0}, {"op": "delete", "side": "bid", "price": 0.53}, {"op": "delete", "side": "ask", "price": 0.13}, {"op": "set", "side": "ask", "price": 0.3, "size": 1533.0}]}
{"t": 1776975916.9452019, "events": [{"op": "delete", "side": "bid", "price": 0.68}, {"op": "delete", "side": "bid", "price": 0.67}, {"op": "set", "side": "bid", "price": 0.6, "size": 50.0}, {"op": "set", "side": "ask", "price": 0.12, "size": 52.0}, {"op": "set", "side": "ask", "price": 0.22, "size": 30.0}, {"op": "delete", "side": "ask", "price": 0.23}, {"op": "set", "side": "ask", "price": 0.3, "size": 252.0}]}
{"t": 1776975917.960892, "events": [{"op": "set", "side": "bid", "price": 0.69, "size": 27.0}, {"op": "set", "side": "bid", "price": 0.55, "size": 36.0}, {"op": "set", "side": "ask", "price": 0.3, "size": 1250.0}, {"op": "set", "side": "ask", "price": 0.23, "size": 145.0}]}
{"t": 1776975918.9692569, "events": [{"op": "delete", "side": "bid", "price": 0.6}, {"op": "delete", "side": "bid", "price": 0.51}, {"op": "set", "side": "bid", "price": 0.61, "size": 28.0}, {"op": "set", "side": "ask", "price": 0.12, "size": 37.0}]}
{"t": 1776975920.987811, "events": [{"op": "delete", "side": "ask", "price": 0.22}]}
{"t": 1776975923.995276, "events": [{"op": "delete", "side": "bid", "price": 0.61}, {"op": "set", "side": "bid", "price": 0.56, "size": 30.0}]}
{"t": 1776975928.009221, "events": [{"op": "set", "side": "bid", "price": 0.64, "size": 1.0}]}
{"t": 1776975939.052171, "events": [{"op": "set", "side": "bid", "price": 0.6, "size": 50.0}]}
{"t": 1776975940.061205, "events": [{"op": "delete", "side": "bid", "price": 0.69}, {"op": "set", "side": "bid", "price": 0.55, "size": 10.0}, {"op": "set", "side": "bid", "price": 0.43, "size": 36.0}, {"op": "delete", "side": "bid", "price": 0.02}, {"op": "set", "side": "ask", "price": 0.03, "size": 114.0}, {"op": "set", "side": "ask", "price": 0.12, "size": 16.0}, {"op": "delete", "side": "ask", "price": 0.23}, {"op": "delete", "side": "ask", "price": 0.3}, {"op": "set", "side": "ask", "price": 0.13, "size": 15.0}, {"op": "set", "side": "ask", "price": 0.24, "size": 30.0}]}
{"t": 1776975941.0863051, "events": [{"op": "delete", "side": "bid", "price": 0.6}, {"op": "set", "side": "bid", "price": 0.61, "size": 11.0}, {"op": "set", "side": "ask", "price": 0.25, "size": 45.0}]}
{"t": 1776975942.095907, "events": [{"op": "set", "side": "bid", "price": 0.64, "size": 666.0}, {"op": "set", "side": "bid", "price": 0.61, "size": 57.0}, {"op": "delete", "side": "bid", "price": 0.54}, {"op": "delete", "side": "bid", "price": 0.49}, {"op": "set", "side": "bid", "price": 0.43, "size": 86.0}, {"op": "set", "side": "bid", "price": 0.02, "size": 42.0}, {"op": "set", "side": "bid", "price": 0.65, "size": 13.0}, {"op": "delete", "side": "ask", "price": 0.13}, {"op": "set", "side": "ask", "price": 0.24, "size": 47.0}, {"op": "set", "side": "ask", "price": 0.25, "size": 228.0}, {"op": "set", "side": "ask", "price": 0.26, "size": 83.0}]}
{"t": 1776975943.110956, "events": [{"op": "set", "side": "bid", "price": 0.65, "size": 61.0}, {"op": "delete", "side": "bid", "price": 0.56}, {"op": "delete", "side": "bid", "price": 0.55}, {"op": "set", "side": "bid", "price": 0.44, "size": 22.0}, {"op": "set", "side": "bid", "price": 0.66, "size": 12.0}, {"op": "set", "side": "ask", "price": 0.24, "size": 17.0}, {"op": "set", "side": "ask", "price": 0.25, "size": 183.0}, {"op": "set", "side": "ask", "price": 0.26, "size": 52.0}, {"op": "set", "side": "ask", "price": 0.27, "size": 83.0}]}
{"t": 1776975944.1347961, "events": [{"op": "set", "side": "bid", "price": 0.66, "size": 38.0}, {"op": "set", "side": "bid", "price": 0.64, "size": 667.0}, {"op": "set", "side": "ask", "price": 0.12, "size": 31.0}, {"op": "delete", "side": "ask", "price": 0.27}, {"op": "set", "side": "ask", "price": 0.19, "size": 30.0}, {"op": "set", "side": "ask", "price": 0.28, "size": 36.0}, {"op": "set", "side": "ask", "price": 0.29, "size": 11.0}]}
{"t": 1776975945.176098, "events": [{"op": "delete", "side": "bid", "price": 0.61}, {"op": "delete", "side": "ask", "price": 0.24}, {"op": "delete", "side": "ask", "price": 0.25}, {"op": "delete", "side": "ask", "price": 0.26}]}
{"t": 1776975946.19179, "events": [{"op": "set", "side": "bid", "price": 0.65, "size": 1.0}, {"op": "set", "side": "bid", "price": 0.64, "size": 97.0}, {"op": "set", "side": "bid", "price": 0.48, "size": 10.0}, {"op": "set", "side": "ask", "price": 0.21, "size": 1.0}]}
{"t": 1776975948.2322109, "events": [{"op": "set", "side": "bid", "price": 0.65, "size": 220.0}, {"op": "set", "side": "ask", "price": 0.12, "size": 16.0}, {"op": "set", "side": "ask", "price": 0.28, "size": 38.0}, {"op": "set", "side": "ask", "price": 0.29, "size": 69.0}, {"op": "set", "side": "ask", "price": 0.23, "size": 50.0}, {"op": "set", "side": "ask", "price": 0.3, "size": 1108.0}]}
{"t": 1776975949.255933, "events": [{"op": "delete", "side": "ask", "price": 0.23}, {"op": "set", "side": "ask", "price": 0.29, "size": 58.0}, {"op": "set", "side": "ask", "price": 0.31, "size": 50.0}]}
{"t": 1776975950.291745, "events": [{"op": "set", "side": "ask", "price": 0.32, "size": 18.0}]}
{"t": 1776975951.2976189, "events": [{"op": "set", "side": "bid", "price": 0.66, "size": 12.0}, {"op": "delete", "side": "bid", "price": 0.65}, {"op": "set", "side": "bid", "price": 0.64, "size": 1.0}, {"op": "set", "side": "bid", "price": 0.43, "size": 36.0}, {"op": "set", "side": "bid", "price": 0.49, "size": 50.0}, {"op": "set", "side": "ask", "price": 0.12, "size": 31.0}, {"op": "delete", "side": "ask", "price": 0.19}, {"op": "delete", "side": "ask", "price": 0.28}, {"op": "delete", "side": "ask", "price": 0.29}, {"op": "set", "side": "ask", "price": 0.3, "size": 110.0}, {"op": "set", "side": "ask", "price": 0.31, "size": 35.0}, {"op": "set", "side": "ask", "price": 0.24, "size": 30.0}]}
{"t": 1776975952.314472, "events": [{"op": "delete", "side": "bid", "price": 0.66}, {"op": "delete", "side": "bid", "price": 0.64}, {"op": "delete", "side": "bid", "price": 0.49}, {"op": "delete", "side": "bid", "price": 0.48}, {"op": "set", "side": "bid", "price": 0.5, "size": 31.0}, {"op": "set", "side": "bid", "price": 0.51, "size": 60.0}, {"op": "set", "side": "bid", "price": 0.52, "size": 21.0}, {"op": "set", "side": "ask", "price": 0.32, "size": 68.0}]}
{"t": 1776975953.32274, "events": [{"op": "set", "side": "bid", "price": 0.51, "size": 10.0}, {"op": "delete", "side": "bid", "price": 0.5}, {"op": "set", "side": "bid", "price": 0.43, "size": 86.0}, {"op": "set", "side": "bid", "price": 0.53, "size": 29.0}, {"op": "set", "side": "ask", "price": 0.31, "size": 47.0}, {"op": "delete", "side": "ask", "price": 0.32}, {"op": "set", "side": "ask", "price": 0.19, "size": 50.0}]}
{"t": 1776975954.332581, "events": [{"op": "set", "side": "bid", "price": 0.53, "size": 80.0}, {"op": "set", "side": "bid", "price": 0.52, "size": 666.0}, {"op": "set", "side": "bid", "price": 0.51, "size": 287.0}, {"op": "set", "side": "bid", "price": 0.43, "size": 36.0}, {"op": "set", "side": "ask", "price": 0.12, "size": 17.0}, {"op": "set", "side": "ask", "price": 0.24, "size": 333.0}, {"op": "set", "side": "ask", "price": 0.3, "size": 611.0}, {"op": "set", "side": "ask", "price": 0.31, "size": 1058.0}]}
{"t": 1776975955.341995, "events": [{"op": "set", "side": "bid", "price": 0.53, "size": 30.0}, {"op": "set", "side": "bid", "price": 0.54, "size": 70.0}]}
{"t": 1776975959.372451, "events": [{"op": "set", "side": "bid", "price": 0.54, "size": 232.0}, {"op": "set", "side": "bid", "price": 0.53, "size": 291.0}, {"op": "delete", "side": "bid", "price": 0.51}, {"op": "delete", "side": "bid", "price": 0.52}, {"op": "set", "side": "bid", "price": 0.55, "size": 28.0}, {"op": "set", "side": "bid", "price": 0.56, "size": 19.0}, {"op": "set", "side": "bid", "price": 0.45, "size": 50.0}, {"op": "set", "side": "ask", "price": 0.12, "size": 16.0}, {"op": "set", "side": "ask", "price": 0.19, "size": 51.0}, {"op": "set", "side": "ask", "price": 0.21, "size": 501.0}, {"op": "delete", "side": "ask", "price": 0.24}, {"op": "set", "side": "ask", "price": 0.3, "size": 444.0}, {"op": "set", "side": "ask", "price": 0.31, "size": 726.0}]}
{"t": 1776975960.382571, "events": [{"op": "set", "side": "bid", "price": 0.56, "size": 29.0}, {"op": "set", "side": "ask", "price": 0.19, "size": 1.0}, {"op": "set", "side": "ask", "price": 0.3, "size": 334.0}, {"op": "set", "side": "ask", "price": 0.31, "size": 666.0}, {"op": "set", "side": "ask", "price": 0.24, "size": 30.0}, {"op": "set", "side": "ask", "price": 0.32, "size": 37.0}, {"op": "set", "side": "ask", "price": 0.33, "size": 41.0}]}
{"t": 1776975961.3887491, "events": [{"op": "delete", "side": "bid", "price": 0.45}, {"op": "set", "side": "ask", "price": 0.34, "size": 18.0}]}
{"t": 1776975962.391223, "events": [{"op": "delete", "side": "ask", "price": 0.24}]}
{"t": 1776975963.398977, "events": [{"op": "delete", "side": "bid", "price": 0.55}, {"op": "set", "side": "ask", "price": 0.21, "size": 500.0}]}
{"t": 1776975964.407889, "events": [{"op": "set", "side": "bid", "price": 0.55, "size": 28.0}, {"op": "set", "side": "ask", "price": 0.03, "size": 86.0}, {"op": "set", "side": "ask", "price": 0.12, "size": 46.0}, {"op": "set", "side": "ask", "price": 0.32, "size": 22.0}, {"op": "set", "side": "ask", "price": 0.33, "size": 50.0}, {"op": "set", "side": "ask", "price": 0.34, "size": 33.0}, {"op": "set", "side": "ask", "price": 0.35, "size": 39.0}]}
{"t": 1776975965.424205, "events": [{"op": "set", "side": "ask", "price": 0.32, "size": 52.0}, {"op": "delete", "side": "ask", "price": 0.33}, {"op": "set", "side": "ask", "price": 0.34, "size": 15.0}, {"op": "set", "side": "ask", "price": 0.36, "size": 12.0}]}
{"t": 1776975966.4270139, "events": [{"op": "set", "side": "ask", "price": 0.32, "size": 30.0}]}
{"t": 1776975967.430302, "events": [{"op": "delete", "side": "ask", "price": 0.36}, {"op": "set", "side": "ask", "price": 0.37, "size": 18.0}]}
{"t": 1776975968.4348412, "events": [{"op": "set", "side": "ask", "price": 0.35, "size": 40.0}]}
{"t": 1776975971.450849, "events": [{"op": "set", "side": "bid", "price": 0.56, "size": 19.0}, {"op": "delete", "side": "bid", "price": 0.54}, {"op": "delete", "side": "bid", "price": 0.53}, {"op": "delete", "side": "bid", "price": 0.02}, {"op": "set", "side": "bid", "price": 0.48, "size": 43.0}, {"op": "set", "side": "bid", "price": 0.45, "size": 50.0}, {"op": "delete", "side": "ask", "price": 0.19}, {"op": "delete", "side": "ask", "price": 0.21}, {"op": "delete", "side": "ask", "price": 0.3}, {"op": "delete", "side": "ask", "price": 0.31}, {"op": "delete", "side": "ask", "price": 0.34}, {"op": "set", "side": "ask", "price": 0.13, "size": 15.0}]}
{"t": 1776975972.4612129, "events": [{"op": "set", "side": "ask", "price": 0.12, "size": 30.0}, {"op": "set", "side": "ask", "price": 0.14, "size": 14.0}]}
{"t": 1776975973.468818, "events": [{"op": "delete", "side": "bid", "price": 0.55}, {"op": "delete", "side": "bid", "price": 0.44}, {"op": "delete", "side": "bid", "price": 0.43}, {"op": "set", "side": "bid", "price": 0.02, "size": 50.0}, {"op": "delete", "side": "ask", "price": 0.35}]}
{"t": 1776975974.486274, "events": [{"op": "set", "side": "bid", "price": 0.56, "size": 685.0}, {"op": "set", "side": "bid", "price": 0.57, "size": 1.0}, {"op": "set", "side": "bid", "price": 0.55, "size": 135.0}, {"op": "set", "side": "bid", "price": 0.43, "size": 14.0}, {"op": "set", "side": "bid", "price": 0.49, "size": 30.0}, {"op": "set", "side": "ask", "price": 0.12, "size": 364.0}, {"op": "set", "side": "ask", "price": 0.13, "size": 698.0}, {"op": "delete", "side": "ask", "price": 0.32}, {"op": "set", "side": "ask", "price": 0.29, "size": 30.0}, {"op": "set", "side": "ask", "price": 0.33, "size": 42.0}, {"op": "set", "side": "ask", "price": 0.11, "size": 1001.0}]}
{"t": 1776975977.5051599, "events": [{"op": "delete", "side": "bid", "price": 0.55}, {"op": "set", "side": "ask", "price": 0.12, "size": 30.0}, {"op": "set", "side": "ask", "price": 0.11, "size": 1000.0}]}
{"t": 1776975978.524107, "events": [{"op": "set", "side": "bid", "price": 0.56, "size": 526.0}, {"op": "set", "side": "bid", "price": 0.49, "size": 553.0}, {"op": "set", "side": "bid", "price": 0.48, "size": 33.0}, {"op": "set", "side": "bid", "price": 0.5, "size": 10.0}, {"op": "set", "side": "ask", "price": 0.13, "size": 167.0}, {"op": "set", "side": "ask", "price": 0.14, "size": 347.0}, {"op": "delete", "side": "ask", "price": 0.33}, {"op": "set", "side": "ask", "price": 0.15, "size": 517.0}, {"op": "set", "side": "ask", "price": 0.16, "size": 15.0}]}
{"t": 1776975979.530004, "events": [{"op": "set", "side": "bid", "price": 0.57, "size": 88.0}, {"op": "set", "side": "bid", "price": 0.56, "size": 507.0}, {"op": "delete", "side": "bid", "price": 0.5}, {"op": "set", "side": "bid", "price": 0.58, "size": 18.0}, {"op": "set", "side": "ask", "price": 0.3, "size": 43.0}]}
{"t": 1776975981.542253, "events": [{"op": "delete", "side": "bid", "price": 0.45}]}
{"t": 1776975984.561141, "events": [{"op": "set", "side": "bid", "price": 0.58, "size": 44.0}, {"op": "set", "side": "bid", "price": 0.57, "size": 61.0}]}
{"t": 1776975988.585564, "events": [{"op": "set", "side": "ask", "price": 0.03, "size": 118.0}, {"op": "delete", "side": "ask", "price": 0.12}]}
{"t": 1776975989.593303, "events": [{"op": "set", "side": "bid", "price": 0.58, "size": 200.0}, {"op": "set", "side": "bid", "price": 0.57, "size": 183.0}, {"op": "delete", "side": "bid", "price": 0.56}, {"op": "delete", "side": "bid", "price": 0.49}, {"op": "delete", "side": "ask", "price": 0.13}, {"op": "set", "side": "ask", "price": 0.14, "size": 14.0}, {"op": "delete", "side": "ask", "price": 0.15}, {"op": "set", "side": "ask", "price": 0.16, "size": 64.0}, {"op": "set", "side": "ask", "price": 0.29, "size": 128.0}, {"op": "set", "side": "ask", "price": 0.3, "size": 256.0}, {"op": "set", "side": "ask", "price": 0.32, "size": 45.0}]}
{"t": 1776975993.639185, "events": [{"op": "set", "side": "ask", "price": 0.3, "size": 213.0}]}
{"t": 1776975994.652439, "events": [{"op": "set", "side": "ask", "price": 0.33, "size": 40.0}]}
{"t": 1776976002.718677, "events": [{"op": "set", "side": "bid", "price": 0.58, "size": 320.0}, {"op": "delete", "side": "bid", "price": 0.57}, {"op": "set", "side": "bid", "price": 0.48, "size": 258.0}, {"op": "set", "side": "ask", "price": 0.14, "size": 348.0}, {"op": "delete", "side": "ask", "price": 0.16}, {"op": "delete", "side": "ask", "price": 0.29}, {"op": "delete", "side": "ask", "price": 0.3}, {"op": "set", "side": "ask", "price": 0.32, "size": 668.0}, {"op": "set", "side": "ask", "price": 0.33, "size": 1038.0}, {"op": "set", "side": "ask", "price": 0.34, "size": 65.0}, {"op": "set", "side": "ask", "price": 0.11, "size": 1001.0}]}
{"t": 1776976003.738184, "events": [{"op": "set", "side": "bid", "price": 0.53, "size": 50.0}, {"op": "set", "side": "ask", "price": 0.33, "size": 998.0}, {"op": "set", "side": "ask", "price": 0.35, "size": 38.0}]}
{"t": 1776976005.821455, "events": [{"op": "set", "side": "bid", "price": 0.58, "size": 403.0}, {"op": "set", "side": "bid", "price": 0.53, "size": 234.0}, {"op": "set", "side": "bid", "price": 0.43, "size": 24.0}, {"op": "set", "side": "bid", "price": 0.48, "size": 83.0}, {"op": "set", "side": "bid", "price": 0.59, "size": 1.0}, {"op": "set", "side": "ask", "price": 0.14, "size": 346.0}, {"op": "delete", "side": "ask", "price": 0.32}, {"op": "delete", "side": "ask", "price": 0.33}, {"op": "delete", "side": "ask", "price": 0.34}, {"op": "set", "side": "ask", "price": 0.15, "size": 661.0}, {"op": "set", "side": "ask", "price": 0.16, "size": 399.0}, {"op": "set", "side": "ask", "price": 0.17, "size": 15.0}, {"op": "set", "side": "ask", "price": 0.29, "size": 30.0}]}
{"t": 1776976008.8495371, "events": [{"op": "set", "side": "bid", "price": 0.48, "size": 50.0}, {"op": "set", "side": "bid", "price": 0.22, "size": 32.0}, {"op": "delete", "side": "ask", "price": 0.35}, {"op": "set", "side": "ask", "price": 0.3, "size": 43.0}]}
{"t": 1776976011.8745532, "events": [{"op": "set", "side": "bid", "price": 0.58, "size": 190.0}, {"op": "delete", "side": "bid", "price": 0.53}, {"op": "set", "side": "ask", "price": 0.03, "size": 86.0}, {"op": "set", "side": "ask", "price": 0.14, "size": 14.0}, {"op": "delete", "side": "ask", "price": 0.15}, {"op": "delete", "side": "ask", "price": 0.16}, {"op": "set", "side": "ask", "price": 0.17, "size": 48.0}, {"op": "set", "side": "ask", "price": 0.11, "size": 1000.0}]}
{"t": 1776976012.8924701, "events": [{"op": "set", "side": "bid", "price": 0.58, "size": 429.0}, {"op": "set", "side": "bid", "price": 0.48, "size": 351.0}, {"op": "set", "side": "ask", "price": 0.17, "size": 97.0}, {"op": "set", "side": "ask", "price": 0.29, "size": 158.0}, {"op": "set", "side": "ask", "price": 0.3, "size": 247.0}, {"op": "set", "side": "ask", "price": 0.31, "size": 15.0}]}
{"t": 1776976013.8963861, "events": [{"op": "set", "side": "bid", "price": 0.59, "size": 51.0}, {"op": "set", "side": "bid", "price": 0.58, "size": 403.0}, {"op": "set", "side": "bid", "price": 0.43, "size": 14.0}, {"op": "set", "side": "bid", "price": 0.6, "size": 35.0}, {"op": "set", "side": "ask", "price": 0.29, "size": 128.0}, {"op": "set", "side": "ask", "price": 0.3, "size": 204.0}, {"op": "set", "side": "ask", "price": 0.31, "size": 45.0}, {"op": "set", "side": "ask", "price": 0.32, "size": 41.0}]}
{"t": 1776976014.9147441, "events": [{"op": "set", "side": "bid", "price": 0.58, "size": 385.0}, {"op": "set", "side": "bid", "price": 0.61, "size": 16.0}]}
{"t": 1776976015.9212391, "events": [{"op": "set", "side": "bid", "price": 0.48, "size": 301.0}]}
{"t": 1776976016.9275122, "events": [{"op": "set", "side": "bid", "price": 0.59, "size": 1.0}, {"op": "set", "side": "ask", "price": 0.31, "size": 15.0}, {"op": "delete", "side": "ask", "price": 0.37}, {"op": "set", "side": "ask", "price": 0.25, "size": 30.0}, {"op": "set", "side": "ask", "price": 0.33, "size": 18.0}]}
{"t": 1776976017.936629, "events": [{"op": "set", "side": "ask", "price": 0.33, "size": 36.0}]}
{"t": 1776976018.944151, "events": [{"op": "delete", "side": "ask", "price": 0.25}, {"op": "set", "side": "ask", "price": 0.3, "size": 234.0}, {"op": "delete", "side": "ask", "price": 0.32}, {"op": "set", "side": "ask", "price": 0.33, "size": 32.0}, {"op": "set", "side": "ask", "price": 0.34, "size": 35.0}]}
{"t": 1776976019.955518, "events": [{"op": "set", "side": "ask", "price": 0.3, "size": 204.0}, {"op": "set", "side": "ask", "price": 0.31, "size": 45.0}, {"op": "set", "side": "ask", "price": 0.33, "size": 18.0}, {"op": "set", "side": "ask", "price": 0.35, "size": 3.0}]}
{"t": 1776976021.967751, "events": [{"op": "delete", "side": "bid", "price": 0.6}, {"op": "delete", "side": "bid", "price": 0.58}, {"op": "delete", "side": "bid", "price": 0.48}, {"op": "delete", "side": "bid", "price": 0.59}, {"op": "delete", "side": "bid", "price": 0.43}, {"op": "set", "side": "bid", "price": 0.5, "size": 50.0}, {"op": "set", "side": "bid", "price": 0.55, "size": 10.0}, {"op": "delete", "side": "bid", "price": 0.02}, {"op": "set", "side": "bid", "price": 0.54, "size": 50.0}, {"op": "set", "side": "bid", "price": 0.49, "size": 55.0}, {"op": "delete", "side": "ask", "price": 0.29}, {"op": "delete", "side": "ask", "price": 0.3}, {"op": "delete", "side": "ask", "price": 0.31}, {"op": "set", "side": "ask", "price": 0.18, "size": 15.0}, {"op": "set", "side": "ask", "price": 0.27, "size": 80.0}]}
{"t": 1776976022.983882, "events": [{"op": "set", "side": "bid", "price": 0.61, "size": 666.0}, {"op": "delete", "side": "bid", "price": 0.55}, {"op": "delete", "side": "bid", "price": 0.54}, {"op": "delete", "side": "bid", "price": 0.5}, {"op": "set", "side": "bid", "price": 0.63, "size": 15.0}, {"op": "set", "side": "bid", "price": 0.6, "size": 83.0}, {"op": "set", "side": "bid", "price": 0.62, "size": 36.0}, {"op": "set", "side": "ask", "price": 0.14, "size": 15.0}, {"op": "set", "side": "ask", "price": 0.17, "size": 366.0}, {"op": "delete", "side": "ask", "price": 0.18}, {"op": "delete", "side": "ask", "price": 0.27}, {"op": "set", "side": "ask", "price": 0.33, "size": 83.0}, {"op": "set", "side": "ask", "price": 0.35, "size": 9.0}, {"op": "set", "side": "ask", "price": 0.31, "size": 501.0}, {"op": "set", "side": "ask", "price": 0.32, "size": 998.0}]}
{"t": 1776976023.989538, "events": [{"op": "set", "side": "ask", "price": 0.33, "size": 65.0}]}
{"t": 1776976026.016788, "events": [{"op": "set", "side": "ask", "price": 0.34, "size": 53.0}]}
{"t": 1776976030.0649989, "events": [{"op": "set", "side": "bid", "price": 0.62, "size": 1.0}, {"op": "delete", "side": "bid", "price": 0.6}, {"op": "delete", "side": "bid", "price": 0.61}, {"op": "set", "side": "bid", "price": 0.5, "size": 10.0}, {"op": "set", "side": "bid", "price": 0.51, "size": 50.0}, {"op": "delete", "side": "ask", "price": 0.31}, {"op": "delete", "side": "ask", "price": 0.32}, {"op": "delete", "side": "ask", "price": 0.33}, {"op": "set", "side": "ask", "price": 0.18, "size": 15.0}, {"op": "set", "side": "ask", "price": 0.26, "size": 50.0}, {"op": "set", "side": "ask", "price": 0.27, "size": 30.0}]}
{"t": 1776976031.0763671, "events": [{"op": "set", "side": "bid", "price": 0.63, "size": 57.0}, {"op": "set", "side": "bid", "price": 0.62, "size": 63.0}, {"op": "delete", "side": "bid", "price": 0.22}, {"op": "set", "side": "bid", "price": 0.02, "size": 35.0}, {"op": "set", "side": "bid", "price": 0.52, "size": 30.0}, {"op": "delete", "side": "ask", "price": 0.18}, {"op": "delete", "side": "ask", "price": 0.26}, {"op": "set", "side": "ask", "price": 0.34, "size": 1051.0}, {"op": "set", "side": "ask", "price": 0.33, "size": 501.0}]}
{"t": 1776976032.092542, "events": [{"op": "delete", "side": "ask", "price": 0.27}]}
{"t": 1776976033.0979562, "events": [{"op": "delete", "side": "bid", "price": 0.52}]}
{"t": 1776976034.1065989, "events": [{"op": "set", "side": "bid", "price": 0.52, "size": 30.0}]}
{"t": 1776976036.1183722, "events": [{"op": "delete", "side": "bid", "price": 0.5}, {"op": "set", "side": "bid", "price": 0.55, "size": 50.0}, {"op": "set", "side": "ask", "price": 0.17, "size": 333.0}, {"op": "set", "side": "ask", "price": 0.34, "size": 1016.0}, {"op": "set", "side": "ask", "price": 0.35, "size": 50.0}, {"op": "set", "side": "ask", "price": 0.12, "size": 29.0}]}
{"t": 1776976037.123434, "events": [{"op": "set", "side": "ask", "price": 0.35, "size": 84.0}]}
{"t": 1776976038.1259038, "events": [{"op": "delete", "side": "bid", "price": 0.52}, {"op": "set", "side": "ask", "price": 0.34, "size": 998.0}]}
{"t": 1776976039.130999, "events": [{"op": "delete", "side": "bid", "price": 0.62}, {"op": "set", "side": "bid", "price": 0.56, "size": 29.0}, {"op": "delete", "side": "ask", "price": 0.17}, {"op": "delete", "side": "ask", "price": 0.33}, {"op": "delete", "side": "ask", "price": 0.34}, {"op": "delete", "side": "ask", "price": 0.35}, {"op": "set", "side": "ask", "price": 0.27, "size": 30.0}]}
{"t": 1776976040.136569, "events": [{"op": "set", "side": "bid", "price": 0.63, "size": 64.0}, {"op": "set", "side": "bid", "price": 0.55, "size": 93.0}, {"op": "set", "side": "ask", "price": 0.12, "size": 30.0}, {"op": "set", "side": "ask", "price": 0.14, "size": 347.0}, {"op": "delete", "side": "ask", "price": 0.27}, {"op": "set", "side": "ask", "price": 0.13, "size": 45.0}, {"op": "set", "side": "ask", "price": 0.28, "size": 30.0}, {"op": "set", "side": "ask", "price": 0.36, "size": 532.0}]}
{"t": 1776976041.146323, "events": [{"op": "set", "side": "bid", "price": 0.63, "size": 57.0}, {"op": "set", "side": "bid", "price": 0.55, "size": 50.0}, {"op": "set", "side": "ask", "price": 0.12, "size": 29.0}, {"op": "set", "side": "ask", "price": 0.14, "size": 134.0}, {"op": "delete", "side": "ask", "price": 0.28}, {"op": "delete", "side": "ask", "price": 0.36}, {"op": "set", "side": "ask", "price": 0.06, "size": 30.0}]}
{"t": 1776976042.1519518, "events": [{"op": "set", "side": "bid", "price": 0.63, "size": 74.0}, {"op": "set", "side": "bid", "price": 0.56, "size": 80.0}, {"op": "delete", "side": "bid", "price": 0.55}, {"op": "delete", "side": "ask", "price": 0.06}, {"op": "set", "side": "ask", "price": 0.14, "size": 84.0}, {"op": "set", "side": "ask", "price": 0.23, "size": 16.0}, {"op": "set", "side": "ask", "price": 0.28, "size": 140.0}, {"op": "set", "side": "ask", "price": 0.29, "size": 306.0}]}
{"t": 1776976043.1629992, "events": [{"op": "set", "side": "bid", "price": 0.56, "size": 51.0}, {"op": "delete", "side": "ask", "price": 0.13}, {"op": "delete", "side": "ask", "price": 0.23}, {"op": "set", "side": "ask", "price": 0.3, "size": 19.0}]}
{"t": 1776976044.185159, "events": [{"op": "delete", "side": "bid", "price": 0.63}, {"op": "delete", "side": "bid", "price": 0.56}, {"op": "set", "side": "bid", "price": 0.64, "size": 25.0}, {"op": "set", "side": "bid", "price": 0.65, "size": 7.0}, {"op": "set", "side": "ask", "price": 0.14, "size": 14.0}, {"op": "delete", "side": "ask", "price": 0.28}, {"op": "delete", "side": "ask", "price": 0.29}, {"op": "set", "side": "ask", "price": 0.3, "size": 58.0}, {"op": "set", "side": "ask", "price": 0.22, "size": 30.0}]}
{"t": 1776976047.209746, "events": [{"op": "set", "side": "bid", "price": 0.65, "size": 673.0}, {"op": "set", "side": "bid", "price": 0.64, "size": 94.0}, {"op": "delete", "side": "bid", "price": 0.49}, {"op": "set", "side": "bid", "price": 0.47, "size": 115.0}, {"op": "set", "side": "bid", "price": 0.43, "size": 50.0}, {"op": "set", "side": "bid", "price": 0.66, "size": 1.0}, {"op": "set", "side": "ask", "price": 0.22, "size": 58.0}, {"op": "set", "side": "ask", "price": 0.3, "size": 121.0}, {"op": "set", "side": "ask", "price": 0.31, "size": 998.0}]}
{"t": 1776976048.218187, "events": [{"op": "set", "side": "bid", "price": 0.65, "size": 679.0}, {"op": "set", "side": "bid", "price": 0.64, "size": 69.0}, {"op": "set", "side": "ask", "price": 0.3, "size": 63.0}, {"op": "set", "side": "ask", "price": 0.32, "size": 19.0}]}
{"t": 1776976049.2295182, "events": [{"op": "set", "side": "bid", "price": 0.66, "size": 23.0}, {"op": "set", "side": "bid", "price": 0.65, "size": 487.0}, {"op": "delete", "side": "bid", "price": 0.64}, {"op": "set", "side": "bid", "price": 0.57, "size": 50.0}, {"op": "set", "side": "ask", "price": 0.22, "size": 56.0}, {"op": "set", "side": "ask", "price": 0.3, "size": 18.0}, {"op": "delete", "side": "ask", "price": 0.31}, {"op": "set", "side": "ask", "price": 0.32, "size": 30.0}, {"op": "set", "side": "ask", "price": 0.24, "size": 50.0}]}
{"t": 1776976050.238752, "events": [{"op": "set", "side": "bid", "price": 0.66, "size": 30.0}, {"op": "set", "side": "bid", "price": 0.51, "size": 596.0}, {"op": "delete", "side": "ask", "price": 0.3}, {"op": "set", "side": "ask", "price": 0.32, "size": 71.0}, {"op": "set", "side": "ask", "price": 0.33, "size": 998.0}]}
{"t": 1776976053.276522, "events": [{"op": "set", "side": "bid", "price": 0.66, "size": 8.0}, {"op": "set", "side": "ask", "price": 0.22, "size": 26.0}, {"op": "set", "side": "ask", "price": 0.32, "size": 41.0}, {"op": "set", "side": "ask", "price": 0.25, "size": 30.0}]}
{"t": 1776976054.2832232, "events": [{"op": "set", "side": "bid", "price": 0.58, "size": 29.0}, {"op": "set", "side": "ask", "price": 0.33, "size": 1030.0}]}
{"t": 1776976057.303191, "events": [{"op": "set", "side": "ask", "price": 0.12, "size": 45.0}, {"op": "delete", "side": "ask", "price": 0.14}]}
{"t": 1776976058.306615, "events": [{"op": "set", "side": "bid", "price": 0.66, "size": 7.0}, {"op": "delete", "side": "bid", "price": 0.65}, {"op": "set", "side": "bid", "price": 0.51, "size": 50.0}, {"op": "delete", "side": "bid", "price": 0.58}, {"op": "delete", "side": "bid", "price": 0.57}, {"op": "set", "side": "bid", "price": 0.6, "size": 30.0}, {"op": "delete", "side": "ask", "price": 0.22}, {"op": "delete", "side": "ask", "price": 0.24}, {"op": "delete", "side": "ask", "price": 0.32}, {"op": "delete", "side": "ask", "price": 0.33}]}
{"t": 1776976059.3257349, "events": [{"op": "delete", "side": "bid", "price": 0.66}, {"op": "set", "side": "bid", "price": 0.61, "size": 10.0}, {"op": "set", "side": "ask", "price": 0.03, "size": 113.0}, {"op": "set", "side": "ask", "price": 0.12, "size": 16.0}, {"op": "delete", "side": "ask", "price": 0.25}, {"op": "set", "side": "ask", "price": 0.18, "size": 30.0}, {"op": "set", "side": "ask", "price": 0.26, "size": 47.0}]}
{"t": 1776976061.337662, "events": [{"op": "set", "side": "bid", "price": 0.61, "size": 676.0}, {"op": "set", "side": "bid", "price": 0.6, "size": 109.0}, {"op": "set", "side": "bid", "price": 0.62, "size": 1.0}, {"op": "set", "side": "ask", "price": 0.26, "size": 713.0}, {"op": "set", "side": "ask", "price": 0.19, "size": 72.0}, {"op": "set", "side": "ask", "price": 0.27, "size": 54.0}]}
{"t": 1776976062.354484, "events": [{"op": "set", "side": "bid", "price": 0.61, "size": 681.0}, {"op": "delete", "side": "bid", "price": 0.51}, {"op": "delete", "side": "ask", "price": 0.18}, {"op": "set", "side": "ask", "price": 0.26, "size": 710.0}, {"op": "set", "side": "ask", "price": 0.28, "size": 18.0}]}
{"t": 1776976063.365494, "events": [{"op": "set", "side": "bid", "price": 0.6, "size": 79.0}, {"op": "set", "side": "ask", "price": 0.26, "size": 666.0}]}
{"t": 1776976064.375992, "events": [{"op": "set", "side": "bid", "price": 0.62, "size": 29.0}, {"op": "set", "side": "bid", "price": 0.61, "size": 666.0}, {"op": "set", "side": "ask", "price": 0.28, "size": 108.0}]}
{"t": 1776976065.3873029, "events": [{"op": "delete", "side": "bid", "price": 0.61}, {"op": "delete", "side": "bid", "price": 0.6}, {"op": "set", "side": "bid", "price": 0.63, "size": 8.0}, {"op": "delete", "side": "bid", "price": 0.02}, {"op": "set", "side": "bid", "price": 0.48, "size": 82.0}, {"op": "set", "side": "bid", "price": 0.58, "size": 50.0}, {"op": "delete", "side": "ask", "price": 0.19}, {"op": "delete", "side": "ask", "price": 0.26}, {"op": "delete", "side": "ask", "price": 0.27}, {"op": "set", "side": "ask", "price": 0.28, "size": 58.0}, {"op": "set", "side": "ask", "price": 0.2, "size": 30.0}, {"op": "set", "side": "ask", "price": 0.23, "size": 50.0}]}
{"t": 1776976066.397533, "events": [{"op": "set", "side": "bid", "price": 0.63, "size": 64.0}, {"op": "set", "side": "bid", "price": 0.62, "size": 121.0}, {"op": "delete", "side": "bid", "price": 0.58}, {"op": "set", "side": "bid", "price": 0.47, "size": 229.0}, {"op": "set", "side": "ask", "price": 0.12, "size": 17.0}, {"op": "set", "side": "ask", "price": 0.28, "size": 373.0}, {"op": "set", "side": "ask", "price": 0.29, "size": 482.0}, {"op": "set", "side": "ask", "price": 0.3, "size": 666.0}]}
{"t": 1776976067.41327, "events": [{"op": "delete", "side": "ask", "price": 0.2}, {"op": "delete", "side": "ask", "price": 0.23}, {"op": "set", "side": "ask", "price": 0.31, "size": 19.0}]}
{"t": 1776976068.419334, "events": [{"op": "set", "side": "bid", "price": 0.62, "size": 93.0}, {"op": "set", "side": "ask", "price": 0.28, "size": 333.0}]}
{"t": 1776976069.436353, "events": [{"op": "delete", "side": "bid", "price": 0.63}, {"op": "set", "side": "bid", "price": 0.64, "size": 24.0}, {"op": "set", "side": "ask", "price": 0.31, "size": 107.0}]}
{"t": 1776976070.4413161, "events": [{"op": "set", "side": "bid", "price": 0.65, "size": 7.0}]}
{"t": 1776976073.457042, "events": [{"op": "set", "side": "bid", "price": 0.57, "size": 50.0}]}
{"t": 1776976074.460224, "events": [{"op": "delete", "side": "bid", "price": 0.62}, {"op": "set", "side": "bid", "price": 0.47, "size": 100.0}, {"op": "delete", "side": "bid", "price": 0.43}, {"op": "set", "side": "bid", "price": 0.02, "size": 52.0}, {"op": "delete", "side": "ask", "price": 0.28}, {"op": "delete", "side": "ask", "price": 0.29}, {"op": "delete", "side": "ask", "price": 0.3}, {"op": "set", "side": "ask", "price": 0.31, "size": 57.0}, {"op": "set", "side": "ask", "price": 0.23, "size": 30.0}, {"op": "set", "side": "ask", "price": 0.24, "size": 50.0}]}
{"t": 1776976075.471221, "events": [{"op": "set", "side": "bid", "price": 0.65, "size": 673.0}, {"op": "set", "side": "bid", "price": 0.64, "size": 89.0}, {"op": "set", "side": "bid", "price": 0.43, "size": 14.0}, {"op": "set", "side": "bid", "price": 0.66, "size": 1.0}, {"op": "set", "side": "ask", "price": 0.31, "size": 666.0}, {"op": "set", "side": "ask", "price": 0.32, "size": 369.0}, {"op": "set", "side": "ask", "price": 0.33, "size": 666.0}]}
{"t": 1776976077.482344, "events": [{"op": "set", "side": "bid", "price": 0.65, "size": 390.0}, {"op": "set", "side": "ask", "price": 0.12, "size": 16.0}, {"op": "set", "side": "ask", "price": 0.24, "size": 66.0}, {"op": "delete", "side": "ask", "price": 0.31}, {"op": "set", "side": "ask", "price": 0.32, "size": 92.0}]}
{"t": 1776976078.494921, "events": [{"op": "set", "side": "bid", "price": 0.65, "size": 413.0}, {"op": "set", "side": "bid", "price": 0.64, "size": 538.0}, {"op": "set", "side": "ask", "price": 0.24, "size": 133.0}, {"op": "set", "side": "ask", "price": 0.32, "size": 57.0}, {"op": "set", "side": "ask", "price": 0.33, "size": 696.0}]}
{"t": 1776976085.548361, "events": [{"op": "delete", "side": "bid", "price": 0.66}, {"op": "set", "side": "bid", "price": 0.65, "size": 7.0}, {"op": "delete", "side": "bid", "price": 0.64}, {"op": "delete", "side": "ask", "price": 0.23}, {"op": "set", "side": "ask", "price": 0.24, "size": 50.0}, {"op": "delete", "side": "ask", "price": 0.32}, {"op": "delete", "side": "ask", "price": 0.33}, {"op": "set", "side": "ask", "price": 0.16, "size": 30.0}, {"op": "set", "side": "ask", "price": 0.25, "size": 40.0}]}
{"t": 1776976086.5729961, "events": [{"op": "delete", "side": "bid", "price": 0.65}, {"op": "delete", "side": "bid", "price": 0.57}, {"op": "set", "side": "bid", "price": 0.59, "size": 65.0}, {"op": "set", "side": "bid", "price": 0.58, "size": 30.0}, {"op": "delete", "side": "ask", "price": 0.24}, {"op": "set", "side": "ask", "price": 0.26, "size": 53.0}]}
{"t": 1776976088.582797, "events": [{"op": "set", "side": "bid", "price": 0.59, "size": 15.0}, {"op": "delete", "side": "bid", "price": 0.58}, {"op": "set", "side": "bid", "price": 0.6, "size": 29.0}, {"op": "set", "side": "bid", "price": 0.57, "size": 50.0}, {"op": "set", "side": "ask", "price": 0.03, "size": 86.0}, {"op": "delete", "side": "ask", "price": 0.25}, {"op": "set", "side": "ask", "price": 0.27, "size": 41.0}, {"op": "set", "side": "ask", "price": 0.05, "size": 34.0}]}
{"t": 1776976089.58958, "events": [{"op": "set", "side": "bid", "price": 0.6, "size": 30.0}, {"op": "set", "side": "bid", "price": 0.59, "size": 666.0}, {"op": "delete", "side": "bid", "price": 0.57}, {"op": "delete", "side": "bid", "price": 0.48}, {"op": "set", "side": "bid", "price": 0.21, "size": 168.0}, {"op": "set", "side": "bid", "price": 0.61, "size": 10.0}, {"op": "set", "side": "bid", "price": 0.58, "size": 287.0}, {"op": "set", "side": "ask", "price": 0.26, "size": 47.0}, {"op": "set", "side": "ask", "price": 0.27, "size": 206.0}, {"op": "set", "side": "ask", "price": 0.25, "size": 24.0}, {"op": "set", "side": "ask", "price": 0.28, "size": 69.0}]}
{"t": 1776976090.5952551, "events": [{"op": "set", "side": "bid", "price": 0.61, "size": 16.0}]}
{"t": 1776976091.599458, "events": [{"op": "delete", "side": "bid", "price": 0.58}, {"op": "delete", "side": "bid", "price": 0.59}, {"op": "set", "side": "bid", "price": 0.48, "size": 50.0}, {"op": "set", "side": "bid", "price": 0.57, "size": 50.0}, {"op": "delete", "side": "ask", "price": 0.25}, {"op": "delete", "side": "ask", "price": 0.26}, {"op": "set", "side": "ask", "price": 0.27, "size": 88.0}]}
{"t": 1776976093.6152132, "events": [{"op": "set", "side": "bid", "price": 0.61, "size": 69.0}, {"op": "set", "side": "bid", "price": 0.6, "size": 67.0}, {"op": "delete", "side": "bid", "price": 0.57}, {"op": "set", "side": "bid", "price": 0.62, "size": 26.0}, {"op": "delete", "side": "ask", "price": 0.16}, {"op": "set", "side": "ask", "price": 0.27, "size": 47.0}, {"op": "set", "side": "ask", "price": 0.28, "size": 93.0}, {"op": "set", "side": "ask", "price": 0.21, "size": 30.0}, {"op": "set", "side": "ask", "price": 0.29, "size": 226.0}, {"op": "set", "side": "ask", "price": 0.3, "size": 205.0}]}
{"t": 1776976094.628316, "events": [{"op": "set", "side": "bid", "price": 0.61, "size": 53.0}, {"op": "set", "side": "bid", "price": 0.63, "size": 7.0}, {"op": "set", "side": "ask", "price": 0.3, "size": 186.0}, {"op": "set", "side": "ask", "price": 0.31, "size": 19.0}]}
{"t": 1776976095.6349592, "events": [{"op": "delete", "side": "bid", "price": 0.6}, {"op": "delete", "side": "bid", "price": 0.61}, {"op": "delete", "side": "ask", "price": 0.27}, {"op": "delete", "side": "ask", "price": 0.28}, {"op": "delete", "side": "ask", "price": 0.29}]}
{"t": 1776976097.657048, "events": [{"op": "set", "side": "bid", "price": 0.63, "size": 673.0}, {"op": "set", "side": "bid", "price": 0.62, "size": 86.0}, {"op": "set", "side": "bid", "price": 0.64, "size": 1.0}, {"op": "set", "side": "ask", "price": 0.12, "size": 17.0}, {"op": "set", "side": "ask", "price": 0.3, "size": 373.0}, {"op": "set", "side": "ask", "price": 0.31, "size": 520.0}, {"op": "set", "side": "ask", "price": 0.32, "size": 998.0}]}
{"t": 1776976098.6700659, "events": [{"op": "set", "side": "bid", "price": 0.64, "size": 24.0}, {"op": "set", "side": "bid", "price": 0.63, "size": 680.0}, {"op": "set", "side": "bid", "price": 0.62, "size": 60.0}, {"op": "delete", "side": "ask", "price": 0.21}, {"op": "set", "side": "ask", "price": 0.3, "size": 333.0}, {"op": "set", "side": "ask", "price": 0.31, "size": 501.0}, {"op": "set", "side": "ask", "price": 0.25, "size": 30.0}, {"op": "set", "side": "ask", "price": 0.33, "size": 53.0}]}
{"t": 1776976099.67869, "events": [{"op": "set", "side": "bid", "price": 0.63, "size": 122.0}, {"op": "delete", "side": "bid", "price": 0.62}, {"op": "delete", "side": "bid", "price": 0.02}, {"op": "set", "side": "bid", "price": 0.49, "size": 49.0}, {"op": "set", "side": "ask", "price": 0.12, "size": 16.0}, {"op": "delete", "side": "ask", "price": 0.3}, {"op": "delete", "side": "ask", "price": 0.31}, {"op": "delete", "side": "ask", "price": 0.32}, {"op": "set", "side": "ask", "price": 0.26, "size": 50.0}]}
{"t": 1776976100.698726, "events": [{"op": "set", "side": "bid", "price": 0.64, "size": 413.0}, {"op": "set", "side": "bid", "price": 0.65, "size": 8.0}, {"op": "set", "side": "ask", "price": 0.25, "size": 51.0}, {"op": "delete", "side": "ask", "price": 0.26}, {"op": "set", "side": "ask", "price": 0.33, "size": 553.0}, {"op": "set", "side": "ask", "price": 0.34, "size": 334.0}]}
{"t": 1776976101.709044, "events": [{"op": "set", "side": "bid", "price": 0.56, "size": 50.0}, {"op": "set", "side": "ask", "price": 0.33, "size": 534.0}, {"op": "set", "side": "ask", "price": 0.34, "size": 1000.0}]}
{"t": 1776976103.7164748, "events": [{"op": "set", "side": "ask", "price": 0.33, "size": 500.0}, {"op": "set", "side": "ask", "price": 0.34, "size": 1032.0}]}
{"t": 1776976113.775799, "events": [{"op": "set", "side": "bid", "price": 0.65, "size": 220.0}, {"op": "set", "side": "bid", "price": 0.64, "size": 46.0}, {"op": "delete", "side": "bid", "price": 0.63}, {"op": "delete", "side": "bid", "price": 0.48}, {"op": "set", "side": "bid", "price": 0.21, "size": 135.0}, {"op": "set", "side": "bid", "price": 0.5, "size": 50.0}, {"op": "set", "side": "bid", "price": 0.57, "size": 29.0}, {"op": "set", "side": "ask", "price": 0.12, "size": 50.0}, {"op": "delete", "side": "ask", "price": 0.33}, {"op": "set", "side": "ask", "price": 0.34, "size": 532.0}, {"op": "set", "side": "ask", "price": 0.26, "size": 30.0}, {"op": "delete", "side": "ask", "price": 0.05}]}
{"t": 1776976114.786037, "events": [{"op": "set", "side": "bid", "price": 0.02, "size": 36.0}, {"op": "set", "side": "ask", "price": 0.34, "size": 1500.0}, {"op": "set", "side": "ask", "price": 0.27, "size": 43.0}]}
{"t": 1776976115.790102, "events": [{"op": "delete", "side": "ask", "price": 0.26}]}
{"t": 1776976116.79982, "events": [{"op": "set", "side": "bid", "price": 0.65, "size": 137.0}, {"op": "delete", "side": "bid", "price": 0.64}, {"op": "delete", "side": "ask", "price": 0.25}, {"op": "delete", "side": "ask", "price": 0.34}, {"op": "set", "side": "ask", "price": 0.19, "size": 30.0}, {"op": "set", "side": "ask", "price": 0.21, "size": 50.0}]}
{"t": 1776976117.808927, "events": [{"op": "set", "side": "bid", "price": 0.57, "size": 201.0}, {"op": "delete", "side": "bid", "price": 0.56}, {"op": "delete", "side": "ask", "price": 0.21}, {"op": "set", "side": "ask", "price": 0.27, "size": 98.0}, {"op": "set", "side": "ask", "price": 0.28, "size": 117.0}, {"op": "set", "side": "ask", "price": 0.29, "size": 666.0}, {"op": "set", "side": "ask", "price": 0.3, "size": 69.0}]}
{"t": 1776976118.820491, "events": [{"op": "set", "side": "bid", "price": 0.57, "size": 172.0}, {"op": "delete", "side": "ask", "price": 0.19}, {"op": "set", "side": "ask", "price": 0.27, "size": 55.0}, {"op": "set", "side": "ask", "price": 0.22, "size": 30.0}]}
{"t": 1776976119.83535, "events": [{"op": "set", "side": "bid", "price": 0.65, "size": 130.0}, {"op": "set", "side": "bid", "price": 0.67, "size": 7.0}, {"op": "set", "side": "bid", "price": 0.66, "size": 23.0}, {"op": "delete", "side": "ask", "price": 0.22}, {"op": "set", "side": "ask", "price": 0.3, "size": 50.0}, {"op": "set", "side": "ask", "price": 0.31, "size": 34.0}, {"op": "set", "side": "ask", "price": 0.32, "size": 3.0}]}
{"t": 1776976120.851501, "events": [{"op": "set", "side": "ask", "price": 0.32, "size": 18.0}, {"op": "set", "side": "ask", "price": 0.24, "size": 30.0}]}
{"t": 1776976124.868124, "events": [{"op": "delete", "side": "ask", "price": 0.3}, {"op": "set", "side": "ask", "price": 0.32, "size": 17.0}]}
{"t": 1776976128.8931751, "events": [{"op": "set", "side": "bid", "price": 0.67, "size": 697.0}, {"op": "set", "side": "bid", "price": 0.66, "size": 70.0}, {"op": "delete", "side": "bid", "price": 0.57}, {"op": "delete", "side": "bid", "price": 0.65}, {"op": "delete", "side": "bid", "price": 0.49}, {"op": "set", "side": "bid", "price": 0.21, "size": 179.0}, {"op": "set", "side": "bid", "price": 0.58, "size": 50.0}, {"op": "set", "side": "ask", "price": 0.03, "size": 105.0}, {"op": "set", "side": "ask", "price": 0.12, "size": 17.0}, {"op": "set", "side": "ask", "price": 0.24, "size": 363.0}, {"op": "delete", "side": "ask", "price": 0.27}, {"op": "delete", "side": "ask", "price": 0.28}, {"op": "delete", "side": "ask", "price": 0.29}, {"op": "delete", "side": "ask", "price": 0.31}, {"op": "set", "side": "ask", "price": 0.32, "size": 1499.0}, {"op": "set", "side": "ask", "price": 0.25, "size": 42.0}]}
{"t": 1776976129.9012349, "events": [{"op": "set", "side": "ask", "price": 0.24, "size": 333.0}, {"op": "set", "side": "ask", "price": 0.25, "size": 92.0}]}
{"t": 1776976130.9047801, "events": [{"op": "set", "side": "bid", "price": 0.67, "size": 530.0}, {"op": "delete", "side": "bid", "price": 0.66}, {"op": "set", "side": "bid", "price": 0.58, "size": 546.0}, {"op": "set", "side": "bid", "price": 0.68, "size": 1.0}, {"op": "set", "side": "ask", "price": 0.12, "size": 16.0}, {"op": "delete", "side": "ask", "price": 0.24}, {"op": "set", "side": "ask", "price": 0.25, "size": 56.0}, {"op": "delete", "side": "ask", "price": 0.32}, {"op": "set", "side": "ask", "price": 0.13, "size": 276.0}, {"op": "set", "side": "ask", "price": 0.17, "size": 30.0}, {"op": "set", "side": "ask", "price": 0.19, "size": 50.0}, {"op": "set", "side": "ask", "price": 0.26, "size": 499.0}]}
{"t": 1776976131.9146821, "events": [{"op": "delete", "side": "ask", "price": 0.19}, {"op": "set", "side": "ask", "price": 0.27, "size": 69.0}]}
{"t": 1776976133.922157, "events": [{"op": "delete", "side": "ask", "price": 0.17}, {"op": "set", "side": "ask", "price": 0.25, "size": 14.0}, {"op": "set", "side": "ask", "price": 0.27, "size": 50.0}, {"op": "set", "side": "ask", "price": 0.19, "size": 30.0}, {"op": "set", "side": "ask", "price": 0.28, "size": 33.0}, {"op": "set", "side": "ask", "price": 0.29, "size": 9.0}]}
{"t": 1776976135.934583, "events": [{"op": "delete", "side": "bid", "price": 0.68}, {"op": "set", "side": "bid", "price": 0.67, "size": 30.0}, {"op": "delete", "side": "bid", "price": 0.58}, {"op": "delete", "side": "ask", "price": 0.13}, {"op": "delete", "side": "ask", "price": 0.19}, {"op": "delete", "side": "ask", "price": 0.25}, {"op": "delete", "side": "ask", "price": 0.26}]}
{"t": 1776976136.9557, "events": [{"op": "delete", "side": "bid", "price": 0.67}, {"op": "set", "side": "bid", "price": 0.51, "size": 32.0}, {"op": "delete", "side": "ask", "price": 0.27}, {"op": "set", "side": "ask", "price": 0.21, "size": 30.0}]}
{"t": 1776976137.96097, "events": [{"op": "delete", "side": "bid", "price": 0.51}, {"op": "delete", "side": "bid", "price": 0.5}, {"op": "set", "side": "bid", "price": 0.43, "size": 64.0}, {"op": "set", "side": "bid", "price": 0.52, "size": 22.0}, {"op": "delete", "side": "ask", "price": 0.28}]}
{"t": 1776976138.9725718, "events": [{"op": "delete", "side": "bid", "price": 0.52}, {"op": "set", "side": "bid", "price": 0.43, "size": 14.0}, {"op": "set", "side": "bid", "price": 0.48, "size": 81.0}, {"op": "set", "side": "bid", "price": 0.02, "size": 86.0}, {"op": "delete", "side": "ask", "price": 0.21}, {"op": "delete", "side": "ask", "price": 0.29}, {"op": "set", "side": "ask", "price": 0.15, "size": 30.0}, {"op": "set", "side": "ask", "price": 0.22, "size": 46.0}, {"op": "set", "side": "ask", "price": 0.23, "size": 50.0}]}
{"t": 1776976139.976351, "events": [{"op": "set", "side": "bid", "price": 0.48, "size": 157.0}, {"op": "set", "side": "bid", "price": 0.43, "size": 50.0}, {"op": "set", "side": "bid", "price": 0.53, "size": 73.0}, {"op": "set", "side": "bid", "price": 0.52, "size": 666.0}, {"op": "set", "side": "bid", "price": 0.22, "size": 18.0}, {"op": "set", "side": "bid", "price": 0.02, "size": 36.0}, {"op": "delete", "side": "ask", "price": 0.15}, {"op": "set", "side": "ask", "price": 0.23, "size": 36.0}, {"op": "set", "side": "ask", "price": 0.24, "size": 50.0}, {"op": "set", "side": "ask", "price": 0.29, "size": 54.0}, {"op": "set", "side": "ask", "price": 0.3, "size": 998.0}]}
{"t": 1776976140.985537, "events": [{"op": "set", "side": "bid", "price": 0.53, "size": 1.0}, {"op": "delete", "side": "bid", "price": 0.43}, {"op": "set", "side": "bid", "price": 0.54, "size": 21.0}, {"op": "delete", "side": "ask", "price": 0.24}, {"op": "set", "side": "ask", "price": 0.31, "size": 19.0}]}
{"t": 1776976141.9892428, "events": [{"op": "set", "side": "bid", "price": 0.53, "size": 51.0}, {"op": "set", "side": "ask", "price": 0.31, "size": 69.0}]}
{"t": 1776976142.991977, "events": [{"op": "delete", "side": "ask", "price": 0.12}, {"op": "set", "side": "ask", "price": 0.05, "size": 40.0}]}
{"t": 1776976143.994279, "events": [{"op": "set", "side": "bid", "price": 0.54, "size": 50.0}, {"op": "set", "side": "bid", "price": 0.48, "size": 126.0}, {"op": "delete", "side": "ask", "price": 0.22}, {"op": "set", "side": "ask", "price": 0.31, "size": 19.0}, {"op": "set", "side": "ask", "price": 0.24, "size": 30.0}, {"op": "set", "side": "ask", "price": 0.32, "size": 42.0}]}
{"t": 1776976145.000753, "events": [{"op": "delete", "side": "ask", "price": 0.31}, {"op": "set", "side": "ask", "price": 0.33, "size": 68.0}]}
{"t": 1776976149.017121, "events": [{"op": "delete", "side": "ask", "price": 0.32}, {"op": "set", "side": "ask", "price": 0.33, "size": 18.0}, {"op": "set", "side": "ask", "price": 0.34, "size": 40.0}]}
{"t": 1776976150.020832, "events": [{"op": "delete", "side": "ask", "price": 0.24}, {"op": "delete", "side": "ask", "price": 0.33}, {"op": "set", "side": "ask", "price": 0.31, "size": 30.0}, {"op": "set", "side": "ask", "price": 0.35, "size": 17.0}]}
{"t": 1776976152.035327, "events": [{"op": "delete", "side": "bid", "price": 0.53}, {"op": "delete", "side": "bid", "price": 0.48}, {"op": "delete", "side": "bid", "price": 0.52}, {"op": "set", "side": "bid", "price": 0.21, "size": 135.0}, {"op": "set", "side": "bid", "price": 0.43, "size": 50.0}, {"op": "delete", "side": "bid", "price": 0.02}, {"op": "set", "side": "ask", "price": 0.03, "size": 86.0}, {"op": "delete", "side": "ask", "price": 0.23}, {"op": "delete", "side": "ask", "price": 0.29}, {"op": "delete", "side": "ask", "price": 0.3}, {"op": "delete", "side": "ask", "price": 0.31}, {"op": "set", "side": "ask", "price": 0.12, "size": 15.0}, {"op": "set", "side": "ask", "price": 0.27, "size": 30.0}]}
{"t": 1776976154.063997, "events": [{"op": "set", "side": "bid", "price": 0.44, "size": 47.0}, {"op": "set", "side": "bid", "price": 0.02, "size": 31.0}, {"op": "delete", "side": "ask", "price": 0.34}, {"op": "delete", "side": "ask", "price": 0.35}, {"op": "set", "side": "ask", "price": 0.32, "size": 43.0}, {"op": "set", "side": "ask", "price": 0.33, "size": 50.0}]}
{"t": 1776976155.081144, "events": [{"op": "set", "side": "bid", "price": 0.54, "size": 716.0}, {"op": "set", "side": "bid", "price": 0.47, "size": 326.0}, {"op": "set", "side": "bid", "price": 0.55, "size": 1.0}, {"op": "set", "side": "ask", "price": 0.12, "size": 182.0}, {"op": "set", "side": "ask", "price": 0.27, "size": 363.0}, {"op": "set", "side": "ask", "price": 0.28, "size": 541.0}]}
{"t": 1776976156.091637, "events": [{"op": "set", "side": "ask", "price": 0.27, "size": 333.0}, {"op": "set", "side": "ask", "price": 0.29, "size": 30.0}]}
{"t": 1776976159.129062, "events": [{"op": "delete", "side": "ask", "price": 0.32}, {"op": "delete", "side": "ask", "price": 0.33}, {"op": "set", "side": "ask", "price": 0.34, "size": 39.0}]}
{"t": 1776976160.14115, "events": [{"op": "set", "side": "ask", "price": 0.3, "size": 50.0}, {"op": "set", "side": "ask", "price": 0.35, "size": 3.0}]}
{"t": 1776976163.1601741, "events": [{"op": "delete", "side": "ask", "price": 0.34}]}
{"t": 1776976164.1660988, "events": [{"op": "delete", "side": "ask", "price": 0.3}, {"op": "delete", "side": "ask", "price": 0.35}, {"op": "set", "side": "ask", "price": 0.31, "size": 42.0}]}
{"t": 1776976165.1733131, "events": [{"op": "set", "side": "ask", "price": 0.32, "size": 18.0}]}
{"t": 1776976166.17973, "events": [{"op": "set", "side": "ask", "price": 0.28, "size": 571.0}, {"op": "delete", "side": "ask", "price": 0.29}, {"op": "set", "side": "ask", "price": 0.32, "size": 68.0}]}
{"t": 1776976168.185441, "events": [{"op": "delete", "side": "ask", "price": 0.31}]}
{"t": 1776976169.201382, "events": [{"op": "set", "side": "bid", "price": 0.54, "size": 666.0}, {"op": "set", "side": "bid", "price": 0.56, "size": 28.0}, {"op": "set", "side": "bid", "price": 0.57, "size": 20.0}, {"op": "set", "side": "ask", "price": 0.28, "size": 541.0}, {"op": "delete", "side": "ask", "price": 0.32}, {"op": "set", "side": "ask", "price": 0.29, "size": 30.0}, {"op": "set", "side": "ask", "price": 0.33, "size": 62.0}, {"op": "set", "side": "ask", "price": 0.34, "size": 11.0}]}
{"t": 1776976172.213068, "events": [{"op": "set", "side": "bid", "price": 0.57, "size": 237.0}, {"op": "set", "side": "bid", "price": 0.56, "size": 112.0}, {"op": "delete", "side": "bid", "price": 0.54}, {"op": "delete", "side": "bid", "price": 0.55}, {"op": "set", "side": "bid", "price": 0.47, "size": 100.0}, {"op": "delete", "side": "bid", "price": 0.22}, {"op": "set", "side": "bid", "price": 0.48, "size": 20.0}, {"op": "set", "side": "ask", "price": 0.12, "size": 16.0}, {"op": "delete", "side": "ask", "price": 0.27}, {"op": "delete", "side": "ask", "price": 0.28}, {"op": "set", "side": "ask", "price": 0.29, "size": 363.0}, {"op": "set", "side": "ask", "price": 0.33, "size": 541.0}, {"op": "set", "side": "ask", "price": 0.34, "size": 1009.0}]}
{"t": 1776976173.230133, "events": [{"op": "set", "side": "bid", "price": 0.56, "size": 84.0}, {"op": "set", "side": "ask", "price": 0.29, "size": 333.0}, {"op": "set", "side": "ask", "price": 0.33, "size": 501.0}, {"op": "set", "side": "ask", "price": 0.34, "size": 998.0}, {"op": "set", "side": "ask", "price": 0.35, "size": 18.0}]}
{"t": 1776976174.237823, "events": [{"op": "set", "side": "bid", "price": 0.57, "size": 217.0}, {"op": "delete", "side": "bid", "price": 0.43}, {"op": "set", "side": "bid", "price": 0.59, "size": 18.0}, {"op": "set", "side": "bid", "price": 0.58, "size": 26.0}, {"op": "set", "side": "ask", "price": 0.36, "size": 55.0}]}
{"t": 1776976175.24962, "events": [{"op": "delete", "side": "bid", "price": 0.56}, {"op": "set", "side": "bid", "price": 0.45, "size": 50.0}, {"op": "delete", "side": "ask", "price": 0.29}, {"op": "delete", "side": "ask", "price": 0.33}, {"op": "delete", "side": "ask", "price": 0.34}, {"op": "set", "side": "ask", "price": 0.28, "size": 30.0}]}
{"t": 1776976177.2679732, "events": [{"op": "set", "side": "bid", "price": 0.58, "size": 257.0}, {"op": "set", "side": "bid", "price": 0.57, "size": 112.0}, {"op": "set", "side": "ask", "price": 0.12, "size": 348.0}, {"op": "delete", "side": "ask", "price": 0.35}, {"op": "set", "side": "ask", "price": 0.13, "size": 639.0}, {"op": "set", "side": "ask", "price": 0.14, "size": 12.0}, {"op": "set", "side": "ask", "price": 0.11, "size": 1001.0}]}
{"t": 1776976178.273995, "events": [{"op": "set", "side": "bid", "price": 0.58, "size": 231.0}, {"op": "set", "side": "ask", "price": 0.12, "size": 333.0}, {"op": "set", "side": "ask", "price": 0.14, "size": 45.0}, {"op": "set", "side": "ask", "price": 0.36, "size": 73.0}]}
{"t": 1776976179.287406, "events": [{"op": "set", "side": "bid", "price": 0.59, "size": 44.0}, {"op": "set", "side": "ask", "price": 0.29, "size": 50.0}]}
{"t": 1776976197.420757, "events": [{"op": "delete", "side": "bid", "price": 0.58}, {"op": "delete", "side": "bid", "price": 0.57}, {"op": "delete", "side": "ask", "price": 0.12}, {"op": "delete", "side": "ask", "price": 0.13}, {"op": "set", "side": "ask", "price": 0.14, "size": 33.0}, {"op": "delete", "side": "ask", "price": 0.29}, {"op": "set", "side": "ask", "price": 0.11, "size": 1000.0}]}
{"t": 1776976198.435571, "events": [{"op": "set", "side": "bid", "price": 0.59, "size": 710.0}, {"op": "set", "side": "bid", "price": 0.48, "size": 209.0}, {"op": "set", "side": "bid", "price": 0.6, "size": 1.0}, {"op": "set", "side": "ask", "price": 0.28, "size": 22.0}, {"op": "set", "side": "ask", "price": 0.36, "size": 36.0}, {"op": "set", "side": "ask", "price": 0.29, "size": 44.0}, {"op": "set", "side": "ask", "price": 0.3, "size": 92.0}, {"op": "set", "side": "ask", "price": 0.31, "size": 30.0}]}
{"t": 1776976199.445118, "events": [{"op": "set", "side": "ask", "price": 0.03, "size": 117.0}, {"op": "delete", "side": "ask", "price": 0.14}, {"op": "set", "side": "ask", "price": 0.32, "size": 40.0}]}
{"t": 1776976203.4636748, "events": [{"op": "delete", "side": "bid", "price": 0.44}, {"op": "set", "side": "bid", "price": 0.21, "size": 164.0}, {"op": "delete", "side": "ask", "price": 0.32}]}
{"t": 1776976204.476952, "events": [{"op": "delete", "side": "bid", "price": 0.6}, {"op": "set", "side": "bid", "price": 0.59, "size": 44.0}, {"op": "delete", "side": "bid", "price": 0.45}, {"op": "set", "side": "bid", "price": 0.48, "size": 20.0}, {"op": "set", "side": "bid", "price": 0.43, "size": 50.0}, {"op": "delete", "side": "bid", "price": 0.02}, {"op": "set", "side": "bid", "price": 0.49, "size": 50.0}, {"op": "set", "side": "ask", "price": 0.28, "size": 30.0}, {"op": "delete", "side": "ask", "price": 0.29}, {"op": "delete", "side": "ask", "price": 0.3}, {"op": "delete", "side": "ask", "price": 0.31}, {"op": "set", "side": "ask", "price": 0.32, "size": 40.0}]}
{"t": 1776976207.508864, "events": [{"op": "set", "side": "bid", "price": 0.59, "size": 710.0}, {"op": "set", "side": "bid", "price": 0.49, "size": 239.0}, {"op": "delete", "side": "bid", "price": 0.48}, {"op": "set", "side": "bid", "price": 0.5, "size": 20.0}, {"op": "set", "side": "bid", "price": 0.6, "size": 1.0}, {"op": "set", "side": "ask", "price": 0.28, "size": 364.0}, {"op": "set", "side": "ask", "price": 0.32, "size": 708.0}, {"op": "set", "side": "ask", "price": 0.33, "size": 998.0}, {"op": "set", "side": "ask", "price": 0.11, "size": 1001.0}]}
{"t": 1776976208.525941, "events": [{"op": "set", "side": "ask", "price": 0.32, "size": 668.0}]}
{"t": 1776976209.539958, "events": [{"op": "set", "side": "ask", "price": 0.34, "size": 37.0}]}
{"t": 1776976214.569775, "events": [{"op": "set", "side": "bid", "price": 0.49, "size": 50.0}, {"op": "set", "side": "ask", "price": 0.28, "size": 334.0}, {"op": "delete", "side": "ask", "price": 0.32}, {"op": "delete", "side": "ask", "price": 0.33}, {"op": "set", "side": "ask", "price": 0.11, "size": 1000.0}]}
{"t": 1776976215.5757089, "events": [{"op": "set", "side": "bid", "price": 0.59, "size": 544.0}, {"op": "set", "side": "bid", "price": 0.5, "size": 576.0}, {"op": "set", "side": "ask", "price": 0.28, "size": 1.0}, {"op": "set", "side": "ask", "price": 0.34, "size": 690.0}, {"op": "set", "side": "ask", "price": 0.36, "size": 535.0}, {"op": "set", "side": "ask", "price": 0.35, "size": 333.0}]}
{"t": 1776976217.597552, "events": [{"op": "delete", "side": "ask", "price": 0.28}, {"op": "set", "side": "ask", "price": 0.36, "size": 630.0}]}
{"t": 1776976218.6080482, "events": [{"op": "set", "side": "bid", "price": 0.59, "size": 559.0}, {"op": "set", "side": "bid", "price": 0.5, "size": 440.0}, {"op": "set", "side": "ask", "price": 0.34, "size": 333.0}, {"op": "set", "side": "ask", "price": 0.35, "size": 655.0}, {"op": "set", "side": "ask", "price": 0.36, "size": 595.0}, {"op": "set", "side": "ask", "price": 0.28, "size": 30.0}, {"op": "set", "side": "ask", "price": 0.37, "size": 32.0}, {"op": "set", "side": "ask", "price": 0.11, "size": 1001.0}]}
{"t": 1776976219.616928, "events": [{"op": "set", "side": "ask", "price": 0.36, "size": 576.0}]}
{"t": 1776976220.6215591, "events": [{"op": "set", "side": "bid", "price": 0.6, "size": 30.67}, {"op": "set", "side": "ask", "price": 0.38, "size": 18.0}]}
{"t": 1776976222.6332319, "events": [{"op": "set", "side": "bid", "price": 0.6, "size": 56.67}, {"op": "delete", "side": "bid", "price": 0.59}, {"op": "set", "side": "bid", "price": 0.5, "size": 20.0}, {"op": "set", "side": "bid", "price": 0.61, "size": 32.0}, {"op": "set", "side": "ask", "price": 0.03, "size": 86.0}, {"op": "delete", "side": "ask", "price": 0.28}, {"op": "delete", "side": "ask", "price": 0.34}, {"op": "delete", "side": "ask", "price": 0.35}, {"op": "set", "side": "ask", "price": 0.36, "size": 113.0}, {"op": "delete", "side": "ask", "price": 0.38}, {"op": "set", "side": "ask", "price": 0.12, "size": 31.0}, {"op": "set", "side": "ask", "price": 0.3, "size": 30.0}]}
{"t": 1776976223.6436858, "events": [{"op": "set", "side": "bid", "price": 0.61, "size": 287.0}, {"op": "set", "side": "bid", "price": 0.6, "size": 135.0}, {"op": "delete", "side": "bid", "price": 0.49}, {"op": "set", "side": "bid", "price": 0.63, "size": 31.0}, {"op": "set", "side": "bid", "price": 0.62, "size": 25.0}, {"op": "set", "side": "ask", "price": 0.3, "size": 333.0}, {"op": "delete", "side": "ask", "price": 0.36}, {"op": "delete", "side": "ask", "price": 0.37}, {"op": "set", "side": "ask", "price": 0.31, "size": 652.0}, {"op": "set", "side": "ask", "price": 0.32, "size": 666.0}, {"op": "set", "side": "ask", "price": 0.33, "size": 95.0}, {"op": "set", "side": "ask", "price": 0.34, "size": 34.0}]}
{"t": 1776976224.658376, "events": [{"op": "set", "side": "ask", "price": 0.34, "size": 52.0}, {"op": "set", "side": "ask", "price": 0.35, "size": 9.0}]}
{"t": 1776976233.699004, "events": [{"op": "set", "side": "bid", "price": 0.63, "size": 55.0}, {"op": "set", "side": "bid", "price": 0.62, "size": 29.67}]}
{"t": 1776976234.7018628, "events": [{"op": "set", "side": "bid", "price": 0.63, "size": 50.0}]}
{"t": 1776976235.705027, "events": [{"op": "set", "side": "ask", "price": 0.12, "size": 47.0}, {"op": "delete", "side": "ask", "price": 0.05}]}
{"t": 1776976254.822479, "events": [{"op": "delete", "side": "bid", "price": 0.62}, {"op": "delete", "side": "bid", "price": 0.6}, {"op": "delete", "side": "bid", "price": 0.5}, {"op": "delete", "side": "bid", "price": 0.61}, {"op": "set", "side": "bid", "price": 0.47, "size": 147.0}, {"op": "set", "side": "bid", "price": 0.21, "size": 135.0}, {"op": "delete", "side": "ask", "price": 0.3}, {"op": "delete", "side": "ask", "price": 0.31}, {"op": "delete", "side": "ask", "price": 0.32}, {"op": "set", "side": "ask", "price": 0.11, "size": 1000.0}]}
{"t": 1776976255.835129, "events": [{"op": "set", "side": "bid", "price": 0.63, "size": 716.0}, {"op": "delete", "side": "bid", "price": 0.43}, {"op": "set", "side": "bid", "price": 0.64, "size": 1.0}, {"op": "set", "side": "bid", "price": 0.62, "size": 219.0}, {"op": "set", "side": "ask", "price": 0.12, "size": 48.0}, {"op": "set", "side": "ask", "price": 0.34, "size": 18.0}, {"op": "set", "side": "ask", "price": 0.35, "size": 1675.0}]}
{"t": 1776976256.854514, "events": [{"op": "set", "side": "bid", "price": 0.02, "size": 46.0}, {"op": "set", "side": "ask", "price": 0.35, "size": 1696.0}]}
{"t": 1776976259.875783, "events": [{"op": "set", "side": "bid", "price": 0.63, "size": 504.0}, {"op": "delete", "side": "bid", "price": 0.62}, {"op": "set", "side": "bid", "price": 0.55, "size": 29.67}, {"op": "set", "side": "ask", "price": 0.34, "size": 51.0}, {"op": "set", "side": "ask", "price": 0.35, "size": 666.0}]}
{"t": 1776976260.885631, "events": [{"op": "set", "side": "bid", "price": 0.47, "size": 701.0}, {"op": "set", "side": "ask", "price": 0.35, "size": 1666.0}]}
{"t": 1776976263.909769, "events": [{"op": "set", "side": "ask", "price": 0.34, "size": 18.0}, {"op": "set", "side": "ask", "price": 0.35, "size": 1698.0}]}
{"t": 1776976266.934915, "events": [{"op": "delete", "side": "ask", "price": 0.34}]}
{"t": 1776976276.0147579, "events": [{"op": "set", "side": "bid", "price": 0.47, "size": 147.0}, {"op": "set", "side": "ask", "price": 0.35, "size": 699.0}]}
{"t": 1776976277.039475, "events": [{"op": "set", "side": "bid", "price": 0.63, "size": 550.0}, {"op": "set", "side": "bid", "price": 0.55, "size": 417.67}, {"op": "set", "side": "ask", "price": 0.12, "size": 380.0}, {"op": "set", "side": "ask", "price": 0.35, "size": 1666.0}, {"op": "set", "side": "ask", "price": 0.34, "size": 36.0}]}
{"t": 1776976281.087897, "events": [{"op": "set", "side": "bid", "price": 0.55, "size": 454.67}, {"op": "set", "side": "ask", "price": 0.34, "size": 703.0}, {"op": "set", "side": "ask", "price": 0.35, "size": 999.0}]}
{"t": 1776976284.125754, "events": [{"op": "set", "side": "ask", "price": 0.34, "size": 667.0}, {"op": "set", "side": "ask", "price": 0.35, "size": 1030.0}]}
{"t": 1776976285.139929, "events": [{"op": "delete", "side": "bid", "price": 0.64}, {"op": "set", "side": "bid", "price": 0.63, "size": 50.0}, {"op": "set", "side": "bid", "price": 0.55, "size": 29.670000000000016}, {"op": "set", "side": "ask", "price": 0.12, "size": 47.0}, {"op": "delete", "side": "ask", "price": 0.34}, {"op": "set", "side": "ask", "price": 0.35, "size": 31.0}]}
{"t": 1776976287.161626, "events": [{"op": "set", "side": "bid", "price": 0.63, "size": 716.0}, {"op": "set", "side": "bid", "price": 0.55, "size": 247.67000000000002}, {"op": "set", "side": "bid", "price": 0.64, "size": 1.0}, {"op": "set", "side": "ask", "price": 0.12, "size": 48.0}, {"op": "set", "side": "ask", "price": 0.35, "size": 698.0}]}
{"t": 1776976288.1785212, "events": [{"op": "set", "side": "ask", "price": 0.35, "size": 1697.0}]}
{"t": 1776976289.1844962, "events": [{"op": "set", "side": "ask", "price": 0.35, "size": 1666.0}, {"op": "set", "side": "ask", "price": 0.34, "size": 34.0}]}
{"t": 1776976301.276474, "events": [{"op": "delete", "side": "bid", "price": 0.64}, {"op": "set", "side": "bid", "price": 0.63, "size": 50.0}, {"op": "set", "side": "bid", "price": 0.55, "size": 1.4210854715202004e-14}, {"op": "set", "side": "bid", "price": 0.47, "size": 100.0}, {"op": "set", "side": "bid", "price": 0.22, "size": 47.0}, {"op": "set", "side": "ask", "price": 0.12, "size": 47.0}, {"op": "delete", "side": "ask", "price": 0.35}]}
{"t": 1776976303.3065321, "events": [{"op": "set", "side": "bid", "price": 0.48, "size": 53.0}, {"op": "delete", "side": "bid", "price": 0.02}, {"op": "set", "side": "ask", "price": 0.12, "size": 111.0}, {"op": "delete", "side": "ask", "price": 0.33}, {"op": "delete", "side": "ask", "price": 0.34}]}
{"t": 1776976304.313708, "events": [{"op": "set", "side": "bid", "price": 0.63, "size": 713.0}, {"op": "set", "side": "bid", "price": 0.47, "size": 275.0}, {"op": "set", "side": "bid", "price": 0.64, "size": 34.0}, {"op": "set", "side": "ask", "price": 0.11, "size": 1002.0}, {"op": "set", "side": "ask", "price": 0.03, "size": 117.0}, {"op": "set", "side": "ask", "price": 0.12, "size": 447.0}, {"op": "set", "side": "ask", "price": 0.13, "size": 759.0}, {"op": "set", "side": "ask", "price": 0.14, "size": 19.0}]}
{"t": 1776976305.355718, "events": [{"op": "set", "side": "bid", "price": 0.63, "size": 663.0}, {"op": "set", "side": "bid", "price": 0.65, "size": 30.0}]}
{"t": 1776976306.360851, "events": [{"op": "set", "side": "bid", "price": 0.66, "size": 29.0}, {"op": "delete", "side": "ask", "price": 0.14}, {"op": "set", "side": "ask", "price": 0.15, "size": 34.0}, {"op": "set", "side": "ask", "price": 0.16, "size": 18.0}]}
{"t": 1776976307.3653572, "events": [{"op": "set", "side": "bid", "price": 0.66, "size": 95.0}, {"op": "set", "side": "bid", "price": 0.65, "size": 69.0}, {"op": "delete", "side": "bid", "price": 0.63}, {"op": "set", "side": "bid", "price": 0.64, "size": 56.0}, {"op": "set", "side": "bid", "price": 0.47, "size": 100.0}, {"op": "set", "side": "ask", "price": 0.12, "size": 112.0}, {"op": "set", "side": "ask", "price": 0.13, "size": 213.0}, {"op": "set", "side": "ask", "price": 0.15, "size": 538.0}, {"op": "set", "side": "ask", "price": 0.16, "size": 1011.0}, {"op": "set", "side": "ask", "price": 0.14, "size": 334.0}, {"op": "set", "side": "ask", "price": 0.11, "size": 1000.0}]}
{"t": 1776976308.374354, "events": [{"op": "set", "side": "bid", "price": 0.66, "size": 124.67}, {"op": "set", "side": "bid", "price": 0.65, "size": 39.0}, {"op": "set", "side": "ask", "price": 0.13, "size": 168.0}]}
{"t": 1776976309.386129, "events": [{"op": "set", "side": "bid", "price": 0.66, "size": 66.0}, {"op": "set", "side": "bid", "price": 0.67, "size": 29.0}, {"op": "set", "side": "bid", "price": 0.68, "size": 57.67}, {"op": "set", "side": "ask", "price": 0.16, "size": 993.0}, {"op": "set", "side": "ask", "price": 0.17, "size": 43.0}, {"op": "set", "side": "ask", "price": 0.18, "size": 18.0}]}
{"t": 1776976310.395447, "events": [{"op": "delete", "side": "ask", "price": 0.18}, {"op": "set", "side": "ask", "price": 0.19, "size": 29.0}, {"op": "set", "side": "ask", "price": 0.2, "size": 18.0}]}
{"t": 1776976312.405248, "events": [{"op": "delete", "side": "ask", "price": 0.19}, {"op": "set", "side": "ask", "price": 0.21, "size": 29.0}]}
{"t": 1776976313.409361, "events": [{"op": "delete", "side": "bid", "price": 0.67}, {"op": "delete", "side": "ask", "price": 0.2}, {"op": "delete", "side": "ask", "price": 0.21}]}
{"t": 1776976314.4200819, "events": [{"op": "set", "side": "bid", "price": 0.68, "size": 28.0}, {"op": "set", "side": "bid", "price": 0.69, "size": 57.67}, {"op": "set", "side": "ask", "price": 0.15, "size": 504.0}, {"op": "delete", "side": "ask", "price": 0.17}, {"op": "set", "side": "ask", "price": 0.19, "size": 29.0}, {"op": "set", "side": "ask", "price": 0.2, "size": 18.0}]}
{"t": 1776976315.427767, "events": [{"op": "set", "side": "bid", "price": 0.69, "size": 28.0}, {"op": "delete", "side": "bid", "price": 0.68}, {"op": "set", "side": "bid", "price": 0.7, "size": 26.0}, {"op": "set", "side": "ask", "price": 0.2, "size": 59.0}]}
{"t": 1776976316.4325829, "events": [{"op": "set", "side": "ask", "price": 0.2, "size": 41.0}, {"op": "set", "side": "ask", "price": 0.21, "size": 18.0}, {"op": "set", "side": "ask", "price": 0.22, "size": 14.0}]}
{"t": 1776976317.438499, "events": [{"op": "delete", "side": "ask", "price": 0.19}]}
{"t": 1776976318.442741, "events": [{"op": "delete", "side": "bid", "price": 0.69}, {"op": "set", "side": "ask", "price": 0.03, "size": 183.0}, {"op": "set", "side": "ask", "price": 0.12, "size": 96.0}, {"op": "delete", "side": "ask", "price": 0.2}]}
{"t": 1776976319.457519, "events": [{"op": "delete", "side": "bid", "price": 0.7}, {"op": "set", "side": "bid", "price": 0.67, "size": 29.0}, {"op": "delete", "side": "ask", "price": 0.21}, {"op": "set", "side": "ask", "price": 0.22, "size": 45.0}]}
{"t": 1776976320.4679208, "events": [{"op": "set", "side": "bid", "price": 0.68, "size": 28.0}, {"op": "set", "side": "ask", "price": 0.23, "size": 18.0}]}
{"t": 1776976321.470697, "events": [{"op": "set", "side": "ask", "price": 0.22, "size": 38.0}, {"op": "set", "side": "ask", "price": 0.24, "size": 2.0}]}
{"t": 1776976323.4797351, "events": [{"op": "delete", "side": "bid", "price": 0.64}, {"op": "delete", "side": "bid", "price": 0.66}, {"op": "delete", "side": "bid", "price": 0.65}, {"op": "delete", "side": "bid", "price": 0.22}, {"op": "set", "side": "bid", "price": 0.43, "size": 48.0}, {"op": "delete", "side": "ask", "price": 0.13}, {"op": "delete", "side": "ask", "price": 0.14}, {"op": "delete", "side": "ask", "price": 0.15}, {"op": "delete", "side": "ask", "price": 0.16}]}
{"t": 1776976324.50117, "events": [{"op": "set", "side": "bid", "price": 0.68, "size": 663.0}, {"op": "set", "side": "bid", "price": 0.67, "size": 184.0}, {"op": "set", "side": "bid", "price": 0.48, "size": 100.0}, {"op": "set", "side": "bid", "price": 0.69, "size": 34.67}, {"op": "set", "side": "bid", "price": 0.7, "size": 26.0}, {"op": "set", "side": "ask", "price": 0.12, "size": 263.0}, {"op": "set", "side": "ask", "price": 0.22, "size": 372.0}, {"op": "set", "side": "ask", "price": 0.24, "size": 504.0}, {"op": "set", "side": "ask", "price": 0.25, "size": 993.0}, {"op": "set", "side": "ask", "price": 0.11, "size": 1001.0}]}
{"t": 1776976325.519989, "events": [{"op": "set", "side": "bid", "price": 0.7, "size": 50.0}, {"op": "set", "side": "bid", "price": 0.67, "size": 155.0}, {"op": "set", "side": "ask", "price": 0.22, "size": 334.0}, {"op": "set", "side": "ask", "price": 0.26, "size": 54.0}]}
{"t": 1776976332.56369, "events": [{"op": "set", "side": "bid", "price": 0.69, "size": 5.0}, {"op": "delete", "side": "bid", "price": 0.67}, {"op": "delete", "side": "bid", "price": 0.68}, {"op": "set", "side": "ask", "price": 0.03, "size": 152.0}, {"op": "delete", "side": "ask", "price": 0.22}, {"op": "delete", "side": "ask", "price": 0.24}, {"op": "delete", "side": "ask", "price": 0.25}, {"op": "set", "side": "ask", "price": 0.05, "size": 33.0}]}
{"t": 1776976333.587355, "events": [{"op": "set", "side": "bid", "price": 0.7, "size": 713.0}, {"op": "set", "side": "bid", "price": 0.69, "size": 171.0}, {"op": "set", "side": "bid", "price": 0.48, "size": 136.0}, {"op": "set", "side": "bid", "price": 0.71, "size": 5.0}, {"op": "set", "side": "ask", "price": 0.23, "size": 334.0}, {"op": "set", "side": "ask", "price": 0.26, "size": 504.0}, {"op": "set", "side": "ask", "price": 0.27, "size": 993.0}, {"op": "set", "side": "ask", "price": 0.28, "size": 19.0}]}
{"t": 1776976334.603316, "events": [{"op": "delete", "side": "bid", "price": 0.69}, {"op": "set", "side": "bid", "price": 0.48, "size": 100.0}, {"op": "set", "side": "ask", "price": 0.12, "size": 96.0}, {"op": "delete", "side": "ask", "price": 0.23}, {"op": "delete", "side": "ask", "price": 0.26}, {"op": "set", "side": "ask", "price": 0.27, "size": 33.0}]}
{"t": 1776976335.619046, "events": [{"op": "set", "side": "bid", "price": 0.71, "size": 3.0}, {"op": "set", "side": "bid", "price": 0.7, "size": 503.0}]}
{"t": 1776976336.625223, "events": [{"op": "set", "side": "bid", "price": 0.48, "size": 331.0}, {"op": "set", "side": "bid", "price": 0.47, "size": 415.0}, {"op": "set", "side": "bid", "price": 0.62, "size": 29.67}, {"op": "set", "side": "ask", "price": 0.11, "size": 1002.0}, {"op": "set", "side": "ask", "price": 0.12, "size": 430.0}, {"op": "set", "side": "ask", "price": 0.28, "size": 1662.0}]}
{"t": 1776976339.6474261, "events": [{"op": "set", "side": "bid", "price": 0.47, "size": 100.0}, {"op": "delete", "side": "ask", "price": 0.27}]}
{"t": 1776976340.6580539, "events": [{"op": "delete", "side": "bid", "price": 0.71}, {"op": "set", "side": "bid", "price": 0.7, "size": 50.0}, {"op": "set", "side": "bid", "price": 0.48, "size": 53.0}, {"op": "set", "side": "ask", "price": 0.11, "size": 1000.0}, {"op": "set", "side": "ask", "price": 0.12, "size": 95.0}, {"op": "delete", "side": "ask", "price": 0.28}, {"op": "set", "side": "ask", "price": 0.13, "size": 46.0}, {"op": "set", "side": "ask", "price": 0.14, "size": 18.0}]}
{"t": 1776976341.674314, "events": [{"op": "set", "side": "bid", "price": 0.7, "size": 26.0}, {"op": "set", "side": "bid", "price": 0.62, "size": 254.67000000000002}, {"op": "delete", "side": "ask", "price": 0.14}, {"op": "set", "side": "ask", "price": 0.27, "size": 669.0}]}
{"t": 1776976342.686982, "events": [{"op": "delete", "side": "bid", "price": 0.7}, {"op": "set", "side": "bid", "price": 0.62, "size": 17.0}, {"op": "delete", "side": "bid", "price": 0.48}, {"op": "set", "side": "bid", "price": 0.63, "size": 29.0}, {"op": "set", "side": "bid", "price": 0.64, "size": 23.0}, {"op": "delete", "side": "ask", "price": 0.27}, {"op": "set", "side": "ask", "price": 0.14, "size": 18.0}]}
{"t": 1776976343.692986, "events": [{"op": "delete", "side": "bid", "price": 0.64}, {"op": "set", "side": "bid", "price": 0.72, "size": 662.0}, {"op": "set", "side": "bid", "price": 0.73, "size": 58.67}, {"op": "set", "side": "bid", "price": 0.48, "size": 48.0}, {"op": "set", "side": "bid", "price": 0.7, "size": 27.0}, {"op": "set", "side": "bid", "price": 0.71, "size": 143.0}, {"op": "set", "side": "ask", "price": 0.11, "size": 1498.0}, {"op": "set", "side": "ask", "price": 0.12, "size": 594.0}, {"op": "set", "side": "ask", "price": 0.13, "size": 1042.0}, {"op": "set", "side": "ask", "price": 0.14, "size": 48.0}]}
{"t": 1776976344.703347, "events": [{"op": "set", "side": "bid", "price": 0.73, "size": 29.0}, {"op": "delete", "side": "bid", "price": 0.72}, {"op": "delete", "side": "bid", "price": 0.63}, {"op": "delete", "side": "bid", "price": 0.71}, {"op": "delete", "side": "bid", "price": 0.7}, {"op": "delete", "side": "bid", "price": 0.62}, {"op": "set", "side": "bid", "price": 0.74, "size": 52.0}, {"op": "set", "side": "ask", "price": 0.11, "size": 1000.0}, {"op": "set", "side": "ask", "price": 0.12, "size": 95.0}, {"op": "delete", "side": "ask", "price": 0.13}, {"op": "set", "side": "ask", "price": 0.14, "size": 18.0}, {"op": "set", "side": "ask", "price": 0.15, "size": 40.0}]}
{"t": 1776976345.71589, "events": [{"op": "delete", "side": "ask", "price": 0.14}, {"op": "set", "side": "ask", "price": 0.16, "size": 18.0}]}
{"t": 1776976346.723329, "events": [{"op": "delete", "side": "bid", "price": 0.73}]}
{"t": 1776976350.768629, "events": [{"op": "set", "side": "bid", "price": 0.74, "size": 106.0}, {"op": "set", "side": "bid", "price": 0.48, "size": 82.0}, {"op": "set", "side": "bid", "price": 0.75, "size": 270.0}, {"op": "set", "side": "bid", "price": 0.76, "size": 662.0}, {"op": "set", "side": "bid", "price": 0.77, "size": 43.67}, {"op": "set", "side": "ask", "price": 0.11, "size": 1995.0}, {"op": "set", "side": "ask", "price": 0.12, "size": 1093.0}, {"op": "delete", "side": "ask", "price": 0.15}, {"op": "set", "side": "ask", "price": 0.16, "size": 25.0}, {"op": "set", "side": "ask", "price": 0.17, "size": 15.0}]}
{"t": 1776976351.775647, "events": [{"op": "set", "side": "bid", "price": 0.77, "size": 14.0}, {"op": "delete", "side": "bid", "price": 0.76}, {"op": "delete", "side": "bid", "price": 0.74}, {"op": "delete", "side": "bid", "price": 0.75}, {"op": "set", "side": "bid", "price": 0.48, "size": 48.0}, {"op": "delete", "side": "bid", "price": 0.43}, {"op": "set", "side": "bid", "price": 0.02, "size": 49.0}, {"op": "set", "side": "bid", "price": 0.78, "size": 49.0}, {"op": "set", "side": "ask", "price": 0.12, "size": 95.0}, {"op": "delete", "side": "ask", "price": 0.16}, {"op": "set", "side": "ask", "price": 0.13, "size": 41.0}, {"op": "set", "side": "ask", "price": 0.18, "size": 18.0}, {"op": "set", "side": "ask", "price": 0.11, "size": 1000.0}]}
{"t": 1776976352.80179, "events": [{"op": "set", "side": "bid", "price": 0.72, "size": 29.67}]}
{"t": 1776976353.81703, "events": [{"op": "delete", "side": "bid", "price": 0.77}, {"op": "delete", "side": "ask", "price": 0.17}]}
{"t": 1776976354.8235462, "events": [{"op": "delete", "side": "ask", "price": 0.18}, {"op": "set", "side": "ask", "price": 0.14, "size": 18.0}]}
{"t": 1776976355.830212, "events": [{"op": "set", "side": "ask", "price": 0.13, "size": 16.0}]}
{"t": 1776976356.839608, "events": [{"op": "set", "side": "bid", "price": 0.78, "size": 74.0}, {"op": "set", "side": "bid", "price": 0.72, "size": 54.0}, {"op": "set", "side": "bid", "price": 0.48, "size": 84.0}, {"op": "set", "side": "bid", "price": 0.79, "size": 311.0}, {"op": "set", "side": "bid", "price": 0.8, "size": 662.0}, {"op": "set", "side": "bid", "price": 0.81, "size": 23.0}, {"op": "set", "side": "ask", "price": 0.11, "size": 1299.0}, {"op": "set", "side": "ask", "price": 0.12, "size": 394.0}, {"op": "set", "side": "ask", "price": 0.13, "size": 950.0}, {"op": "set", "side": "ask", "price": 0.14, "size": 61.0}]}
{"t": 1776976357.858582, "events": [{"op": "set", "side": "bid", "price": 0.81, "size": 49.0}]}
{"t": 1776976359.87871, "events": [{"op": "delete", "side": "bid", "price": 0.8}, {"op": "delete", "side": "bid", "price": 0.79}, {"op": "delete", "side": "bid", "price": 0.72}, {"op": "delete", "side": "bid", "price": 0.78}, {"op": "set", "side": "bid", "price": 0.75, "size": 29.67}, {"op": "set", "side": "ask", "price": 0.11, "size": 1000.0}, {"op": "set", "side": "ask", "price": 0.13, "size": 519.0}, {"op": "set", "side": "ask", "price": 0.14, "size": 58.0}]}
{"t": 1776976360.895073, "events": [{"op": "set", "side": "bid", "price": 0.81, "size": 55.0}, {"op": "delete", "side": "bid", "price": 0.75}, {"op": "set", "side": "bid", "price": 0.48, "size": 88.0}, {"op": "set", "side": "bid", "price": 0.47, "size": 126.0}, {"op": "set", "side": "bid", "price": 0.84, "size": 52.67}, {"op": "set", "side": "bid", "price": 0.82, "size": 328.0}, {"op": "set", "side": "bid", "price": 0.83, "size": 662.0}, {"op": "set", "side": "ask", "price": 0.12, "size": 593.0}, {"op": "set", "side": "ask", "price": 0.14, "size": 22.0}]}
{"t": 1776976361.903726, "events": [{"op": "set", "side": "bid", "price": 0.84, "size": 75.67}, {"op": "set", "side": "ask", "price": 0.13, "size": 553.0}]}
{"t": 1776976362.91397, "events": [{"op": "set", "side": "bid", "price": 0.84, "size": 46.0}, {"op": "delete", "side": "bid", "price": 0.83}, {"op": "delete", "side": "bid", "price": 0.81}, {"op": "delete", "side": "bid", "price": 0.82}, {"op": "set", "side": "bid", "price": 0.48, "size": 84.0}, {"op": "set", "side": "bid", "price": 0.76, "size": 29.67}, {"op": "set", "side": "bid", "price": 0.77, "size": 16.0}, {"op": "set", "side": "ask", "price": 0.13, "size": 549.0}]}
{"t": 1776976363.930155, "events": [{"op": "set", "side": "bid", "price": 0.48, "size": 91.0}, {"op": "set", "side": "bid", "price": 0.47, "size": 132.0}, {"op": "set", "side": "bid", "price": 0.42, "size": 2346.0}, {"op": "set", "side": "bid", "price": 0.5, "size": 64.0}, {"op": "set", "side": "bid", "price": 0.49, "size": 54.0}]}
{"t": 1776976364.937811, "events": [{"op": "set", "side": "bid", "price": 0.84, "size": 23.0}, {"op": "delete", "side": "bid", "price": 0.77}, {"op": "delete", "side": "bid", "price": 0.76}, {"op": "set", "side": "bid", "price": 0.78, "size": 29.67}, {"op": "set", "side": "ask", "price": 0.13, "size": 515.0}]}
{"t": 1776976365.9445639, "events": [{"op": "delete", "side": "bid", "price": 0.84}, {"op": "delete", "side": "bid", "price": 0.78}, {"op": "set", "side": "bid", "price": 0.79, "size": 50.0}, {"op": "set", "side": "bid", "price": 0.74, "size": 45.67}, {"op": "set", "side": "ask", "price": 0.13, "size": 499.0}, {"op": "set", "side": "ask", "price": 0.14, "size": 57.0}, {"op": "set", "side": "ask", "price": 0.15, "size": 1.0}]}
{"t": 1776976367.9569862, "events": [{"op": "set", "side": "bid", "price": 0.48, "size": 43.0}, {"op": "set", "side": "bid", "price": 0.51, "size": 47.0}, {"op": "set", "side": "bid", "price": 0.56, "size": 1.0}]}
{"t": 1776976386.068693, "events": [{"op": "set", "side": "bid", "price": 0.8, "size": 5.0}]}
{"t": 1776976390.085834, "events": [{"op": "set", "side": "bid", "price": 0.8, "size": 105.0}, {"op": "set", "side": "bid", "price": 0.79, "size": 123.0}, {"op": "set", "side": "bid", "price": 0.74, "size": 49.0}, {"op": "delete", "side": "bid", "price": 0.5}, {"op": "delete", "side": "bid", "price": 0.49}, {"op": "delete", "side": "bid", "price": 0.48}, {"op": "set", "side": "bid", "price": 0.47, "size": 100.0}, {"op": "set", "side": "bid", "price": 0.42, "size": 2325.0}, {"op": "set", "side": "bid", "price": 0.43, "size": 51.0}, {"op": "delete", "side": "bid", "price": 0.02}, {"op": "set", "side": "bid", "price": 0.81, "size": 320.0}, {"op": "set", "side": "bid", "price": 0.82, "size": 662.0}, {"op": "delete", "side": "ask", "price": 0.05}, {"op": "set", "side": "ask", "price": 0.03, "size": 186.0}, {"op": "set", "side": "ask", "price": 0.11, "size": 1498.0}, {"op": "set", "side": "ask", "price": 0.12, "size": 594.0}, {"op": "delete", "side": "ask", "price": 0.13}, {"op": "set", "side": "ask", "price": 0.14, "size": 1049.0}, {"op": "set", "side": "ask", "price": 0.15, "size": 8.0}]}
{"t": 1776976391.098208, "events": [{"op": "set", "side": "bid", "price": 0.79, "size": 73.0}, {"op": "set", "side": "bid", "price": 0.83, "size": 46.0}, {"op": "set", "side": "ask", "price": 0.14, "size": 996.0}, {"op": "set", "side": "ask", "price": 0.16, "size": 14.0}]}
{"t": 1776976392.10567, "events": [{"op": "delete", "side": "ask", "price": 0.16}, {"op": "set", "side": "ask", "price": 0.13, "size": 37.0}]}
{"t": 1776976393.108543, "events": [{"op": "delete", "side": "bid", "price": 0.82}, {"op": "delete", "side": "bid", "price": 0.81}, {"op": "set", "side": "bid", "price": 0.8, "size": 72.0}, {"op": "delete", "side": "bid", "price": 0.79}, {"op": "delete", "side": "bid", "price": 0.74}, {"op": "set", "side": "ask", "price": 0.12, "size": 394.0}, {"op": "delete", "side": "ask", "price": 0.14}, {"op": "set", "side": "ask", "price": 0.15, "size": 1.0}]}
{"t": 1776976394.119156, "events": [{"op": "set", "side": "ask", "price": 0.14, "size": 19.0}]}
{"t": 1776976395.125777, "events": [{"op": "set", "side": "bid", "price": 0.83, "size": 118.0}, {"op": "set", "side": "bid", "price": 0.51, "size": 69.0}, {"op": "set", "side": "bid", "price": 0.56, "size": 46.0}, {"op": "set", "side": "bid", "price": 0.84, "size": 992.0}, {"op": "set", "side": "ask", "price": 0.12, "size": 1089.0}, {"op": "set", "side": "ask", "price": 0.13, "size": 7.0}]}
{"t": 1776976396.130979, "events": [{"op": "set", "side": "bid", "price": 0.84, "size": 1017.0}, {"op": "set", "side": "ask", "price": 0.13, "size": 56.0}, {"op": "delete", "side": "ask", "price": 0.14}]}
{"t": 1776976397.139294, "events": [{"op": "set", "side": "ask", "price": 0.13, "size": 37.0}, {"op": "set", "side": "ask", "price": 0.14, "size": 14.0}]}
{"t": 1776976400.151349, "events": [{"op": "set", "side": "bid", "price": 0.44, "size": 10.0}, {"op": "set", "side": "ask", "price": 0.13, "size": 52.0}]}
{"t": 1776976415.243485, "events": [{"op": "set", "side": "bid", "price": 0.84, "size": 115.0}, {"op": "set", "side": "bid", "price": 0.83, "size": 92.0}, {"op": "set", "side": "bid", "price": 0.8, "size": 51.0}, {"op": "set", "side": "bid", "price": 0.51, "size": 62.0}, {"op": "set", "side": "ask", "price": 0.11, "size": 1000.0}]}
{"t": 1776976416.25911, "events": [{"op": "set", "side": "bid", "price": 0.84, "size": 90.0}, {"op": "set", "side": "bid", "price": 0.56, "size": 24.0}, {"op": "set", "side": "bid", "price": 0.51, "size": 15.0}, {"op": "set", "side": "bid", "price": 0.44, "size": 54.0}, {"op": "set", "side": "bid", "price": 0.81, "size": 26.0}, {"op": "set", "side": "ask", "price": 0.12, "size": 593.0}, {"op": "set", "side": "ask", "price": 0.13, "size": 998.0}, {"op": "set", "side": "ask", "price": 0.14, "size": 54.0}]}
{"t": 1776976417.278729, "events": [{"op": "set", "side": "ask", "price": 0.14, "size": 40.0}]}
{"t": 1776976420.296268, "events": [{"op": "delete", "side": "bid", "price": 0.81}]}
{"t": 1776976421.30323, "events": [{"op": "set", "side": "bid", "price": 0.81, "size": 26.0}]}
{"t": 1776976423.3098712, "events": [{"op": "set", "side": "bid", "price": 0.84, "size": 661.0}, {"op": "set", "side": "bid", "price": 0.83, "size": 358.0}, {"op": "set", "side": "bid", "price": 0.81, "size": 81.0}, {"op": "set", "side": "bid", "price": 0.8, "size": 40.0}, {"op": "set", "side": "bid", "price": 0.56, "size": 19.0}, {"op": "delete", "side": "bid", "price": 0.51}, {"op": "set", "side": "ask", "price": 0.13, "size": 514.0}, {"op": "set", "side": "ask", "price": 0.14, "size": 36.0}]}
{"t": 1776976424.32556, "events": [{"op": "set", "side": "ask", "price": 0.13, "size": 546.0}, {"op": "set", "side": "ask", "price": 0.14, "size": 3.0}]}
{"t": 1776976425.340163, "events": [{"op": "delete", "side": "bid", "price": 0.84}, {"op": "delete", "side": "bid", "price": 0.83}, {"op": "delete", "side": "bid", "price": 0.81}, {"op": "set", "side": "bid", "price": 0.8, "size": 5.0}, {"op": "set", "side": "bid", "price": 0.56, "size": 1.0}, {"op": "delete", "side": "bid", "price": 0.43}, {"op": "set", "side": "bid", "price": 0.63, "size": 32.0}, {"op": "set", "side": "bid", "price": 0.02, "size": 51.0}, {"op": "set", "side": "bid", "price": 0.64, "size": 23.0}, {"op": "set", "side": "ask", "price": 0.12, "size": 95.0}, {"op": "set", "side": "ask", "price": 0.13, "size": 47.0}, {"op": "delete", "side": "ask", "price": 0.14}]}
{"t": 1776976427.360094, "events": [{"op": "set", "side": "bid", "price": 0.8, "size": 14.0}, {"op": "set", "side": "bid", "price": 0.64, "size": 29.0}, {"op": "set", "side": "bid", "price": 0.63, "size": 36.0}, {"op": "set", "side": "bid", "price": 0.76, "size": 29.67}, {"op": "set", "side": "bid", "price": 0.81, "size": 310.0}, {"op": "set", "side": "bid", "price": 0.82, "size": 662.0}, {"op": "set", "side": "ask", "price": 0.11, "size": 1498.0}, {"op": "set", "side": "ask", "price": 0.12, "size": 594.0}, {"op": "set", "side": "ask", "price": 0.13, "size": 1044.0}, {"op": "set", "side": "ask", "price": 0.15, "size": 8.0}]}
{"t": 1776976428.364198, "events": [{"op": "delete", "side": "bid", "price": 0.76}, {"op": "set", "side": "bid", "price": 0.64, "size": 6.0}, {"op": "set", "side": "bid", "price": 0.83, "size": 23.0}]}
{"t": 1776976430.376935, "events": [{"op": "delete", "side": "bid", "price": 0.82}, {"op": "delete", "side": "bid", "price": 0.81}, {"op": "delete", "side": "bid", "price": 0.64}, {"op": "set", "side": "bid", "price": 0.63, "size": 4.0}, {"op": "set", "side": "ask", "price": 0.11, "size": 1000.0}, {"op": "set", "side": "ask", "price": 0.15, "size": 1.0}]}
{"t": 1776976431.391558, "events": [{"op": "set", "side": "bid", "price": 0.83, "size": 50.0}, {"op": "set", "side": "bid", "price": 0.8, "size": 37.0}, {"op": "set", "side": "bid", "price": 0.63, "size": 22.0}, {"op": "set", "side": "bid", "price": 0.56, "size": 12.0}, {"op": "set", "side": "bid", "price": 0.84, "size": 992.0}, {"op": "set", "side": "bid", "price": 0.75, "size": 29.67}, {"op": "set", "side": "bid", "price": 0.81, "size": 49.0}, {"op": "set", "side": "ask", "price": 0.12, "size": 1090.0}, {"op": "set", "side": "ask", "price": 0.13, "size": 52.0}, {"op": "set", "side": "ask", "price": 0.14, "size": 19.0}]}
{"t": 1776976432.401032, "events": [{"op": "set", "side": "ask", "price": 0.12, "size": 1123.0}, {"op": "set", "side": "ask", "price": 0.13, "size": 20.0}, {"op": "set", "side": "ask", "price": 0.14, "size": 14.0}]}
