{"t": 1776975878.59487, "events": [{"op": "set", "side": "bid", "price": 0.63, "size": 4012.0}]}
{"t": 1776975882.637974, "events": [{"op": "set", "side": "bid", "price": 0.63, "size": 5012.0}]}
{"t": 1776975940.061205, "events": [{"op": "set", "side": "bid", "price": 0.63, "size": 4012.0}]}
{"t": 1776975943.110956, "events": [{"op": "set", "side": "bid", "price": 0.63, "size": 5012.0}]}
{"t": 1776975951.2976189, "events": [{"op": "set", "side": "bid", "price": 0.63, "size": 4012.0}]}
{"t": 1776975953.32274, "events": [{"op": "set", "side": "bid", "price": 0.63, "size": 5012.0}]}
{"t": 1776976044.185159, "events": [{"op": "set", "side": "bid", "price": 0.63, "size": 4012.0}]}
{"t": 1776976048.218187, "events": [{"op": "set", "side": "bid", "price": 0.63, "size": 5012.0}]}
{"t": 1776976058.306615, "events": [{"op": "set", "side": "bid", "price": 0.63, "size": 4012.0}]}
{"t": 1776976061.337662, "events": [{"op": "set", "side": "bid", "price": 0.63, "size": 5012.0}]}
{"t": 1776976085.548361, "events": [{"op": "set", "side": "bid", "price": 0.63, "size": 4012.0}]}
{"t": 1776976089.58958, "events": [{"op": "set", "side": "bid", "price": 0.63, "size": 5012.0}]}
{"t": 1776976135.934583, "events": [{"op": "set", "side": "bid", "price": 0.63, "size": 4012.0}]}
{"t": 1776976139.976351, "events": [{"op": "set", "side": "bid", "price": 0.63, "size": 5012.0}]}
{"t": 1776976152.035327, "events": [{"op": "set", "side": "bid", "price": 0.63, "size": 4012.0}]}
{"t": 1776976154.063997, "events": [{"op": "set", "side": "bid", "price": 0.63, "size": 5012.0}]}
{"t": 1776976204.476952, "events": [{"op": "set", "side": "bid", "price": 0.63, "size": 4012.0}]}
{"t": 1776976207.508864, "events": [{"op": "set", "side": "bid", "price": 0.63, "size": 5012.0}]}
{"t": 1776976285.139929, "events": [{"op": "set", "side": "bid", "price": 0.63, "size": 4012.0}]}
{"t": 1776976287.161626, "events": [{"op": "set", "side": "bid", "price": 0.63, "size": 5012.0}]}
{"t": 1776976301.276474, "events": [{"op": "set", "side": "bid", "price": 0.63, "size": 4012.0}]}
{"t": 1776976304.313708, "events": [{"op": "set", "side": "bid", "price": 0.63, "size": 5012.0}]}
{"t": 1776976340.6580539, "events": [{"op": "set", "side": "bid", "price": 0.63, "size": 4012.0}]}
{"t": 1776976343.692986, "events": [{"op": "set", "side": "bid", "price": 0.63, "size": 5012.0}]}
{"t": 1776976344.703347, "events": [{"op": "set", "side": "bid", "price": 0.63, "size": 4012.0}]}
{"t": 1776976349.756854, "events": [{"op": "set", "side": "bid", "price": 0.63, "size": 5012.0}]}
{"t": 1776976351.775647, "events": [{"op": "set", "side": "bid", "price": 0.63, "size": 4012.0}]}
{"t": 1776976356.839608, "events": [{"op": "set", "side": "bid", "price": 0.63, "size": 5012.0}]}
{"t": 1776976425.340163, "events": [{"op": "set", "side": "bid", "price": 0.63, "size": 4012.0}]}
{"t": 1776976428.364198, "events": [{"op": "set", "side": "bid", "price": 0.63, "size": 5012.0}]}
{"t": 1776976465.66493, "events": [{"op": "set", "side": "bid", "price": 0.63, "size": 4012.0}]}
{"t": 1776976468.700096, "events": [{"op": "set", "side": "bid", "price": 0.63, "size": 5012.0}]}
{"t": 1776976477.761339, "events": [{"op": "set", "side": "bid", "price": 0.63, "size": 4012.0}]}
{"t": 1776976481.809105, "events": [{"op": "set", "side": "bid", "price": 0.63, "size": 5012.0}]}
{"t": 1776976513.0576482, "events": [{"op": "set", "side": "bid", "price": 0.63, "size": 5038.0}]}
{"t": 1776976536.203557, "events": [{"op": "set", "side": "bid", "price": 0.63, "size": 4038.0}]}
{"t": 1776976538.221212, "events": [{"op": "set", "side": "bid", "price": 0.63, "size": 5038.0}]}
{"t": 1776976569.49947, "events": [{"op": "set", "side": "bid", "price": 0.63, "size": 4038.0}]}
{"t": 1776976571.5276349, "events": [{"op": "set", "side": "bid", "price": 0.63, "size": 5038.0}]}
{"t": 1776976627.946018, "events": [{"op": "set", "side": "bid", "price": 0.63, "size": 4038.0}]}
{"t": 1776976631.9891021, "events": [{"op": "set", "side": "bid", "price": 0.63, "size": 5038.0}]}
{"t": 1776976694.6291242, "events": [{"op": "set", "side": "bid", "price": 0.63, "size": 4038.0}]}
{"t": 1776976697.8306718, "events": [{"op": "set", "side": "bid", "price": 0.63, "size": 5038.0}]}
{"t": 1776976798.966105, "events": [{"op": "set", "side": "bid", "price": 0.63, "size": 4038.0}]}
{"t": 1776976802.004491, "events": [{"op": "set", "side": "bid", "price": 0.63, "size": 5038.0}]}
{"t": 1776976823.281095, "events": [{"op": "set", "side": "bid", "price": 0.63, "size": 4038.0}]}
{"t": 1776976826.322222, "events": [{"op": "set", "side": "bid", "price": 0.63, "size": 5038.0}]}
{"t": 1776976873.730138, "events": [{"op": "set", "side": "bid", "price": 0.63, "size": 4038.0}]}
{"t": 1776976876.771445, "events": [{"op": "set", "side": "bid", "price": 0.63, "size": 5038.0}]}
{"t": 1776976978.030357, "events": [{"op": "set", "side": "ask", "price": 0.01, "size": 9.0}]}
{"t": 1776976980.067904, "events": [{"op": "set", "side": "ask", "price": 0.01, "size": 29.0}]}
{"t": 1776977027.54447, "events": [{"op": "set", "side": "bid", "price": 0.63, "size": 4038.0}, {"op": "set", "side": "ask", "price": 0.01, "size": 9.0}]}
{"t": 1776977032.5981371, "events": [{"op": "set", "side": "bid", "price": 0.63, "size": 5038.0}, {"op": "set", "side": "ask", "price": 0.01, "size": 29.0}]}
{"t": 1776977130.577865, "events": [{"op": "set", "side": "bid", "price": 0.63, "size": 4038.0}, {"op": "set", "side": "ask", "price": 0.01, "size": 9.0}]}
{"t": 1776977148.780285, "events": [{"op": "delete", "side": "bid", "price": 0.79}, {"op": "delete", "side": "bid", "price": 0.59}]}
{"t": 1776977149.7882612, "events": [{"op": "set", "side": "bid", "price": 0.94, "size": 98.0}, {"op": "set", "side": "bid", "price": 0.89, "size": 20.0}, {"op": "set", "side": "ask", "price": 0.01, "size": 29.0}]}
{"t": 1776977162.883772, "events": [{"op": "delete", "side": "bid", "price": 0.94}, {"op": "delete", "side": "bid", "price": 0.89}]}
{"t": 1776977163.902998, "events": [{"op": "set", "side": "bid", "price": 0.95, "size": 5098.0}, {"op": "set", "side": "bid", "price": 0.91, "size": 20.0}]}
{"t": 1776977221.430687, "events": [{"op": "set", "side": "bid", "price": 0.95, "size": 5000.0}, {"op": "set", "side": "bid", "price": 0.94, "size": 98.0}, {"op": "delete", "side": "ask", "price": 0.01}]}
{"t":1776978859.757362,"e":[[1,0,0.63,4655.0],[1,0,0.64,883.0]]}
{"t":1776978869.856717,"e":[[0,0,0.64],[1,0,0.63,4038.0]]}
{"t":1776978873.903151,"e":[[1,0,0.63,4655.0],[1,0,0.64,883.0]]}
{"t":1776978909.223537,"e":[[0,0,0.64],[1,0,0.63,4038.0]]}
{"t":1776978914.3329191,"e":[[1,0,0.63,4655.0],[1,0,0.64,883.0]]}
{"t":1776978933.487251,"e":[[0,0,0.64],[1,0,0.63,4038.0]]}
{"t":1776978934.500247,"e":[[1,0,0.63,4655.0],[1,0,0.64,883.0]]}
{"t":1776978979.146398,"e":[[0,0,0.64],[1,0,0.63,4038.0]]}
{"t":1776978983.1908631,"e":[[1,0,0.63,4655.0],[1,0,0.64,883.0]]}
{"t":1776979006.375099,"e":[[0,0,0.64],[1,0,0.63,4038.0]]}
{"t":1776979010.423535,"e":[[1,0,0.63,4655.0],[1,0,0.64,883.0]]}
{"t":1776979021.503144,"e":[[0,0,0.64],[1,0,0.63,4038.0]]}
{"t":1776979024.5338361,"e":[[1,0,0.63,4655.0],[1,0,0.64,883.0]]}
{"t":1776979081.134896,"e":[[0,0,0.64],[1,0,0.63,4038.0]]}
{"t":1776979085.186368,"e":[[1,0,0.63,4655.0],[1,0,0.64,883.0]]}
{"t":1776979102.3232388,"e":[[0,0,0.64],[1,0,0.63,4038.0]]}
{"t":1776979106.3717089,"e":[[1,0,0.63,4655.0],[1,0,0.64,883.0]]}
{"t":1776979111.404879,"e":[[0,0,0.64],[1,0,0.63,4038.0]]}
{"t":1776979114.437589,"e":[[1,0,0.63,4655.0],[1,0,0.64,883.0]]}
{"t":1776979130.556236,"e":[[0,0,0.64],[1,0,0.63,4038.0]]}
{"t":1776979132.568574,"e":[[1,0,0.63,4655.0],[1,0,0.64,883.0]]}
{"t":1776979135.5978959,"e":[[0,0,0.64],[1,0,0.63,4038.0]]}
{"t":1776979138.624363,"e":[[1,0,0.63,4655.0],[1,0,0.64,883.0]]}
{"t":1776979162.765724,"e":[[0,0,0.64],[1,0,0.63,4038.0]]}
{"t":1776979165.8170938,"e":[[1,0,0.63,4655.0],[1,0,0.64,883.0]]}
{"t":1776979208.261129,"e":[[0,0,0.64],[1,0,0.63,4038.0]]}
{"t":1776979210.3045912,"e":[[1,0,0.63,4655.0],[1,0,0.64,883.0]]}
{"t":1776979250.753281,"e":[[0,0,0.64],[1,0,0.63,4038.0]]}
{"t":1776979252.8169029,"e":[[1,0,0.63,4039.0],[1,0,0.62,223.0],[1,0,0.64,750.0]]}
{"t":1776979255.8658319,"e":[[1,0,0.62,222.0]]}
{"t":1776979256.887512,"e":[[1,0,0.64,883.0],[1,0,0.63,4655.0]]}
{"t":1776979286.150522,"e":[[0,0,0.64],[1,0,0.63,4038.0]]}
{"t":1776979288.1660001,"e":[[1,0,0.63,4655.0],[1,0,0.64,883.0]]}
{"t":1776979322.47595,"e":[[0,0,0.64],[1,0,0.63,4038.0]]}
{"t":1776979327.535894,"e":[[1,0,0.63,4655.0],[1,0,0.64,883.0]]}
{"t":1776979357.799739,"e":[[0,0,0.64],[1,0,0.63,4038.0]]}
{"t":1776979358.815964,"e":[[1,0,0.63,4655.0],[1,0,0.64,883.0]]}
{"t":1776979373.992595,"e":[[0,0,0.64],[1,0,0.63,4038.0]]}
{"t":1776979378.053979,"e":[[1,0,0.63,4655.0],[1,0,0.64,883.0]]}
{"t":1776979393.279681,"e":[[0,0,0.64],[1,0,0.63,4038.0]]}
{"t":1776979397.3262699,"e":[[1,0,0.63,4655.0],[1,0,0.64,883.0]]}
{"t":1776979404.426751,"e":[[0,0,0.64],[1,0,0.63,4038.0]]}
{"t":1776979406.462188,"e":[[1,0,0.63,4655.0],[1,0,0.64,883.0]]}
{"t":1776979421.670975,"e":[[0,0,0.64],[1,0,0.63,4038.0]]}
{"t":1776979424.820554,"e":[[1,0,0.63,4655.0],[1,0,0.64,883.0]]}
{"t":1776979440.0022578,"e":[[0,0,0.64],[1,0,0.63,4038.0]]}
{"t":1776979443.037045,"e":[[1,0,0.63,4655.0],[1,0,0.64,883.0]]}
{"t":1776979499.5889611,"e":[[0,0,0.64],[1,0,0.63,4038.0]]}
{"t":1776979502.631507,"e":[[1,0,0.63,4655.0],[1,0,0.64,883.0]]}
{"t":1776979636.021319,"e":[[0,0,0.64],[1,0,0.63,4038.0]]}
{"t":1776979638.0686421,"e":[[1,0,0.63,4655.0],[1,0,0.64,883.0]]}
{"t":1776979641.110275,"e":[[0,0,0.64],[1,0,0.63,4038.0]]}
{"t":1776979645.163307,"e":[[1,0,0.63,4655.0],[1,0,0.64,883.0]]}
{"t":1776979673.505915,"e":[[0,0,0.64],[1,0,0.63,4038.0]]}
{"t":1776979677.5577102,"e":[[1,0,0.63,4655.0],[1,0,0.64,883.0]]}
{"t":1776979714.936487,"e":[[0,0,0.64],[1,0,0.63,4038.0]]}
{"t":1776979717.9742022,"e":[[1,0,0.63,4655.0],[1,0,0.64,883.0]]}
{"t":1776979736.216362,"e":[[0,0,0.64],[1,0,0.63,4038.0]]}
{"t":1776979738.25713,"e":[[1,0,0.63,4655.0],[1,0,0.64,883.0]]}
{"t":1776979820.0560918,"e":[[0,0,0.64],[1,0,0.63,4038.0]]}
{"t":1776979826.137264,"e":[[1,0,0.63,4655.0],[1,0,0.64,883.0]]}
{"t":1776979832.244597,"e":[[0,0,0.64],[1,0,0.63,4038.0]]}
{"t":1776979835.291805,"e":[[1,0,0.63,4655.0],[1,0,0.64,883.0]]}
{"t":1776979866.614618,"e":[[0,0,0.64],[1,0,0.63,4038.0]]}
{"t":1776979870.6450438,"e":[[1,0,0.63,4655.0],[1,0,0.64,883.0]]}
{"t":1776979948.596159,"e":[[0,0,0.64],[1,0,0.63,4038.0]]}
{"t":1776979951.6405408,"e":[[1,0,0.63,4655.0],[1,0,0.64,883.0]]}
{"t":1776980002.208147,"e":[[0,0,0.64],[1,0,0.63,4038.0]]}
{"t":1776980005.253522,"e":[[1,0,0.64,883.0]]}
{"t":1776980006.266819,"e":[[1,0,0.63,4655.0]]}
{"t":1776980009.302658,"e":[[1,0,0.98,568.21]]}
{"t":1776980031.561755,"e":[[0,0,0.64],[1,0,0.63,4038.0]]}
{"t":1776980035.6380742,"e":[[1,0,0.63,4655.0],[1,0,0.64,883.0]]}
{"t":1776980146.873128,"e":[[0,0,0.94],[0,0,0.91]]}
{"t":1776980147.882455,"e":[[1,0,0.98,666.21],[1,0,0.96,7588.0]]}
{"t":1776980216.500921,"e":[[0,0,0.64],[1,0,0.63,4038.0]]}
{"t":1776980220.563881,"e":[[1,0,0.63,4655.0],[1,0,0.64,883.0]]}
{"t":1776980339.870958,"e":[[0,0,0.64],[1,0,0.63,4038.0]]}
{"t":1776980347.9774709,"e":[[1,0,0.63,4655.0],[1,0,0.64,883.0]]}
{"t":1776980359.084876,"e":[[0,0,0.64],[1,0,0.63,4038.0]]}
{"t":1776980363.136044,"e":[[1,0,0.63,4655.0],[1,0,0.64,883.0]]}
{"t":1776980428.823528,"e":[[0,0,0.64],[1,0,0.63,4038.0]]}
{"t":1776980431.865155,"e":[[1,0,0.63,4655.0],[1,0,0.64,883.0]]}
{"t":1776980438.9541829,"e":[[0,0,0.64],[1,0,0.63,4038.0]]}
{"t":1776980441.991785,"e":[[1,0,0.63,4655.0],[1,0,0.64,883.0]]}
{"t":1776980444.031349,"e":[[1,0,0.98,642.82]]}
{"t":1776980488.560389,"e":[[0,0,0.64],[1,0,0.63,4038.0]]}
{"t":1776980490.596148,"e":[[1,0,0.63,4655.0],[1,0,0.64,883.0]]}
{"t":1776980524.08113,"e":[[0,0,0.64],[1,0,0.63,4038.0]]}
{"t":1776980526.116436,"e":[[1,0,0.63,4039.0],[1,0,0.62,223.0],[1,0,0.64,750.0]]}
{"t":1776980528.159174,"e":[[1,0,0.62,222.0]]}
{"t":1776980530.192708,"e":[[1,0,0.64,883.0],[1,0,0.63,4655.0]]}
{"t":1776980562.5381172,"e":[[0,0,0.64],[1,0,0.63,4038.0]]}
{"t":1776980566.604689,"e":[[1,0,0.63,4655.0],[1,0,0.64,883.0]]}
{"t":1776980577.735656,"e":[[0,0,0.64],[1,0,0.63,4038.0]]}
{"t":1776980578.763276,"e":[[1,0,0.63,4655.0],[1,0,0.64,883.0]]}
{"t":1776980589.9223082,"e":[[0,0,0.64],[1,0,0.63,4038.0]]}
{"t":1776980592.981667,"e":[[1,0,0.63,4655.0],[1,0,0.64,883.0]]}
{"t":1776980758.610584,"e":[[0,0,0.64],[1,0,0.63,4038.0]]}
{"t":1776980762.6692328,"e":[[1,0,0.63,4655.0],[1,0,0.64,883.0]]}
{"t":1776980842.4296498,"e":[[0,0,0.64],[1,0,0.63,4038.0]]}
{"t":1776980845.4702349,"e":[[1,0,0.63,4655.0],[1,0,0.64,883.0]]}
{"t":1776980929.387115,"e":[[0,0,0.64],[1,0,0.63,4038.0]]}
{"t":1776980932.421974,"e":[[1,0,0.63,4655.0],[1,0,0.64,883.0]]}
{"t":1776980942.557023,"e":[[0,0,0.64],[1,0,0.63,4038.0]]}
{"t":1776980946.62488,"e":[[1,0,0.63,4655.0],[1,0,0.64,883.0]]}
{"t":1776980957.745952,"e":[[0,0,0.64],[1,0,0.63,4038.0]]}
{"t":1776980960.798671,"e":[[1,0,0.63,4655.0],[1,0,0.64,883.0]]}
{"t":1776980976.982363,"e":[[0,0,0.64],[1,0,0.63,4038.0]]}
{"t":1776980981.055403,"e":[[1,0,0.63,4655.0],[1,0,0.64,883.0]]}
{"t":1776980995.2883961,"e":[[0,0,0.64],[1,0,0.63,4038.0]]}
{"t":1776980999.340385,"e":[[1,0,0.63,4655.0],[1,0,0.64,883.0]]}
{"t":1776981008.444097,"e":[[0,0,0.64],[1,0,0.63,4038.0]]}
{"t":1776981011.484992,"e":[[1,0,0.63,4655.0],[1,0,0.64,883.0]]}
{"t":1776981018.585931,"e":[[0,0,0.64],[1,0,0.63,4038.0]]}
{"t":1776981021.6490638,"e":[[1,0,0.63,4655.0],[1,0,0.64,883.0]]}
{"t":1776981039.859245,"e":[[0,0,0.64],[1,0,0.63,4038.0]]}
{"t":1776981043.911885,"e":[[1,0,0.63,4655.0],[1,0,0.64,883.0]]}
{"t":1776981072.162536,"e":[[0,0,0.64],[1,0,0.63,4038.0]]}
{"t":1776981075.2181,"e":[[1,0,0.63,4655.0],[1,0,0.64,883.0]]}
{"t":1776981087.326062,"e":[[0,0,0.64],[1,0,0.63,4038.0]]}
{"t":1776981088.35586,"e":[[1,0,0.63,4655.0],[1,0,0.64,883.0]]}
{"t":1776981100.51648,"e":[[0,0,0.64],[1,0,0.63,4038.0]]}
{"t":1776981103.559409,"e":[[1,0,0.63,4655.0],[1,0,0.64,883.0]]}
{"t":1776981193.665442,"e":[[0,0,0.64],[1,0,0.63,4038.0]]}
{"t":1776981196.725966,"e":[[1,0,0.63,4655.0],[1,0,0.64,883.0]]}
{"t":1776981206.826984,"e":[[0,0,0.64],[1,0,0.63,4038.0]]}
{"t":1776981209.856044,"e":[[1,0,0.63,4655.0],[1,0,0.64,883.0]]}
{"t":1776981249.287044,"e":[[0,0,0.64],[1,0,0.63,4038.0]]}
{"t":1776981253.340408,"e":[[1,0,0.63,4655.0],[1,0,0.64,883.0]]}
{"t":1776981263.4313338,"e":[[0,0,0.64],[1,0,0.63,4038.0]]}
{"t":1776981266.4803982,"e":[[1,0,0.63,4655.0],[1,0,0.64,883.0]]}
{"t":1776981297.8282409,"e":[[0,0,0.64],[1,0,0.63,4038.0]]}
{"t":1776981303.909328,"e":[[1,0,0.63,4010.0]]}
{"t":1776981600.633235,"e":[[0,0,0.62],[0,0,0.01]]}
{"t":1776981630.923142,"e":[[1,0,0.98,517.8200000000002]]}
{"t":1776981660.136875,"e":[[1,0,0.96,7549.0]]}
{"t":1776982837.9439669,"e":[[1,0,0.96,7500.0]]}
{"t":1776982849.0051289,"e":[[1,0,0.98,419.82000000000016]]}
{"t":1776984529.9166489,"e":[[1,0,0.98,517.8200000000002],[1,0,0.96,7588.0]]}
{"t":1776984600.5990279,"e":[[1,0,0.98,191.51000000000016]]}
{"t":1776985743.7749188,"e":[[1,0,0.98,93.51000000000016],[1,0,0.96,7500.0]]}
{"t":1776986079.7892532,"e":[[0,0,0.63],[1,0,0.61,4133.0]]}
{"t":1776986081.824235,"e":[[1,0,0.98,5648.51]]}
{"t":1776986313.663645,"e":[[1,0,0.61,4383.0]]}
{"t":1776986363.351876,"e":[[1,0,0.61,4133.0]]}
{"t":1776986365.405177,"e":[[1,0,0.61,4383.0]]}
{"t":1776986383.65274,"e":[[1,0,0.61,4133.0]]}
{"t":1776986384.680605,"e":[[1,0,0.61,4383.0]]}
{"t":1776986397.8622699,"e":[[1,0,0.61,4133.0]]}
{"t":1776986401.9132118,"e":[[1,0,0.61,4383.0]]}
{"t":1776986419.158252,"e":[[1,0,0.61,4133.0]]}
{"t":1776986421.196193,"e":[[1,0,0.61,4383.0]]}
{"t":1776986437.380849,"e":[[1,0,0.61,4133.0]]}
{"t":1776986439.423061,"e":[[1,0,0.61,4383.0]]}
{"t":1776986469.807368,"e":[[1,0,0.61,4133.0]]}
{"t":1776986472.854091,"e":[[1,0,0.61,4383.0]]}
{"t":1776986494.109504,"e":[[1,0,0.61,4133.0]]}
{"t":1776986496.1457589,"e":[[1,0,0.61,4383.0]]}
{"t":1776986534.6683981,"e":[[1,0,0.61,4133.0]]}
{"t":1776986537.7171562,"e":[[1,0,0.61,4383.0]]}
{"t":1776986573.241257,"e":[[1,0,0.61,4133.0]]}
{"t":1776986575.279156,"e":[[1,0,0.61,4383.0]]}
{"t":1776986579.318312,"e":[[1,0,0.61,4133.0]]}
{"t":1776986581.3651452,"e":[[1,0,0.61,4383.0]]}
{"t":1776986659.255121,"e":[[1,0,0.61,4133.0]]}
{"t":1776986661.2968,"e":[[1,0,0.61,4383.0]]}
{"t":1776986680.548555,"e":[[1,0,0.61,4133.0]]}
{"t":1776986683.588853,"e":[[1,0,0.61,4383.0]]}
{"t":1776986705.846477,"e":[[1,0,0.61,4133.0]]}
{"t":1776986708.8906822,"e":[[1,0,0.61,4383.0]]}
{"t":1776986729.172899,"e":[[1,0,0.61,4133.0]]}
{"t":1776986733.2222269,"e":[[1,0,0.61,4383.0]]}
{"t":1776986832.4536839,"e":[[1,0,0.61,4133.0]]}
{"t":1776986837.5276139,"e":[[1,0,0.61,4383.0]]}
{"t":1776986869.923723,"e":[[1,0,0.61,4133.0]]}
{"t":1776986872.010302,"e":[[1,0,0.61,4383.0]]}
{"t":1776986886.168145,"e":[[1,0,0.61,4133.0]]}
{"t":1776986889.2194529,"e":[[1,0,0.61,4383.0]]}
{"t":1776986915.520103,"e":[[1,0,0.61,4133.0]]}
{"t":1776986920.597632,"e":[[1,0,0.61,4383.0]]}
{"t":1776986942.903061,"e":[[1,0,0.61,4133.0]]}
{"t":1776986946.9656582,"e":[[1,0,0.61,4383.0]]}
{"t":1776986947.983878,"e":[[1,0,0.61,4133.0]]}
{"t":1776986952.033379,"e":[[1,0,0.61,4383.0]]}
{"t":1776986964.188865,"e":[[1,0,0.61,4133.0]]}
{"t":1776986967.225376,"e":[[1,0,0.61,4383.0]]}
{"t":1776986970.258007,"e":[[1,0,0.61,4133.0]]}
{"t":1776986971.275799,"e":[[1,0,0.61,4383.0]]}
{"t":1776986979.398657,"e":[[1,0,0.61,4133.0]]}
{"t":1776986982.427562,"e":[[1,0,0.61,4383.0]]}
{"t":1776986996.63327,"e":[[1,0,0.61,4133.0]]}
{"t":1776986997.66156,"e":[[1,0,0.61,4383.0]]}
{"t":1776987078.725309,"e":[[0,0,0.97]]}
{"t":1776987079.743087,"e":[[1,0,0.61,4133.0]]}
{"t":1776987080.771084,"e":[[1,0,0.61,4383.0]]}
{"t":1776987127.571431,"e":[[1,0,0.61,4133.0]]}
{"t":1776987129.617493,"e":[[1,0,0.61,4383.0]]}
{"t":1776987131.655811,"e":[[1,0,0.61,4133.0]]}
{"t":1776987135.711443,"e":[[1,0,0.61,4383.0]]}
{"t":1776987144.8593578,"e":[[1,0,0.61,4133.0]]}
{"t":1776987145.884255,"e":[[1,0,0.61,4383.0]]}
{"t":1776987208.6758132,"e":[[1,0,0.61,4133.0]]}
{"t":1776987211.718431,"e":[[1,0,0.61,4383.0]]}
{"t":1776987268.385867,"e":[[1,0,0.61,4133.0]]}
{"t":1776987271.432161,"e":[[1,0,0.61,4383.0]]}
{"t":1776987307.884866,"e":[[1,0,0.61,4133.0]]}
{"t":1776987309.920022,"e":[[1,0,0.61,4383.0]]}
{"t":1776987317.0173628,"e":[[1,0,0.61,4133.0]]}
{"t":1776987318.03879,"e":[[1,0,0.61,4383.0]]}
{"t":1776987362.556312,"e":[[1,0,0.61,4133.0]]}
{"t":1776987366.622816,"e":[[1,0,0.61,4383.0]]}
{"t":1776987388.8948748,"e":[[1,0,0.61,4133.0]]}
{"t":1776987392.957681,"e":[[1,0,0.61,4383.0]]}
{"t":1776987410.173267,"e":[[1,0,0.61,4133.0]]}
{"t":1776987411.193162,"e":[[1,0,0.61,4383.0]]}
{"t":1776987480.037149,"e":[[1,0,0.61,4133.0]]}
{"t":1776987484.123154,"e":[[1,0,0.61,4383.0]]}
{"t":1776987509.499563,"e":[[1,0,0.61,4133.0]]}
{"t":1776987512.555327,"e":[[1,0,0.61,4383.0]]}
{"t":1776987531.878761,"e":[[1,0,0.61,4133.0]]}
{"t":1776987532.89665,"e":[[1,0,0.61,4383.0]]}
{"t":1776987546.0651488,"e":[[1,0,0.61,4133.0]]}
{"t":1776987548.090229,"e":[[1,0,0.61,4383.0]]}
{"t":1776987565.324453,"e":[[1,0,0.61,4133.0]]}
{"t":1776987568.358059,"e":[[1,0,0.61,4383.0]]}
{"t":1776987570.385914,"e":[[1,0,0.61,4133.0]]}
{"t":1776987571.411482,"e":[[1,0,0.61,4383.0]]}
{"t":1776987577.4838452,"e":[[1,0,0.61,4133.0]]}
{"t":1776987580.526141,"e":[[1,0,0.61,4383.0]]}
{"t":1776987586.6072462,"e":[[1,0,0.61,4133.0]]}
{"t":1776987587.619329,"e":[[1,0,0.61,4383.0]]}
{"t":1776987593.725282,"e":[[1,0,0.61,4133.0]]}
{"t":1776987594.758166,"e":[[1,0,0.61,4383.0]]}
{"t":1776987620.079356,"e":[[1,0,0.61,4133.0]]}
{"t":1776987622.1203682,"e":[[1,0,0.61,4383.0]]}
{"t":1776987655.4332852,"e":[[1,0,0.61,4133.0]]}
{"t":1776987883.022534,"e":[[1,0,0.98,5598.51]]}
