{"t": 1776975854.366905, "events": [{"op": "set", "side": "bid", "price": 0.72, "size": 337.0}]}
{"t": 1776975855.3857431, "events": [{"op": "set", "side": "bid", "price": 0.72, "size": 24.0}, {"op": "set", "side": "bid", "price": 0.71, "size": 429.0}, {"op": "set", "side": "bid", "price": 0.7, "size": 474.0}, {"op": "set", "side": "ask", "price": 0.24, "size": 30981.07}]}
{"t": 1776975856.396708, "events": [{"op": "set", "side": "bid", "price": 0.66, "size": 341.0}, {"op": "set", "side": "ask", "price": 0.24, "size": 32200.07}]}
{"t": 1776975859.432927, "events": [{"op": "set", "side": "bid", "price": 0.71, "size": 82.0}, {"op": "set", "side": "bid", "price": 0.66, "size": 101.0}, {"op": "set", "side": "bid", "price": 0.7, "size": 154.0}, {"op": "set", "side": "ask", "price": 0.24, "size": 30981.07}]}
{"t": 1776975860.4405582, "events": [{"op": "set", "side": "bid", "price": 0.72, "size": 337.0}, {"op": "set", "side": "bid", "price": 0.71, "size": 504.0}, {"op": "set", "side": "bid", "price": 0.7, "size": 533.0}, {"op": "set", "side": "ask", "price": 0.24, "size": 32200.07}]}
{"t": 1776975866.4869819, "events": [{"op": "set", "side": "bid", "price": 0.72, "size": 24.0}, {"op": "set", "side": "bid", "price": 0.71, "size": 429.0}, {"op": "set", "side": "bid", "price": 0.66, "size": 341.0}, {"op": "set", "side": "bid", "price": 0.7, "size": 474.0}]}
{"t": 1776975868.5054138, "events": [{"op": "delete", "side": "bid", "price": 0.72}]}
{"t": 1776975869.519797, "events": [{"op": "set", "side": "bid", "price": 0.71, "size": 82.0}, {"op": "set", "side": "bid", "price": 0.66, "size": 101.0}, {"op": "set", "side": "bid", "price": 0.7, "size": 154.0}, {"op": "set", "side": "bid", "price": 0.72, "size": 24.0}, {"op": "set", "side": "ask", "price": 0.24, "size": 30981.07}]}
{"t": 1776975870.536895, "events": [{"op": "set", "side": "bid", "price": 0.72, "size": 337.0}, {"op": "set", "side": "bid", "price": 0.71, "size": 504.0}, {"op": "set", "side": "bid", "price": 0.7, "size": 533.0}, {"op": "set", "side": "ask", "price": 0.24, "size": 32200.07}]}
{"t": 1776975878.59487, "events": [{"op": "set", "side": "bid", "price": 0.72, "size": 25.0}, {"op": "set", "side": "bid", "price": 0.71, "size": 38.0}, {"op": "set", "side": "bid", "price": 0.7, "size": 104.0}, {"op": "set", "side": "ask", "price": 0.24, "size": 30200.07}]}
{"t": 1776975883.6573179, "events": [{"op": "set", "side": "bid", "price": 0.72, "size": 24.0}, {"op": "set", "side": "bid", "price": 0.71, "size": 458.0}, {"op": "set", "side": "bid", "price": 0.66, "size": 341.0}, {"op": "set", "side": "bid", "price": 0.7, "size": 482.0}, {"op": "set", "side": "ask", "price": 0.24, "size": 31200.07}]}
{"t": 1776975889.700941, "events": [{"op": "set", "side": "bid", "price": 0.72, "size": 337.0}, {"op": "set", "side": "bid", "price": 0.71, "size": 504.0}, {"op": "set", "side": "bid", "price": 0.66, "size": 101.0}, {"op": "set", "side": "bid", "price": 0.7, "size": 533.0}, {"op": "set", "side": "ask", "price": 0.24, "size": 30981.07}]}
{"t": 1776975890.720798, "events": [{"op": "set", "side": "ask", "price": 0.24, "size": 32200.07}]}
{"t": 1776975913.861079, "events": [{"op": "set", "side": "bid", "price": 0.72, "size": 24.0}, {"op": "set", "side": "bid", "price": 0.71, "size": 429.0}, {"op": "set", "side": "bid", "price": 0.7, "size": 474.0}, {"op": "set", "side": "ask", "price": 0.24, "size": 30981.07}]}
{"t": 1776975914.8911412, "events": [{"op": "set", "side": "bid", "price": 0.66, "size": 341.0}]}
{"t": 1776975915.9392462, "events": [{"op": "set", "side": "ask", "price": 0.24, "size": 32200.07}]}
{"t": 1776975916.9452019, "events": [{"op": "set", "side": "bid", "price": 0.66, "size": 101.0}, {"op": "set", "side": "ask", "price": 0.24, "size": 30981.07}]}
{"t": 1776975917.960892, "events": [{"op": "set", "side": "bid", "price": 0.72, "size": 337.0}, {"op": "set", "side": "bid", "price": 0.71, "size": 504.0}, {"op": "set", "side": "bid", "price": 0.7, "size": 533.0}, {"op": "set", "side": "ask", "price": 0.24, "size": 32200.07}]}
{"t": 1776975940.061205, "events": [{"op": "set", "side": "bid", "price": 0.72, "size": 24.0}, {"op": "set", "side": "bid", "price": 0.71, "size": 38.0}, {"op": "set", "side": "bid", "price": 0.7, "size": 104.0}, {"op": "set", "side": "ask", "price": 0.24, "size": 30200.07}]}
{"t": 1776975942.095907, "events": [{"op": "set", "side": "bid", "price": 0.71, "size": 457.0}, {"op": "set", "side": "bid", "price": 0.66, "size": 341.0}, {"op": "set", "side": "bid", "price": 0.7, "size": 481.0}, {"op": "set", "side": "ask", "price": 0.24, "size": 31200.07}]}
{"t": 1776975943.110956, "events": [{"op": "delete", "side": "bid", "price": 0.72}]}
{"t": 1776975944.1347961, "events": [{"op": "set", "side": "bid", "price": 0.72, "size": 24.0}]}
{"t": 1776975945.176098, "events": [{"op": "set", "side": "bid", "price": 0.66, "size": 101.0}]}
{"t": 1776975946.19179, "events": [{"op": "set", "side": "ask", "price": 0.24, "size": 30981.07}]}
{"t": 1776975948.2322109, "events": [{"op": "set", "side": "bid", "price": 0.72, "size": 313.0}, {"op": "set", "side": "bid", "price": 0.71, "size": 505.0}, {"op": "set", "side": "bid", "price": 0.7, "size": 534.0}, {"op": "set", "side": "ask", "price": 0.24, "size": 32200.07}]}
{"t": 1776975949.255933, "events": [{"op": "set", "side": "bid", "price": 0.73, "size": 22.0}]}
{"t": 1776975951.2976189, "events": [{"op": "set", "side": "bid", "price": 0.71, "size": 38.0}, {"op": "set", "side": "bid", "price": 0.7, "size": 104.0}, {"op": "delete", "side": "bid", "price": 0.72}, {"op": "set", "side": "ask", "price": 0.24, "size": 30200.07}]}
{"t": 1776975953.32274, "events": [{"op": "delete", "side": "bid", "price": 0.73}, {"op": "set", "side": "bid", "price": 0.72, "size": 25.0}]}
{"t": 1776975954.332581, "events": [{"op": "set", "side": "bid", "price": 0.71, "size": 456.0}, {"op": "set", "side": "bid", "price": 0.66, "size": 341.0}, {"op": "set", "side": "bid", "price": 0.7, "size": 481.0}, {"op": "set", "side": "ask", "price": 0.24, "size": 31200.07}]}
{"t": 1776975959.372451, "events": [{"op": "set", "side": "bid", "price": 0.72, "size": 338.0}, {"op": "set", "side": "bid", "price": 0.71, "size": 505.0}, {"op": "set", "side": "bid", "price": 0.66, "size": 101.0}, {"op": "set", "side": "bid", "price": 0.7, "size": 534.0}, {"op": "set", "side": "ask", "price": 0.24, "size": 32200.07}]}
{"t": 1776975963.398977, "events": [{"op": "set", "side": "bid", "price": 0.72, "size": 313.0}]}
{"t": 1776975964.407889, "events": [{"op": "set", "side": "bid", "price": 0.73, "size": 23.0}]}
{"t": 1776975971.450849, "events": [{"op": "set", "side": "bid", "price": 0.71, "size": 429.0}, {"op": "set", "side": "bid", "price": 0.7, "size": 474.0}, {"op": "delete", "side": "bid", "price": 0.72}, {"op": "set", "side": "ask", "price": 0.24, "size": 30981.07}]}
{"t": 1776975973.468818, "events": [{"op": "delete", "side": "bid", "price": 0.73}]}
{"t": 1776975974.486274, "events": [{"op": "set", "side": "bid", "price": 0.66, "size": 341.0}, {"op": "set", "side": "bid", "price": 0.72, "size": 25.0}, {"op": "set", "side": "ask", "price": 0.24, "size": 32200.07}]}
{"t": 1776975977.5051599, "events": [{"op": "set", "side": "bid", "price": 0.66, "size": 101.0}, {"op": "set", "side": "ask", "price": 0.24, "size": 30981.07}]}
{"t": 1776975978.524107, "events": [{"op": "set", "side": "bid", "price": 0.72, "size": 313.0}, {"op": "set", "side": "bid", "price": 0.71, "size": 505.0}, {"op": "set", "side": "bid", "price": 0.7, "size": 534.0}, {"op": "set", "side": "ask", "price": 0.24, "size": 32200.07}]}
{"t": 1776975979.530004, "events": [{"op": "set", "side": "bid", "price": 0.73, "size": 22.0}]}
{"t": 1776975989.593303, "events": [{"op": "set", "side": "bid", "price": 0.71, "size": 429.0}, {"op": "set", "side": "bid", "price": 0.7, "size": 474.0}, {"op": "delete", "side": "bid", "price": 0.72}, {"op": "set", "side": "bid", "price": 0.66, "size": 341.0}, {"op": "set", "side": "ask", "price": 0.24, "size": 30981.07}]}
{"t": 1776975990.615396, "events": [{"op": "set", "side": "ask", "price": 0.24, "size": 32200.07}]}
{"t": 1776975993.639185, "events": [{"op": "delete", "side": "bid", "price": 0.73}]}
{"t": 1776975994.652439, "events": [{"op": "set", "side": "bid", "price": 0.72, "size": 25.0}]}
{"t": 1776976002.718677, "events": [{"op": "set", "side": "bid", "price": 0.72, "size": 338.0}, {"op": "set", "side": "bid", "price": 0.71, "size": 506.0}, {"op": "set", "side": "bid", "price": 0.66, "size": 101.0}, {"op": "set", "side": "bid", "price": 0.7, "size": 534.0}]}
{"t": 1776976003.738184, "events": [{"op": "set", "side": "bid", "price": 0.72, "size": 313.0}, {"op": "set", "side": "bid", "price": 0.73, "size": 23.0}]}
{"t": 1776976005.821455, "events": [{"op": "set", "side": "bid", "price": 0.71, "size": 429.0}, {"op": "set", "side": "bid", "price": 0.7, "size": 474.0}, {"op": "delete", "side": "bid", "price": 0.72}, {"op": "set", "side": "bid", "price": 0.66, "size": 341.0}]}
{"t": 1776976008.8495371, "events": [{"op": "delete", "side": "bid", "price": 0.73}, {"op": "set", "side": "bid", "price": 0.72, "size": 24.0}]}
{"t": 1776976011.8745532, "events": [{"op": "set", "side": "bid", "price": 0.66, "size": 101.0}, {"op": "set", "side": "ask", "price": 0.24, "size": 30981.07}]}
{"t": 1776976012.8924701, "events": [{"op": "set", "side": "bid", "price": 0.72, "size": 337.0}, {"op": "set", "side": "bid", "price": 0.71, "size": 506.0}, {"op": "set", "side": "bid", "price": 0.7, "size": 534.0}]}
{"t": 1776976013.8963861, "events": [{"op": "set", "side": "bid", "price": 0.72, "size": 313.0}, {"op": "set", "side": "bid", "price": 0.73, "size": 23.0}, {"op": "set", "side": "ask", "price": 0.24, "size": 32200.07}]}
{"t": 1776976018.944151, "events": [{"op": "set", "side": "bid", "price": 0.73, "size": 22.0}]}
{"t": 1776976021.967751, "events": [{"op": "set", "side": "bid", "price": 0.71, "size": 429.0}, {"op": "set", "side": "bid", "price": 0.7, "size": 474.0}, {"op": "delete", "side": "bid", "price": 0.72}, {"op": "set", "side": "bid", "price": 0.66, "size": 341.0}, {"op": "set", "side": "ask", "price": 0.24, "size": 30981.07}]}
{"t": 1776976022.983882, "events": [{"op": "set", "side": "ask", "price": 0.24, "size": 32200.07}]}
{"t": 1776976023.989538, "events": [{"op": "delete", "side": "bid", "price": 0.73}, {"op": "set", "side": "bid", "price": 0.72, "size": 25.0}]}
{"t": 1776976027.025457, "events": [{"op": "set", "side": "ask", "price": 0.24, "size": 32194.07}]}
{"t": 1776976030.0649989, "events": [{"op": "set", "side": "bid", "price": 0.66, "size": 101.0}, {"op": "set", "side": "ask", "price": 0.24, "size": 30975.07}]}
{"t": 1776976031.0763671, "events": [{"op": "set", "side": "bid", "price": 0.72, "size": 338.0}, {"op": "set", "side": "bid", "price": 0.71, "size": 502.0}, {"op": "set", "side": "bid", "price": 0.7, "size": 530.0}, {"op": "set", "side": "ask", "price": 0.24, "size": 32194.07}]}
{"t": 1776976033.0979562, "events": [{"op": "set", "side": "bid", "price": 0.72, "size": 313.0}]}
{"t": 1776976034.1065989, "events": [{"op": "set", "side": "bid", "price": 0.73, "size": 23.0}]}
{"t": 1776976038.1259038, "events": [{"op": "delete", "side": "bid", "price": 0.73}]}
{"t": 1776976039.130999, "events": [{"op": "delete", "side": "bid", "price": 0.72}, {"op": "set", "side": "bid", "price": 0.71, "size": 429.0}, {"op": "set", "side": "bid", "price": 0.7, "size": 474.0}, {"op": "set", "side": "bid", "price": 0.73, "size": 23.0}, {"op": "set", "side": "ask", "price": 0.24, "size": 30975.07}]}
{"t": 1776976040.136569, "events": [{"op": "set", "side": "bid", "price": 0.66, "size": 341.0}, {"op": "set", "side": "ask", "price": 0.24, "size": 32194.07}]}
{"t": 1776976041.146323, "events": [{"op": "set", "side": "bid", "price": 0.66, "size": 101.0}, {"op": "set", "side": "ask", "price": 0.24, "size": 30975.07}]}
{"t": 1776976042.1519518, "events": [{"op": "set", "side": "bid", "price": 0.71, "size": 502.0}, {"op": "set", "side": "bid", "price": 0.7, "size": 530.0}, {"op": "set", "side": "bid", "price": 0.72, "size": 313.0}, {"op": "set", "side": "ask", "price": 0.24, "size": 32194.07}]}
{"t": 1776976043.1629992, "events": [{"op": "delete", "side": "bid", "price": 0.73}]}
{"t": 1776976044.185159, "events": [{"op": "delete", "side": "bid", "price": 0.72}, {"op": "set", "side": "bid", "price": 0.71, "size": 38.0}, {"op": "set", "side": "bid", "price": 0.7, "size": 104.0}, {"op": "set", "side": "bid", "price": 0.73, "size": 22.0}, {"op": "set", "side": "ask", "price": 0.24, "size": 30194.07}]}
{"t": 1776976048.218187, "events": [{"op": "delete", "side": "bid", "price": 0.73}, {"op": "set", "side": "bid", "price": 0.71, "size": 463.0}, {"op": "set", "side": "bid", "price": 0.66, "size": 341.0}, {"op": "set", "side": "bid", "price": 0.7, "size": 483.0}, {"op": "set", "side": "ask", "price": 0.24, "size": 31194.07}]}
{"t": 1776976049.2295182, "events": [{"op": "set", "side": "bid", "price": 0.66, "size": 101.0}, {"op": "set", "side": "bid", "price": 0.72, "size": 24.0}, {"op": "set", "side": "ask", "price": 0.24, "size": 30975.07}]}
{"t": 1776976050.238752, "events": [{"op": "set", "side": "bid", "price": 0.72, "size": 337.0}, {"op": "set", "side": "bid", "price": 0.71, "size": 502.0}, {"op": "set", "side": "bid", "price": 0.7, "size": 530.0}, {"op": "set", "side": "ask", "price": 0.24, "size": 32194.07}]}
{"t": 1776976053.276522, "events": [{"op": "set", "side": "bid", "price": 0.72, "size": 313.0}]}
{"t": 1776976054.2832232, "events": [{"op": "set", "side": "bid", "price": 0.73, "size": 22.0}]}
{"t": 1776976058.306615, "events": [{"op": "delete", "side": "bid", "price": 0.73}, {"op": "set", "side": "bid", "price": 0.71, "size": 38.0}, {"op": "set", "side": "bid", "price": 0.7, "size": 104.0}, {"op": "set", "side": "bid", "price": 0.72, "size": 25.0}, {"op": "set", "side": "ask", "price": 0.24, "size": 30194.07}]}
{"t": 1776976061.337662, "events": [{"op": "set", "side": "bid", "price": 0.71, "size": 463.0}, {"op": "set", "side": "bid", "price": 0.66, "size": 341.0}, {"op": "set", "side": "bid", "price": 0.7, "size": 483.0}, {"op": "set", "side": "ask", "price": 0.24, "size": 31194.07}]}
{"t": 1776976063.365494, "events": [{"op": "delete", "side": "bid", "price": 0.72}]}
{"t": 1776976064.375992, "events": [{"op": "set", "side": "bid", "price": 0.72, "size": 25.0}]}
{"t": 1776976065.3873029, "events": [{"op": "set", "side": "bid", "price": 0.66, "size": 101.0}, {"op": "set", "side": "ask", "price": 0.24, "size": 30975.07}]}
{"t": 1776976066.397533, "events": [{"op": "set", "side": "bid", "price": 0.72, "size": 338.0}, {"op": "set", "side": "bid", "price": 0.71, "size": 503.0}, {"op": "set", "side": "bid", "price": 0.7, "size": 531.0}, {"op": "set", "side": "ask", "price": 0.24, "size": 32194.07}]}
{"t": 1776976068.419334, "events": [{"op": "set", "side": "bid", "price": 0.72, "size": 313.0}]}
{"t": 1776976069.436353, "events": [{"op": "set", "side": "bid", "price": 0.73, "size": 23.0}]}
{"t": 1776976074.460224, "events": [{"op": "set", "side": "bid", "price": 0.71, "size": 429.0}, {"op": "set", "side": "bid", "price": 0.7, "size": 474.0}, {"op": "delete", "side": "bid", "price": 0.72}, {"op": "set", "side": "ask", "price": 0.24, "size": 30975.07}]}
{"t": 1776976075.471221, "events": [{"op": "set", "side": "bid", "price": 0.66, "size": 341.0}, {"op": "set", "side": "ask", "price": 0.24, "size": 32194.07}]}
{"t": 1776976077.482344, "events": [{"op": "set", "side": "bid", "price": 0.66, "size": 101.0}, {"op": "set", "side": "ask", "price": 0.24, "size": 30975.07}]}
{"t": 1776976078.494921, "events": [{"op": "set", "side": "bid", "price": 0.73, "size": 22.0}, {"op": "set", "side": "bid", "price": 0.71, "size": 503.0}, {"op": "set", "side": "bid", "price": 0.7, "size": 532.0}, {"op": "set", "side": "bid", "price": 0.72, "size": 313.0}, {"op": "set", "side": "ask", "price": 0.24, "size": 32194.07}]}
{"t": 1776976083.531923, "events": [{"op": "delete", "side": "bid", "price": 0.73}]}
{"t": 1776976084.54107, "events": [{"op": "set", "side": "bid", "price": 0.73, "size": 22.0}]}
{"t": 1776976085.548361, "events": [{"op": "set", "side": "bid", "price": 0.71, "size": 38.0}, {"op": "set", "side": "bid", "price": 0.7, "size": 104.0}, {"op": "delete", "side": "bid", "price": 0.72}, {"op": "set", "side": "ask", "price": 0.24, "size": 30194.07}]}
{"t": 1776976088.582797, "events": [{"op": "delete", "side": "bid", "price": 0.73}, {"op": "set", "side": "bid", "price": 0.71, "size": 462.0}, {"op": "set", "side": "bid", "price": 0.66, "size": 341.0}, {"op": "set", "side": "bid", "price": 0.7, "size": 483.0}, {"op": "set", "side": "bid", "price": 0.72, "size": 25.0}, {"op": "set", "side": "ask", "price": 0.24, "size": 31194.07}]}
{"t": 1776976091.599458, "events": [{"op": "set", "side": "bid", "price": 0.66, "size": 101.0}, {"op": "set", "side": "ask", "price": 0.24, "size": 30975.07}]}
{"t": 1776976093.6152132, "events": [{"op": "set", "side": "bid", "price": 0.72, "size": 313.0}, {"op": "set", "side": "bid", "price": 0.71, "size": 503.0}, {"op": "set", "side": "bid", "price": 0.7, "size": 532.0}, {"op": "set", "side": "bid", "price": 0.73, "size": 23.0}, {"op": "set", "side": "ask", "price": 0.24, "size": 32194.07}]}
{"t": 1776976095.6349592, "events": [{"op": "set", "side": "bid", "price": 0.71, "size": 429.0}, {"op": "set", "side": "bid", "price": 0.7, "size": 474.0}, {"op": "delete", "side": "bid", "price": 0.72}, {"op": "set", "side": "ask", "price": 0.24, "size": 30975.07}]}
{"t": 1776976097.657048, "events": [{"op": "set", "side": "bid", "price": 0.66, "size": 341.0}]}
{"t": 1776976098.6700659, "events": [{"op": "delete", "side": "bid", "price": 0.73}, {"op": "set", "side": "bid", "price": 0.72, "size": 24.0}, {"op": "set", "side": "ask", "price": 0.24, "size": 32194.07}]}
{"t": 1776976099.67869, "events": [{"op": "set", "side": "bid", "price": 0.66, "size": 101.0}, {"op": "set", "side": "ask", "price": 0.24, "size": 30975.07}]}
{"t": 1776976100.698726, "events": [{"op": "set", "side": "bid", "price": 0.72, "size": 337.0}, {"op": "set", "side": "bid", "price": 0.71, "size": 503.0}, {"op": "set", "side": "bid", "price": 0.7, "size": 532.0}, {"op": "set", "side": "ask", "price": 0.24, "size": 32194.07}]}
{"t": 1776976103.7164748, "events": [{"op": "set", "side": "bid", "price": 0.72, "size": 313.0}, {"op": "set", "side": "bid", "price": 0.73, "size": 22.0}]}
{"t": 1776976113.775799, "events": [{"op": "delete", "side": "bid", "price": 0.73}, {"op": "set", "side": "bid", "price": 0.71, "size": 429.0}, {"op": "set", "side": "bid", "price": 0.7, "size": 474.0}, {"op": "set", "side": "bid", "price": 0.72, "size": 25.0}, {"op": "set", "side": "bid", "price": 0.66, "size": 341.0}]}
{"t": 1776976115.790102, "events": [{"op": "set", "side": "bid", "price": 0.66, "size": 101.0}, {"op": "set", "side": "ask", "price": 0.24, "size": 30975.07}]}
{"t": 1776976117.808927, "events": [{"op": "set", "side": "bid", "price": 0.72, "size": 338.0}, {"op": "set", "side": "bid", "price": 0.71, "size": 504.0}, {"op": "set", "side": "bid", "price": 0.7, "size": 532.0}, {"op": "set", "side": "ask", "price": 0.24, "size": 32194.07}]}
{"t": 1776976118.820491, "events": [{"op": "set", "side": "bid", "price": 0.72, "size": 313.0}]}
{"t": 1776976119.83535, "events": [{"op": "set", "side": "bid", "price": 0.73, "size": 23.0}]}
{"t": 1776976128.8931751, "events": [{"op": "delete", "side": "bid", "price": 0.73}, {"op": "set", "side": "bid", "price": 0.71, "size": 429.0}, {"op": "set", "side": "bid", "price": 0.7, "size": 474.0}, {"op": "set", "side": "bid", "price": 0.72, "size": 25.0}, {"op": "set", "side": "bid", "price": 0.66, "size": 341.0}]}
{"t": 1776976130.9047801, "events": [{"op": "set", "side": "bid", "price": 0.72, "size": 338.0}, {"op": "set", "side": "bid", "price": 0.71, "size": 504.0}, {"op": "set", "side": "bid", "price": 0.66, "size": 101.0}, {"op": "set", "side": "bid", "price": 0.7, "size": 532.0}, {"op": "set", "side": "ask", "price": 0.24, "size": 30975.07}]}
{"t": 1776976131.9146821, "events": [{"op": "set", "side": "ask", "price": 0.24, "size": 32194.07}]}
{"t": 1776976133.922157, "events": [{"op": "set", "side": "bid", "price": 0.72, "size": 337.0}]}
{"t": 1776976135.934583, "events": [{"op": "set", "side": "bid", "price": 0.72, "size": 24.0}, {"op": "set", "side": "bid", "price": 0.71, "size": 38.0}, {"op": "set", "side": "bid", "price": 0.7, "size": 104.0}, {"op": "set", "side": "ask", "price": 0.24, "size": 30194.07}]}
{"t": 1776976137.96097, "events": [{"op": "delete", "side": "bid", "price": 0.72}]}
{"t": 1776976138.9725718, "events": [{"op": "set", "side": "bid", "price": 0.72, "size": 25.0}]}
{"t": 1776976139.976351, "events": [{"op": "set", "side": "bid", "price": 0.71, "size": 460.0}, {"op": "set", "side": "bid", "price": 0.66, "size": 341.0}, {"op": "set", "side": "bid", "price": 0.7, "size": 482.0}, {"op": "set", "side": "ask", "price": 0.24, "size": 31194.07}]}
{"t": 1776976152.035327, "events": [{"op": "set", "side": "bid", "price": 0.71, "size": 38.0}, {"op": "set", "side": "bid", "price": 0.66, "size": 101.0}, {"op": "set", "side": "bid", "price": 0.7, "size": 104.0}, {"op": "set", "side": "ask", "price": 0.24, "size": 30194.07}]}
{"t": 1776976154.063997, "events": [{"op": "set", "side": "bid", "price": 0.71, "size": 459.0}, {"op": "set", "side": "bid", "price": 0.66, "size": 341.0}, {"op": "set", "side": "bid", "price": 0.7, "size": 482.0}, {"op": "set", "side": "ask", "price": 0.24, "size": 31194.07}]}
{"t": 1776976163.1601741, "events": [{"op": "delete", "side": "bid", "price": 0.72}]}
{"t": 1776976164.1660988, "events": [{"op": "set", "side": "bid", "price": 0.72, "size": 25.0}]}
{"t": 1776976168.185441, "events": [{"op": "delete", "side": "bid", "price": 0.72}]}
{"t": 1776976169.201382, "events": [{"op": "set", "side": "bid", "price": 0.72, "size": 25.0}]}
{"t": 1776976172.213068, "events": [{"op": "set", "side": "bid", "price": 0.66, "size": 101.0}, {"op": "set", "side": "ask", "price": 0.24, "size": 30975.07}]}
{"t": 1776976173.230133, "events": [{"op": "set", "side": "bid", "price": 0.72, "size": 313.0}, {"op": "set", "side": "bid", "price": 0.71, "size": 504.0}, {"op": "set", "side": "bid", "price": 0.7, "size": 533.0}, {"op": "set", "side": "ask", "price": 0.24, "size": 32194.07}]}
{"t": 1776976174.237823, "events": [{"op": "set", "side": "bid", "price": 0.73, "size": 24.0}]}
{"t": 1776976175.24962, "events": [{"op": "set", "side": "bid", "price": 0.71, "size": 459.0}, {"op": "set", "side": "bid", "price": 0.7, "size": 482.0}, {"op": "delete", "side": "bid", "price": 0.72}, {"op": "set", "side": "ask", "price": 0.24, "size": 30975.07}]}
{"t": 1776976176.259373, "events": [{"op": "set", "side": "bid", "price": 0.71, "size": 429.0}, {"op": "set", "side": "bid", "price": 0.7, "size": 474.0}]}
{"t": 1776976178.273995, "events": [{"op": "delete", "side": "bid", "price": 0.73}, {"op": "set", "side": "bid", "price": 0.66, "size": 341.0}, {"op": "set", "side": "ask", "price": 0.24, "size": 32194.07}]}
{"t": 1776976179.287406, "events": [{"op": "set", "side": "bid", "price": 0.72, "size": 25.0}]}
{"t": 1776976183.318472, "events": [{"op": "delete", "side": "bid", "price": 0.72}]}
{"t": 1776976184.330831, "events": [{"op": "set", "side": "bid", "price": 0.72, "size": 25.0}]}
{"t": 1776976188.349905, "events": [{"op": "delete", "side": "bid", "price": 0.72}]}
{"t": 1776976189.36215, "events": [{"op": "set", "side": "bid", "price": 0.72, "size": 25.0}]}
{"t": 1776976193.395335, "events": [{"op": "delete", "side": "bid", "price": 0.72}]}
{"t": 1776976194.405488, "events": [{"op": "set", "side": "bid", "price": 0.72, "size": 25.0}]}
{"t": 1776976197.420757, "events": [{"op": "set", "side": "bid", "price": 0.66, "size": 101.0}, {"op": "set", "side": "ask", "price": 0.24, "size": 30975.07}]}
{"t": 1776976198.435571, "events": [{"op": "set", "side": "bid", "price": 0.72, "size": 313.0}, {"op": "set", "side": "bid", "price": 0.71, "size": 504.0}, {"op": "set", "side": "bid", "price": 0.7, "size": 533.0}, {"op": "set", "side": "bid", "price": 0.73, "size": 23.0}, {"op": "set", "side": "ask", "price": 0.24, "size": 32194.07}]}
{"t": 1776976203.4636748, "events": [{"op": "delete", "side": "bid", "price": 0.73}]}
{"t": 1776976204.476952, "events": [{"op": "delete", "side": "bid", "price": 0.72}, {"op": "set", "side": "bid", "price": 0.71, "size": 38.0}, {"op": "set", "side": "bid", "price": 0.7, "size": 104.0}, {"op": "set", "side": "bid", "price": 0.73, "size": 23.0}, {"op": "set", "side": "ask", "price": 0.24, "size": 30194.07}]}
{"t": 1776976207.508864, "events": [{"op": "set", "side": "bid", "price": 0.71, "size": 458.0}, {"op": "set", "side": "bid", "price": 0.66, "size": 341.0}, {"op": "set", "side": "bid", "price": 0.7, "size": 482.0}, {"op": "set", "side": "ask", "price": 0.24, "size": 31194.07}]}
{"t": 1776976208.525941, "events": [{"op": "delete", "side": "bid", "price": 0.73}]}
{"t": 1776976209.539958, "events": [{"op": "set", "side": "bid", "price": 0.72, "size": 25.0}]}
{"t": 1776976214.569775, "events": [{"op": "set", "side": "bid", "price": 0.66, "size": 101.0}]}
{"t": 1776976215.5757089, "events": [{"op": "set", "side": "bid", "price": 0.72, "size": 338.0}, {"op": "set", "side": "bid", "price": 0.71, "size": 504.0}, {"op": "set", "side": "bid", "price": 0.7, "size": 533.0}, {"op": "set", "side": "ask", "price": 0.24, "size": 32194.07}]}
{"t": 1776976217.597552, "events": [{"op": "set", "side": "bid", "price": 0.72, "size": 25.0}, {"op": "set", "side": "bid", "price": 0.71, "size": 429.0}, {"op": "set", "side": "bid", "price": 0.7, "size": 474.0}, {"op": "set", "side": "ask", "price": 0.24, "size": 30975.07}]}
{"t": 1776976218.6080482, "events": [{"op": "set", "side": "bid", "price": 0.66, "size": 341.0}, {"op": "set", "side": "ask", "price": 0.24, "size": 32194.07}]}
{"t": 1776976222.6332319, "events": [{"op": "set", "side": "bid", "price": 0.66, "size": 101.0}, {"op": "set", "side": "ask", "price": 0.24, "size": 30975.07}]}
{"t": 1776976223.6436858, "events": [{"op": "set", "side": "bid", "price": 0.66, "size": 341.0}, {"op": "set", "side": "ask", "price": 0.24, "size": 32194.07}]}
{"t": 1776976238.714187, "events": [{"op": "delete", "side": "bid", "price": 0.72}]}
{"t": 1776976239.7258828, "events": [{"op": "set", "side": "bid", "price": 0.72, "size": 25.0}]}
{"t": 1776976253.8076642, "events": [{"op": "delete", "side": "bid", "price": 0.72}]}
{"t": 1776976254.822479, "events": [{"op": "set", "side": "bid", "price": 0.66, "size": 101.0}, {"op": "set", "side": "bid", "price": 0.72, "size": 25.0}, {"op": "set", "side": "ask", "price": 0.24, "size": 30975.07}]}
{"t": 1776976255.835129, "events": [{"op": "set", "side": "bid", "price": 0.72, "size": 338.0}, {"op": "set", "side": "bid", "price": 0.71, "size": 505.0}, {"op": "set", "side": "bid", "price": 0.7, "size": 534.0}, {"op": "set", "side": "ask", "price": 0.24, "size": 32194.07}]}
{"t": 1776976258.864931, "events": [{"op": "set", "side": "bid", "price": 0.72, "size": 313.0}, {"op": "set", "side": "bid", "price": 0.73, "size": 23.0}]}
{"t": 1776976259.875783, "events": [{"op": "set", "side": "bid", "price": 0.71, "size": 429.0}, {"op": "set", "side": "bid", "price": 0.7, "size": 474.0}, {"op": "delete", "side": "bid", "price": 0.72}, {"op": "set", "side": "ask", "price": 0.24, "size": 30975.07}]}
{"t": 1776976260.885631, "events": [{"op": "set", "side": "bid", "price": 0.66, "size": 341.0}, {"op": "set", "side": "ask", "price": 0.24, "size": 32194.07}]}
{"t": 1776976263.909769, "events": [{"op": "delete", "side": "bid", "price": 0.73}, {"op": "set", "side": "bid", "price": 0.72, "size": 25.0}]}
{"t": 1776976268.9457762, "events": [{"op": "delete", "side": "bid", "price": 0.72}, {"op": "set", "side": "bid", "price": 0.73, "size": 23.0}]}
{"t": 1776976273.996962, "events": [{"op": "delete", "side": "bid", "price": 0.73}, {"op": "set", "side": "bid", "price": 0.72, "size": 25.0}]}
{"t": 1776976276.0147579, "events": [{"op": "set", "side": "bid", "price": 0.66, "size": 101.0}, {"op": "set", "side": "ask", "price": 0.24, "size": 30975.07}]}
{"t": 1776976277.039475, "events": [{"op": "set", "side": "bid", "price": 0.72, "size": 338.0}, {"op": "set", "side": "bid", "price": 0.71, "size": 505.0}, {"op": "set", "side": "bid", "price": 0.7, "size": 534.0}, {"op": "set", "side": "ask", "price": 0.24, "size": 32194.07}]}
{"t": 1776976279.0620182, "events": [{"op": "set", "side": "bid", "price": 0.72, "size": 313.0}, {"op": "set", "side": "bid", "price": 0.73, "size": 23.0}]}
{"t": 1776976280.070851, "events": [{"op": "set", "side": "bid", "price": 0.71, "size": 429.0}, {"op": "set", "side": "bid", "price": 0.7, "size": 474.0}, {"op": "delete", "side": "bid", "price": 0.72}, {"op": "set", "side": "ask", "price": 0.24, "size": 30975.07}]}
{"t": 1776976281.087897, "events": [{"op": "set", "side": "bid", "price": 0.66, "size": 341.0}, {"op": "set", "side": "ask", "price": 0.24, "size": 32194.07}]}
{"t": 1776976284.125754, "events": [{"op": "delete", "side": "bid", "price": 0.73}, {"op": "set", "side": "bid", "price": 0.72, "size": 25.0}]}
{"t": 1776976285.139929, "events": [{"op": "set", "side": "bid", "price": 0.71, "size": 38.0}, {"op": "set", "side": "bid", "price": 0.66, "size": 101.0}, {"op": "set", "side": "bid", "price": 0.7, "size": 104.0}, {"op": "set", "side": "ask", "price": 0.24, "size": 30194.07}]}
{"t": 1776976287.161626, "events": [{"op": "set", "side": "bid", "price": 0.71, "size": 455.0}, {"op": "set", "side": "bid", "price": 0.66, "size": 341.0}, {"op": "set", "side": "bid", "price": 0.7, "size": 481.0}, {"op": "set", "side": "ask", "price": 0.24, "size": 31194.07}]}
{"t": 1776976289.1844962, "events": [{"op": "delete", "side": "bid", "price": 0.72}]}
{"t": 1776976290.196137, "events": [{"op": "set", "side": "bid", "price": 0.72, "size": 25.0}]}
{"t": 1776976301.276474, "events": [{"op": "set", "side": "bid", "price": 0.71, "size": 38.0}, {"op": "set", "side": "bid", "price": 0.66, "size": 101.0}, {"op": "set", "side": "bid", "price": 0.7, "size": 104.0}, {"op": "set", "side": "ask", "price": 0.24, "size": 30194.07}]}
{"t": 1776976303.3065321, "events": [{"op": "delete", "side": "bid", "price": 0.72}]}
{"t": 1776976304.313708, "events": [{"op": "set", "side": "bid", "price": 0.71, "size": 454.0}, {"op": "set", "side": "bid", "price": 0.66, "size": 341.0}, {"op": "set", "side": "bid", "price": 0.7, "size": 481.0}, {"op": "set", "side": "bid", "price": 0.72, "size": 25.0}, {"op": "set", "side": "ask", "price": 0.24, "size": 31194.07}]}
{"t": 1776976307.3653572, "events": [{"op": "set", "side": "bid", "price": 0.72, "size": 338.0}, {"op": "set", "side": "bid", "price": 0.71, "size": 506.0}, {"op": "set", "side": "bid", "price": 0.66, "size": 101.0}, {"op": "set", "side": "bid", "price": 0.7, "size": 534.0}, {"op": "set", "side": "ask", "price": 0.24, "size": 32194.07}]}
{"t": 1776976308.374354, "events": [{"op": "set", "side": "bid", "price": 0.72, "size": 313.0}]}
{"t": 1776976309.386129, "events": [{"op": "set", "side": "bid", "price": 0.73, "size": 23.0}]}
{"t": 1776976313.409361, "events": [{"op": "delete", "side": "bid", "price": 0.73}]}
{"t": 1776976314.4200819, "events": [{"op": "set", "side": "bid", "price": 0.73, "size": 23.0}]}
{"t": 1776976318.442741, "events": [{"op": "delete", "side": "bid", "price": 0.73}]}
{"t": 1776976319.457519, "events": [{"op": "set", "side": "bid", "price": 0.73, "size": 23.0}]}
{"t": 1776976323.4797351, "events": [{"op": "set", "side": "bid", "price": 0.71, "size": 429.0}, {"op": "set", "side": "bid", "price": 0.7, "size": 474.0}, {"op": "delete", "side": "bid", "price": 0.72}, {"op": "set", "side": "ask", "price": 0.24, "size": 30975.07}]}
{"t": 1776976324.50117, "events": [{"op": "set", "side": "bid", "price": 0.66, "size": 341.0}, {"op": "set", "side": "ask", "price": 0.24, "size": 32194.07}]}
{"t": 1776976325.519989, "events": [{"op": "delete", "side": "bid", "price": 0.73}, {"op": "set", "side": "bid", "price": 0.72, "size": 25.0}]}
{"t": 1776976332.56369, "events": [{"op": "set", "side": "bid", "price": 0.66, "size": 101.0}, {"op": "set", "side": "ask", "price": 0.24, "size": 30975.07}]}
{"t": 1776976333.587355, "events": [{"op": "set", "side": "bid", "price": 0.72, "size": 313.0}, {"op": "set", "side": "bid", "price": 0.71, "size": 506.0}, {"op": "set", "side": "bid", "price": 0.7, "size": 534.0}, {"op": "set", "side": "ask", "price": 0.24, "size": 32194.07}]}
{"t": 1776976334.603316, "events": [{"op": "delete", "side": "bid", "price": 0.72}, {"op": "set", "side": "bid", "price": 0.71, "size": 429.0}, {"op": "set", "side": "bid", "price": 0.7, "size": 474.0}, {"op": "set", "side": "bid", "price": 0.73, "size": 23.0}, {"op": "set", "side": "ask", "price": 0.24, "size": 30975.07}]}
{"t": 1776976336.625223, "events": [{"op": "set", "side": "bid", "price": 0.66, "size": 341.0}, {"op": "set", "side": "ask", "price": 0.24, "size": 32194.07}]}
{"t": 1776976339.6474261, "events": [{"op": "delete", "side": "bid", "price": 0.73}, {"op": "set", "side": "bid", "price": 0.66, "size": 101.0}, {"op": "set", "side": "ask", "price": 0.24, "size": 30975.07}]}
{"t": 1776976340.6580539, "events": [{"op": "set", "side": "bid", "price": 0.71, "size": 38.0}, {"op": "set", "side": "bid", "price": 0.7, "size": 104.0}, {"op": "set", "side": "bid", "price": 0.72, "size": 26.0}, {"op": "set", "side": "ask", "price": 0.24, "size": 30194.07}]}
{"t": 1776976341.674314, "events": [{"op": "set", "side": "bid", "price": 0.72, "size": 339.0}, {"op": "set", "side": "bid", "price": 0.71, "size": 115.0}, {"op": "set", "side": "bid", "price": 0.7, "size": 164.0}, {"op": "set", "side": "ask", "price": 0.24, "size": 31413.07}]}
{"t": 1776976342.686982, "events": [{"op": "set", "side": "bid", "price": 0.72, "size": 26.0}, {"op": "set", "side": "ask", "price": 0.24, "size": 30975.07}]}
{"t": 1776976343.692986, "events": [{"op": "set", "side": "bid", "price": 0.71, "size": 429.0}, {"op": "set", "side": "bid", "price": 0.66, "size": 341.0}, {"op": "set", "side": "bid", "price": 0.7, "size": 474.0}]}
{"t": 1776976344.703347, "events": [{"op": "set", "side": "bid", "price": 0.72, "size": 25.0}, {"op": "set", "side": "bid", "price": 0.71, "size": 38.0}, {"op": "set", "side": "bid", "price": 0.66, "size": 101.0}, {"op": "set", "side": "bid", "price": 0.7, "size": 104.0}, {"op": "set", "side": "ask", "price": 0.24, "size": 30194.07}]}
{"t": 1776976349.756854, "events": [{"op": "set", "side": "bid", "price": 0.71, "size": 454.0}, {"op": "set", "side": "bid", "price": 0.66, "size": 341.0}, {"op": "set", "side": "bid", "price": 0.7, "size": 481.0}, {"op": "set", "side": "ask", "price": 0.24, "size": 31194.07}]}
{"t": 1776976351.775647, "events": [{"op": "delete", "side": "bid", "price": 0.72}, {"op": "set", "side": "bid", "price": 0.71, "size": 38.0}, {"op": "set", "side": "bid", "price": 0.66, "size": 101.0}, {"op": "set", "side": "bid", "price": 0.7, "size": 104.0}, {"op": "set", "side": "ask", "price": 0.24, "size": 30194.07}]}
{"t": 1776976352.80179, "events": [{"op": "set", "side": "bid", "price": 0.72, "size": 25.0}]}
{"t": 1776976355.830212, "events": [{"op": "delete", "side": "bid", "price": 0.72}]}
{"t": 1776976356.839608, "events": [{"op": "set", "side": "bid", "price": 0.71, "size": 453.0}, {"op": "set", "side": "bid", "price": 0.66, "size": 341.0}, {"op": "set", "side": "bid", "price": 0.7, "size": 480.0}, {"op": "set", "side": "bid", "price": 0.72, "size": 25.0}, {"op": "set", "side": "ask", "price": 0.24, "size": 31194.07}]}
{"t": 1776976359.87871, "events": [{"op": "set", "side": "bid", "price": 0.66, "size": 101.0}]}
{"t": 1776976360.895073, "events": [{"op": "set", "side": "bid", "price": 0.72, "size": 313.0}, {"op": "set", "side": "bid", "price": 0.71, "size": 506.0}, {"op": "set", "side": "bid", "price": 0.7, "size": 535.0}, {"op": "set", "side": "ask", "price": 0.24, "size": 32194.07}]}
{"t": 1776976362.91397, "events": [{"op": "delete", "side": "bid", "price": 0.72}, {"op": "set", "side": "bid", "price": 0.71, "size": 429.0}, {"op": "set", "side": "bid", "price": 0.7, "size": 474.0}, {"op": "set", "side": "bid", "price": 0.73, "size": 23.0}, {"op": "set", "side": "ask", "price": 0.24, "size": 30975.07}]}
{"t": 1776976363.930155, "events": [{"op": "set", "side": "bid", "price": 0.66, "size": 341.0}, {"op": "set", "side": "ask", "price": 0.24, "size": 32194.07}]}
{"t": 1776976364.937811, "events": [{"op": "delete", "side": "bid", "price": 0.73}]}
{"t": 1776976365.9445639, "events": [{"op": "set", "side": "bid", "price": 0.72, "size": 25.0}]}
{"t": 1776976370.9749482, "events": [{"op": "delete", "side": "bid", "price": 0.72}]}
{"t": 1776976371.985274, "events": [{"op": "set", "side": "bid", "price": 0.72, "size": 25.0}]}
{"t": 1776976375.010626, "events": [{"op": "delete", "side": "bid", "price": 0.72}]}
{"t": 1776976376.01981, "events": [{"op": "set", "side": "bid", "price": 0.72, "size": 25.0}]}
{"t": 1776976385.0620549, "events": [{"op": "delete", "side": "bid", "price": 0.72}]}
{"t": 1776976386.068693, "events": [{"op": "set", "side": "bid", "price": 0.72, "size": 25.0}]}
{"t": 1776976390.085834, "events": [{"op": "set", "side": "bid", "price": 0.72, "size": 313.0}, {"op": "set", "side": "bid", "price": 0.71, "size": 507.0}, {"op": "set", "side": "bid", "price": 0.66, "size": 101.0}, {"op": "set", "side": "bid", "price": 0.7, "size": 536.0}, {"op": "set", "side": "ask", "price": 0.24, "size": 30975.07}]}
{"t": 1776976391.098208, "events": [{"op": "set", "side": "bid", "price": 0.73, "size": 23.0}, {"op": "set", "side": "ask", "price": 0.24, "size": 32194.07}]}
{"t": 1776976393.108543, "events": [{"op": "set", "side": "bid", "price": 0.71, "size": 429.0}, {"op": "set", "side": "bid", "price": 0.7, "size": 474.0}, {"op": "delete", "side": "bid", "price": 0.72}, {"op": "set", "side": "ask", "price": 0.24, "size": 30975.07}]}
{"t": 1776976394.119156, "events": [{"op": "set", "side": "bid", "price": 0.66, "size": 341.0}]}
{"t": 1776976395.125777, "events": [{"op": "delete", "side": "bid", "price": 0.73}, {"op": "set", "side": "ask", "price": 0.24, "size": 32194.07}]}
{"t": 1776976396.130979, "events": [{"op": "set", "side": "bid", "price": 0.72, "size": 24.0}]}
{"t": 1776976400.151349, "events": [{"op": "delete", "side": "bid", "price": 0.72}]}
{"t": 1776976401.163003, "events": [{"op": "delete", "side": "bid", "price": 0.44}, {"op": "set", "side": "bid", "price": 0.43, "size": 254.0}, {"op": "delete", "side": "bid", "price": 0.37}, {"op": "set", "side": "bid", "price": 0.2, "size": 4405.0}, {"op": "set", "side": "bid", "price": 0.19, "size": 246.12}, {"op": "set", "side": "bid", "price": 0.72, "size": 24.0}, {"op": "set", "side": "bid", "price": 0.01, "size": 103.0}, {"op": "set", "side": "ask", "price": 0.04, "size": 5028.0}]}
{"t": 1776976405.183253, "events": [{"op": "delete", "side": "bid", "price": 0.72}]}
{"t": 1776976406.18958, "events": [{"op": "set", "side": "bid", "price": 0.72, "size": 24.0}]}
{"t": 1776976415.243485, "events": [{"op": "delete", "side": "bid", "price": 0.72}, {"op": "set", "side": "bid", "price": 0.66, "size": 101.0}, {"op": "set", "side": "ask", "price": 0.24, "size": 30975.07}]}
{"t": 1776976416.25911, "events": [{"op": "set", "side": "bid", "price": 0.71, "size": 507.0}, {"op": "set", "side": "bid", "price": 0.7, "size": 536.0}, {"op": "set", "side": "bid", "price": 0.72, "size": 338.0}, {"op": "set", "side": "ask", "price": 0.24, "size": 32194.07}]}
{"t": 1776976420.296268, "events": [{"op": "set", "side": "bid", "price": 0.72, "size": 313.0}]}
{"t": 1776976421.30323, "events": [{"op": "set", "side": "bid", "price": 0.73, "size": 22.0}]}
{"t": 1776976423.3098712, "events": [{"op": "set", "side": "bid", "price": 0.71, "size": 429.0}, {"op": "set", "side": "bid", "price": 0.7, "size": 474.0}, {"op": "delete", "side": "bid", "price": 0.72}, {"op": "set", "side": "bid", "price": 0.66, "size": 341.0}]}
{"t": 1776976425.340163, "events": [{"op": "delete", "side": "bid", "price": 0.73}, {"op": "set", "side": "bid", "price": 0.71, "size": 38.0}, {"op": "set", "side": "bid", "price": 0.66, "size": 101.0}, {"op": "set", "side": "bid", "price": 0.7, "size": 104.0}, {"op": "set", "side": "bid", "price": 0.19, "size": 184.12}, {"op": "set", "side": "bid", "price": 0.21, "size": 56.0}, {"op": "set", "side": "bid", "price": 0.72, "size": 25.0}, {"op": "set", "side": "bid", "price": 0.44, "size": 44.0}, {"op": "set", "side": "bid", "price": 0.01, "size": 50.0}, {"op": "set", "side": "ask", "price": 0.24, "size": 30194.07}]}
{"t": 1776976428.364198, "events": [{"op": "set", "side": "bid", "price": 0.71, "size": 451.0}, {"op": "set", "side": "bid", "price": 0.66, "size": 341.0}, {"op": "set", "side": "bid", "price": 0.7, "size": 480.0}, {"op": "set", "side": "bid", "price": 0.43, "size": 271.0}, {"op": "set", "side": "ask", "price": 0.24, "size": 31194.07}]}
{"t": 1776976430.376935, "events": [{"op": "delete", "side": "bid", "price": 0.72}, {"op": "set", "side": "bid", "price": 0.66, "size": 101.0}]}
{"t": 1776976431.391558, "events": [{"op": "set", "side": "bid", "price": 0.71, "size": 507.0}, {"op": "set", "side": "bid", "price": 0.7, "size": 536.0}, {"op": "set", "side": "bid", "price": 0.72, "size": 338.0}, {"op": "set", "side": "ask", "price": 0.24, "size": 32194.07}]}
{"t": 1776976435.41402, "events": [{"op": "set", "side": "bid", "price": 0.72, "size": 313.0}]}
{"t": 1776976436.4190028, "events": [{"op": "delete", "side": "bid", "price": 0.72}, {"op": "set", "side": "bid", "price": 0.71, "size": 429.0}, {"op": "set", "side": "bid", "price": 0.7, "size": 474.0}, {"op": "set", "side": "bid", "price": 0.73, "size": 23.0}, {"op": "set", "side": "ask", "price": 0.24, "size": 30975.07}]}
{"t": 1776976437.425882, "events": [{"op": "set", "side": "bid", "price": 0.66, "size": 341.0}, {"op": "set", "side": "ask", "price": 0.24, "size": 32194.07}]}
{"t": 1776976438.4467258, "events": [{"op": "set", "side": "bid", "price": 0.66, "size": 101.0}, {"op": "set", "side": "ask", "price": 0.24, "size": 30975.07}]}
{"t": 1776976439.456811, "events": [{"op": "set", "side": "bid", "price": 0.71, "size": 508.0}, {"op": "set", "side": "bid", "price": 0.7, "size": 536.0}, {"op": "set", "side": "bid", "price": 0.72, "size": 313.0}, {"op": "set", "side": "ask", "price": 0.24, "size": 32194.07}]}
{"t": 1776976442.480271, "events": [{"op": "set", "side": "bid", "price": 0.71, "size": 429.0}, {"op": "set", "side": "bid", "price": 0.7, "size": 474.0}, {"op": "delete", "side": "bid", "price": 0.72}, {"op": "set", "side": "bid", "price": 0.66, "size": 341.0}]}
{"t": 1776976443.4918458, "events": [{"op": "set", "side": "bid", "price": 0.71, "size": 508.0}, {"op": "set", "side": "bid", "price": 0.66, "size": 101.0}, {"op": "set", "side": "bid", "price": 0.7, "size": 536.0}, {"op": "set", "side": "bid", "price": 0.72, "size": 313.0}, {"op": "set", "side": "ask", "price": 0.24, "size": 30975.07}]}
{"t": 1776976444.5010781, "events": [{"op": "set", "side": "ask", "price": 0.24, "size": 32194.07}]}
{"t": 1776976450.5300539, "events": [{"op": "delete", "side": "bid", "price": 0.73}]}
{"t": 1776976451.535392, "events": [{"op": "delete", "side": "bid", "price": 0.72}, {"op": "set", "side": "bid", "price": 0.71, "size": 429.0}, {"op": "set", "side": "bid", "price": 0.7, "size": 474.0}, {"op": "set", "side": "bid", "price": 0.73, "size": 23.0}, {"op": "set", "side": "ask", "price": 0.24, "size": 30975.07}]}
{"t": 1776976453.5542011, "events": [{"op": "set", "side": "bid", "price": 0.66, "size": 341.0}, {"op": "set", "side": "ask", "price": 0.24, "size": 32194.07}]}
{"t": 1776976454.565593, "events": [{"op": "set", "side": "bid", "price": 0.66, "size": 101.0}, {"op": "set", "side": "ask", "price": 0.24, "size": 30975.07}]}
{"t": 1776976455.5719721, "events": [{"op": "set", "side": "bid", "price": 0.71, "size": 508.0}, {"op": "set", "side": "bid", "price": 0.7, "size": 536.0}, {"op": "set", "side": "bid", "price": 0.72, "size": 313.0}, {"op": "set", "side": "ask", "price": 0.24, "size": 32194.07}]}
{"t": 1776976458.60728, "events": [{"op": "set", "side": "bid", "price": 0.71, "size": 429.0}, {"op": "set", "side": "bid", "price": 0.7, "size": 474.0}, {"op": "delete", "side": "bid", "price": 0.72}, {"op": "set", "side": "ask", "price": 0.24, "size": 30975.07}]}
{"t": 1776976459.62, "events": [{"op": "set", "side": "bid", "price": 0.66, "size": 341.0}]}
{"t": 1776976460.625124, "events": [{"op": "delete", "side": "bid", "price": 0.73}, {"op": "set", "side": "bid", "price": 0.72, "size": 25.0}, {"op": "set", "side": "ask", "price": 0.24, "size": 32194.07}]}
{"t": 1776976461.631319, "events": [{"op": "set", "side": "bid", "price": 0.66, "size": 101.0}, {"op": "set", "side": "ask", "price": 0.24, "size": 30975.07}]}
{"t": 1776976462.638276, "events": [{"op": "set", "side": "bid", "price": 0.72, "size": 338.0}, {"op": "set", "side": "bid", "price": 0.71, "size": 508.0}, {"op": "set", "side": "bid", "price": 0.7, "size": 537.0}, {"op": "set", "side": "ask", "price": 0.24, "size": 32194.07}]}
{"t": 1776976465.66493, "events": [{"op": "set", "side": "bid", "price": 0.72, "size": 26.0}, {"op": "set", "side": "bid", "price": 0.71, "size": 38.0}, {"op": "set", "side": "bid", "price": 0.7, "size": 104.0}, {"op": "set", "side": "ask", "price": 0.24, "size": 30194.07}]}
{"t": 1776976467.6886039, "events": [{"op": "set", "side": "bid", "price": 0.71, "size": 451.0}, {"op": "set", "side": "bid", "price": 0.66, "size": 341.0}, {"op": "set", "side": "bid", "price": 0.7, "size": 480.0}, {"op": "set", "side": "ask", "price": 0.24, "size": 31194.07}]}
{"t": 1776976472.725442, "events": [{"op": "set", "side": "bid", "price": 0.72, "size": 339.0}, {"op": "set", "side": "bid", "price": 0.71, "size": 508.0}, {"op": "set", "side": "bid", "price": 0.66, "size": 101.0}, {"op": "set", "side": "bid", "price": 0.7, "size": 537.0}, {"op": "set", "side": "ask", "price": 0.24, "size": 30940.07}]}
{"t": 1776976473.738061, "events": [{"op": "set", "side": "ask", "price": 0.24, "size": 32159.07}, {"op": "set", "side": "ask", "price": 0.23, "size": 37.0}]}
{"t": 1776976474.742902, "events": [{"op": "set", "side": "bid", "price": 0.72, "size": 313.0}, {"op": "delete", "side": "ask", "price": 0.23}]}
{"t": 1776976475.752197, "events": [{"op": "set", "side": "bid", "price": 0.73, "size": 24.0}, {"op": "set", "side": "ask", "price": 0.23, "size": 37.0}]}
{"t": 1776976477.761339, "events": [{"op": "set", "side": "bid", "price": 0.71, "size": 38.0}, {"op": "set", "side": "bid", "price": 0.7, "size": 104.0}, {"op": "delete", "side": "bid", "price": 0.72}, {"op": "set", "side": "ask", "price": 0.24, "size": 30159.07}]}
{"t": 1776976479.7830348, "events": [{"op": "delete", "side": "bid", "price": 0.73}, {"op": "delete", "side": "ask", "price": 0.23}]}
{"t": 1776976480.793513, "events": [{"op": "set", "side": "bid", "price": 0.72, "size": 26.0}, {"op": "set", "side": "ask", "price": 0.23, "size": 35.0}]}
{"t": 1776976481.809105, "events": [{"op": "set", "side": "bid", "price": 0.71, "size": 450.0}, {"op": "set", "side": "bid", "price": 0.66, "size": 341.0}, {"op": "set", "side": "bid", "price": 0.7, "size": 479.0}, {"op": "set", "side": "ask", "price": 0.24, "size": 31159.07}]}
{"t": 1776976484.820907, "events": [{"op": "set", "side": "bid", "price": 0.66, "size": 101.0}, {"op": "set", "side": "ask", "price": 0.24, "size": 30940.07}]}
{"t": 1776976485.858399, "events": [{"op": "set", "side": "bid", "price": 0.72, "size": 313.0}, {"op": "set", "side": "bid", "price": 0.71, "size": 508.0}, {"op": "set", "side": "bid", "price": 0.7, "size": 537.0}, {"op": "set", "side": "bid", "price": 0.73, "size": 24.0}, {"op": "set", "side": "ask", "price": 0.23, "size": 36.0}, {"op": "set", "side": "ask", "price": 0.24, "size": 32159.07}]}
{"t": 1776976489.887844, "events": [{"op": "delete", "side": "bid", "price": 0.73}, {"op": "delete", "side": "ask", "price": 0.23}]}
{"t": 1776976490.901129, "events": [{"op": "delete", "side": "bid", "price": 0.72}, {"op": "set", "side": "bid", "price": 0.71, "size": 450.0}, {"op": "set", "side": "bid", "price": 0.7, "size": 479.0}, {"op": "set", "side": "bid", "price": 0.73, "size": 24.0}, {"op": "set", "side": "ask", "price": 0.24, "size": 30940.07}, {"op": "set", "side": "ask", "price": 0.23, "size": 37.0}]}
{"t": 1776976491.914994, "events": [{"op": "set", "side": "bid", "price": 0.71, "size": 429.0}, {"op": "set", "side": "bid", "price": 0.7, "size": 474.0}]}
{"t": 1776976492.923475, "events": [{"op": "set", "side": "bid", "price": 0.66, "size": 341.0}, {"op": "set", "side": "ask", "price": 0.24, "size": 32159.07}]}
{"t": 1776976495.9455118, "events": [{"op": "delete", "side": "bid", "price": 0.73}, {"op": "set", "side": "bid", "price": 0.72, "size": 25.0}]}
{"t": 1776976499.969461, "events": [{"op": "delete", "side": "bid", "price": 0.72}, {"op": "delete", "side": "ask", "price": 0.23}]}
{"t": 1776976500.976686, "events": [{"op": "set", "side": "bid", "price": 0.72, "size": 25.0}, {"op": "set", "side": "ask", "price": 0.23, "size": 37.0}]}
{"t": 1776976504.995602, "events": [{"op": "delete", "side": "bid", "price": 0.72}, {"op": "set", "side": "bid", "price": 0.66, "size": 101.0}, {"op": "delete", "side": "ask", "price": 0.23}, {"op": "set", "side": "ask", "price": 0.24, "size": 30940.07}]}
{"t": 1776976506.004798, "events": [{"op": "set", "side": "bid", "price": 0.71, "size": 508.0}, {"op": "set", "side": "bid", "price": 0.7, "size": 537.0}, {"op": "set", "side": "bid", "price": 0.72, "size": 338.0}, {"op": "set", "side": "ask", "price": 0.24, "size": 32159.07}, {"op": "set", "side": "ask", "price": 0.23, "size": 36.0}]}
{"t": 1776976510.0364318, "events": [{"op": "set", "side": "bid", "price": 0.72, "size": 313.0}, {"op": "delete", "side": "ask", "price": 0.23}]}
{"t": 1776976511.044847, "events": [{"op": "set", "side": "bid", "price": 0.73, "size": 23.0}, {"op": "set", "side": "ask", "price": 0.23, "size": 37.0}]}
{"t": 1776976520.122738, "events": [{"op": "delete", "side": "bid", "price": 0.73}, {"op": "delete", "side": "ask", "price": 0.23}]}
{"t": 1776976521.1357608, "events": [{"op": "delete", "side": "bid", "price": 0.72}, {"op": "set", "side": "bid", "price": 0.71, "size": 429.0}, {"op": "set", "side": "bid", "price": 0.7, "size": 474.0}, {"op": "set", "side": "bid", "price": 0.73, "size": 23.0}, {"op": "set", "side": "ask", "price": 0.24, "size": 30940.07}, {"op": "set", "side": "ask", "price": 0.23, "size": 37.0}]}
{"t": 1776976522.1437619, "events": [{"op": "set", "side": "bid", "price": 0.66, "size": 341.0}, {"op": "set", "side": "ask", "price": 0.24, "size": 32159.07}]}
{"t": 1776976525.156095, "events": [{"op": "delete", "side": "bid", "price": 0.73}, {"op": "delete", "side": "ask", "price": 0.23}]}
{"t": 1776976526.162179, "events": [{"op": "set", "side": "bid", "price": 0.72, "size": 25.0}, {"op": "set", "side": "ask", "price": 0.23, "size": 37.0}]}
{"t": 1776976535.199321, "events": [{"op": "delete", "side": "bid", "price": 0.72}, {"op": "delete", "side": "ask", "price": 0.23}]}
{"t": 1776976536.203557, "events": [{"op": "set", "side": "bid", "price": 0.71, "size": 38.0}, {"op": "set", "side": "bid", "price": 0.66, "size": 101.0}, {"op": "set", "side": "bid", "price": 0.7, "size": 104.0}, {"op": "set", "side": "bid", "price": 0.72, "size": 25.0}, {"op": "set", "side": "ask", "price": 0.24, "size": 30159.07}, {"op": "set", "side": "ask", "price": 0.23, "size": 37.0}]}
{"t": 1776976537.216504, "events": [{"op": "set", "side": "bid", "price": 0.71, "size": 449.0}, {"op": "set", "side": "bid", "price": 0.66, "size": 341.0}, {"op": "set", "side": "bid", "price": 0.7, "size": 479.0}, {"op": "set", "side": "ask", "price": 0.24, "size": 31159.07}]}
{"t": 1776976540.237312, "events": [{"op": "delete", "side": "bid", "price": 0.72}, {"op": "set", "side": "bid", "price": 0.66, "size": 101.0}, {"op": "delete", "side": "ask", "price": 0.23}]}
{"t": 1776976541.245595, "events": [{"op": "set", "side": "bid", "price": 0.72, "size": 25.0}, {"op": "set", "side": "ask", "price": 0.23, "size": 36.0}]}
{"t": 1776976542.257569, "events": [{"op": "set", "side": "ask", "price": 0.24, "size": 30940.07}]}
{"t": 1776976544.27052, "events": [{"op": "set", "side": "bid", "price": 0.72, "size": 338.0}, {"op": "set", "side": "bid", "price": 0.71, "size": 508.0}, {"op": "set", "side": "bid", "price": 0.7, "size": 537.0}]}
{"t": 1776976545.305117, "events": [{"op": "delete", "side": "bid", "price": 0.72}, {"op": "set", "side": "bid", "price": 0.71, "size": 449.0}, {"op": "set", "side": "bid", "price": 0.7, "size": 479.0}, {"op": "set", "side": "bid", "price": 0.73, "size": 24.0}]}
{"t": 1776976546.315924, "events": [{"op": "set", "side": "bid", "price": 0.71, "size": 429.0}, {"op": "set", "side": "bid", "price": 0.66, "size": 341.0}, {"op": "set", "side": "bid", "price": 0.7, "size": 474.0}]}
{"t": 1776976547.325418, "events": [{"op": "set", "side": "ask", "price": 0.24, "size": 32159.07}]}
{"t": 1776976548.331649, "events": [{"op": "set", "side": "bid", "price": 0.66, "size": 101.0}, {"op": "set", "side": "ask", "price": 0.24, "size": 30940.07}]}
{"t": 1776976549.3694139, "events": [{"op": "set", "side": "bid", "price": 0.71, "size": 508.0}, {"op": "set", "side": "bid", "price": 0.7, "size": 537.0}, {"op": "set", "side": "bid", "price": 0.72, "size": 313.0}]}
{"t": 1776976550.374534, "events": [{"op": "set", "side": "ask", "price": 0.23, "size": 37.0}, {"op": "set", "side": "ask", "price": 0.24, "size": 32159.07}]}
{"t": 1776976552.38733, "events": [{"op": "set", "side": "bid", "price": 0.71, "size": 429.0}, {"op": "set", "side": "bid", "price": 0.7, "size": 474.0}, {"op": "delete", "side": "bid", "price": 0.72}, {"op": "set", "side": "ask", "price": 0.24, "size": 30940.07}]}
{"t": 1776976553.394047, "events": [{"op": "set", "side": "bid", "price": 0.66, "size": 341.0}, {"op": "set", "side": "ask", "price": 0.24, "size": 32159.07}]}
{"t": 1776976555.404792, "events": [{"op": "delete", "side": "bid", "price": 0.73}, {"op": "delete", "side": "ask", "price": 0.23}]}
{"t": 1776976556.4166641, "events": [{"op": "set", "side": "bid", "price": 0.72, "size": 25.0}, {"op": "set", "side": "ask", "price": 0.23, "size": 37.0}]}
{"t": 1776976560.430049, "events": [{"op": "delete", "side": "bid", "price": 0.72}, {"op": "set", "side": "bid", "price": 0.66, "size": 101.0}, {"op": "delete", "side": "ask", "price": 0.23}, {"op": "set", "side": "ask", "price": 0.24, "size": 30940.07}]}
{"t": 1776976561.438821, "events": [{"op": "set", "side": "bid", "price": 0.71, "size": 508.0}, {"op": "set", "side": "bid", "price": 0.7, "size": 537.0}, {"op": "set", "side": "bid", "price": 0.72, "size": 313.0}, {"op": "set", "side": "bid", "price": 0.73, "size": 24.0}, {"op": "set", "side": "ask", "price": 0.24, "size": 32159.07}, {"op": "set", "side": "ask", "price": 0.23, "size": 36.0}]}
{"t": 1776976565.468847, "events": [{"op": "delete", "side": "bid", "price": 0.73}, {"op": "set", "side": "bid", "price": 0.71, "size": 553.0}, {"op": "set", "side": "bid", "price": 0.7, "size": 508.0}, {"op": "set", "side": "bid", "price": 0.72, "size": 26.0}, {"op": "set", "side": "bid", "price": 0.66, "size": 341.0}, {"op": "set", "side": "ask", "price": 0.24, "size": 30940.07}]}
{"t": 1776976566.4827142, "events": [{"op": "set", "side": "ask", "price": 0.24, "size": 32159.07}]}
{"t": 1776976569.49947, "events": [{"op": "set", "side": "bid", "price": 0.71, "size": 38.0}, {"op": "set", "side": "bid", "price": 0.66, "size": 101.0}, {"op": "set", "side": "bid", "price": 0.7, "size": 104.0}, {"op": "set", "side": "ask", "price": 0.24, "size": 30159.07}]}
{"t": 1776976570.521151, "events": [{"op": "set", "side": "ask", "price": 0.23, "size": 34.0}]}
{"t": 1776976572.538016, "events": [{"op": "set", "side": "bid", "price": 0.71, "size": 448.0}, {"op": "set", "side": "bid", "price": 0.66, "size": 341.0}, {"op": "set", "side": "bid", "price": 0.7, "size": 479.0}, {"op": "set", "side": "ask", "price": 0.24, "size": 31159.07}]}
{"t": 1776976573.54511, "events": [{"op": "set", "side": "bid", "price": 0.66, "size": 101.0}]}
{"t": 1776976574.550605, "events": [{"op": "set", "side": "bid", "price": 0.72, "size": 339.0}, {"op": "set", "side": "bid", "price": 0.71, "size": 508.0}, {"op": "set", "side": "bid", "price": 0.7, "size": 537.0}, {"op": "set", "side": "ask", "price": 0.24, "size": 32159.07}]}
{"t": 1776976575.5694778, "events": [{"op": "set", "side": "bid", "price": 0.72, "size": 313.0}, {"op": "delete", "side": "ask", "price": 0.23}]}
{"t": 1776976576.575867, "events": [{"op": "delete", "side": "bid", "price": 0.72}, {"op": "set", "side": "bid", "price": 0.71, "size": 448.0}, {"op": "set", "side": "bid", "price": 0.73, "size": 25.0}, {"op": "set", "side": "ask", "price": 0.24, "size": 30940.07}, {"op": "set", "side": "ask", "price": 0.23, "size": 35.0}]}
{"t": 1776976577.582925, "events": [{"op": "set", "side": "bid", "price": 0.7, "size": 508.0}]}
{"t": 1776976578.5899022, "events": [{"op": "set", "side": "bid", "price": 0.71, "size": 553.0}, {"op": "set", "side": "bid", "price": 0.66, "size": 341.0}, {"op": "set", "side": "ask", "price": 0.24, "size": 32159.07}]}
{"t": 1776976579.598368, "events": [{"op": "set", "side": "bid", "price": 0.71, "size": 448.0}, {"op": "set", "side": "bid", "price": 0.66, "size": 101.0}, {"op": "set", "side": "bid", "price": 0.7, "size": 479.0}, {"op": "set", "side": "ask", "price": 0.24, "size": 30940.07}]}
{"t": 1776976580.610691, "events": [{"op": "set", "side": "bid", "price": 0.73, "size": 24.0}, {"op": "set", "side": "bid", "price": 0.71, "size": 656.0}, {"op": "set", "side": "bid", "price": 0.7, "size": 571.0}, {"op": "set", "side": "bid", "price": 0.72, "size": 391.0}, {"op": "set", "side": "ask", "price": 0.23, "size": 36.0}, {"op": "set", "side": "ask", "price": 0.24, "size": 32159.07}]}
{"t": 1776976582.626801, "events": [{"op": "set", "side": "bid", "price": 0.71, "size": 559.0}, {"op": "set", "side": "bid", "price": 0.7, "size": 583.0}, {"op": "delete", "side": "bid", "price": 0.72}, {"op": "set", "side": "ask", "price": 0.24, "size": 30940.07}]}
{"t": 1776976583.6361852, "events": [{"op": "set", "side": "ask", "price": 0.24, "size": 32159.07}]}
{"t": 1776976585.646488, "events": [{"op": "delete", "side": "bid", "price": 0.73}, {"op": "set", "side": "bid", "price": 0.72, "size": 25.0}]}
{"t": 1776976587.65838, "events": [{"op": "set", "side": "ask", "price": 0.24, "size": 30940.07}]}
{"t": 1776976588.667841, "events": [{"op": "set", "side": "ask", "price": 0.24, "size": 32159.07}]}
{"t": 1776976590.681835, "events": [{"op": "set", "side": "ask", "price": 0.23, "size": 37.0}]}
{"t": 1776976592.712306, "events": [{"op": "set", "side": "ask", "price": 0.24, "size": 30940.07}]}
{"t": 1776976593.717815, "events": [{"op": "set", "side": "ask", "price": 0.24, "size": 32159.07}]}
{"t": 1776976605.780865, "events": [{"op": "set", "side": "ask", "price": 0.23, "size": 36.0}, {"op": "set", "side": "ask", "price": 0.24, "size": 30940.07}]}
{"t": 1776976606.794375, "events": [{"op": "set", "side": "ask", "price": 0.24, "size": 32159.07}]}
{"t": 1776976610.818959, "events": [{"op": "set", "side": "ask", "price": 0.23, "size": 37.0}]}
{"t": 1776976619.87493, "events": [{"op": "delete", "side": "bid", "price": 0.72}, {"op": "delete", "side": "ask", "price": 0.23}]}
{"t": 1776976620.890514, "events": [{"op": "set", "side": "bid", "price": 0.72, "size": 25.0}, {"op": "set", "side": "ask", "price": 0.23, "size": 37.0}]}
{"t": 1776976623.9121861, "events": [{"op": "set", "side": "ask", "price": 0.24, "size": 30940.07}]}
{"t": 1776976624.9222841, "events": [{"op": "set", "side": "ask", "price": 0.24, "size": 32159.07}]}
{"t": 1776976627.946018, "events": [{"op": "set", "side": "bid", "price": 0.71, "size": 38.0}, {"op": "set", "side": "bid", "price": 0.7, "size": 104.0}, {"op": "set", "side": "ask", "price": 0.24, "size": 30159.07}]}
{"t": 1776976630.9735959, "events": [{"op": "set", "side": "bid", "price": 0.72, "size": 26.0}, {"op": "set", "side": "ask", "price": 0.23, "size": 36.0}]}
{"t": 1776976631.9891021, "events": [{"op": "set", "side": "bid", "price": 0.71, "size": 447.0}, {"op": "set", "side": "bid", "price": 0.66, "size": 341.0}, {"op": "set", "side": "bid", "price": 0.7, "size": 479.0}, {"op": "set", "side": "ask", "price": 0.24, "size": 31159.07}]}
{"t": 1776976636.012798, "events": [{"op": "set", "side": "bid", "price": 0.66, "size": 101.0}]}
{"t": 1776976637.021386, "events": [{"op": "set", "side": "bid", "price": 0.72, "size": 339.0}, {"op": "set", "side": "bid", "price": 0.71, "size": 509.0}, {"op": "set", "side": "bid", "price": 0.7, "size": 538.0}, {"op": "set", "side": "ask", "price": 0.24, "size": 32159.07}]}
{"t": 1776976640.0406752, "events": [{"op": "set", "side": "bid", "price": 0.72, "size": 313.0}, {"op": "delete", "side": "ask", "price": 0.23}]}
{"t": 1776976641.045354, "events": [{"op": "set", "side": "bid", "price": 0.73, "size": 24.0}, {"op": "set", "side": "ask", "price": 0.23, "size": 36.0}]}
{"t": 1776976645.071788, "events": [{"op": "delete", "side": "ask", "price": 0.23}]}
{"t": 1776976646.075077, "events": [{"op": "set", "side": "ask", "price": 0.23, "size": 36.0}]}
{"t": 1776976648.087174, "events": [{"op": "set", "side": "bid", "price": 0.71, "size": 553.0}, {"op": "set", "side": "bid", "price": 0.7, "size": 508.0}, {"op": "delete", "side": "bid", "price": 0.72}, {"op": "set", "side": "bid", "price": 0.66, "size": 341.0}, {"op": "set", "side": "ask", "price": 0.24, "size": 30940.07}]}
{"t": 1776976649.094667, "events": [{"op": "set", "side": "ask", "price": 0.24, "size": 32159.07}]}
{"t": 1776976650.106755, "events": [{"op": "delete", "side": "bid", "price": 0.73}, {"op": "set", "side": "bid", "price": 0.71, "size": 447.0}, {"op": "set", "side": "bid", "price": 0.66, "size": 101.0}, {"op": "set", "side": "bid", "price": 0.7, "size": 479.0}, {"op": "delete", "side": "ask", "price": 0.23}, {"op": "set", "side": "ask", "price": 0.24, "size": 30940.07}]}
{"t": 1776976651.118593, "events": [{"op": "set", "side": "bid", "price": 0.71, "size": 657.0}, {"op": "set", "side": "bid", "price": 0.7, "size": 572.0}, {"op": "set", "side": "bid", "price": 0.72, "size": 391.0}, {"op": "set", "side": "bid", "price": 0.73, "size": 23.0}, {"op": "set", "side": "ask", "price": 0.24, "size": 32159.07}, {"op": "set", "side": "ask", "price": 0.23, "size": 37.0}]}
{"t": 1776976653.130749, "events": [{"op": "set", "side": "bid", "price": 0.71, "size": 559.0}, {"op": "set", "side": "bid", "price": 0.7, "size": 583.0}, {"op": "delete", "side": "bid", "price": 0.72}]}
{"t": 1776976655.139762, "events": [{"op": "delete", "side": "bid", "price": 0.73}, {"op": "delete", "side": "ask", "price": 0.23}]}
{"t": 1776976656.145735, "events": [{"op": "set", "side": "bid", "price": 0.72, "size": 25.0}, {"op": "set", "side": "ask", "price": 0.23, "size": 37.0}]}
{"t": 1776976661.1799512, "events": [{"op": "delete", "side": "bid", "price": 0.72}, {"op": "delete", "side": "ask", "price": 0.23}]}
{"t": 1776976662.1883461, "events": [{"op": "set", "side": "bid", "price": 0.72, "size": 25.0}, {"op": "set", "side": "ask", "price": 0.23, "size": 37.0}]}
{"t": 1776976665.228876, "events": [{"op": "delete", "side": "bid", "price": 0.72}, {"op": "delete", "side": "ask", "price": 0.23}]}
{"t": 1776976666.242671, "events": [{"op": "set", "side": "bid", "price": 0.72, "size": 25.0}, {"op": "set", "side": "ask", "price": 0.23, "size": 37.0}]}
{"t": 1776976670.27538, "events": [{"op": "delete", "side": "bid", "price": 0.72}, {"op": "delete", "side": "ask", "price": 0.23}]}
{"t": 1776976671.281625, "events": [{"op": "set", "side": "bid", "price": 0.72, "size": 25.0}, {"op": "set", "side": "ask", "price": 0.23, "size": 37.0}]}
{"t": 1776976675.3047261, "events": [{"op": "delete", "side": "bid", "price": 0.72}, {"op": "delete", "side": "ask", "price": 0.23}]}
{"t": 1776976676.313505, "events": [{"op": "set", "side": "bid", "price": 0.72, "size": 25.0}, {"op": "set", "side": "ask", "price": 0.23, "size": 37.0}]}
{"t": 1776976680.334271, "events": [{"op": "delete", "side": "bid", "price": 0.72}, {"op": "delete", "side": "ask", "price": 0.23}]}
{"t": 1776976681.3585122, "events": [{"op": "set", "side": "bid", "price": 0.72, "size": 25.0}, {"op": "set", "side": "ask", "price": 0.23, "size": 37.0}]}
{"t": 1776976684.368648, "events": [{"op": "set", "side": "ask", "price": 0.24, "size": 32158.07}]}
{"t": 1776976688.379301, "events": [{"op": "set", "side": "ask", "price": 0.24, "size": 30939.07}]}
{"t": 1776976689.3868952, "events": [{"op": "set", "side": "ask", "price": 0.24, "size": 32158.07}]}
{"t": 1776976690.397115, "events": [{"op": "delete", "side": "bid", "price": 0.72}, {"op": "delete", "side": "ask", "price": 0.23}]}
{"t": 1776976691.417778, "events": [{"op": "set", "side": "bid", "price": 0.72, "size": 25.0}, {"op": "set", "side": "ask", "price": 0.23, "size": 37.0}]}
{"t": 1776976694.6291242, "events": [{"op": "set", "side": "bid", "price": 0.71, "size": 38.0}, {"op": "set", "side": "bid", "price": 0.7, "size": 104.0}, {"op": "set", "side": "ask", "price": 0.24, "size": 30158.07}]}
{"t": 1776976695.801642, "events": [{"op": "set", "side": "ask", "price": 0.23, "size": 36.0}]}
{"t": 1776976698.8431628, "events": [{"op": "set", "side": "bid", "price": 0.71, "size": 454.0}, {"op": "set", "side": "bid", "price": 0.66, "size": 341.0}, {"op": "set", "side": "bid", "price": 0.7, "size": 481.0}, {"op": "set", "side": "ask", "price": 0.24, "size": 31158.07}]}
{"t": 1776976701.868041, "events": [{"op": "delete", "side": "bid", "price": 0.5}]}
{"t": 1776976702.870096, "events": [{"op": "delete", "side": "bid", "price": 0.72}, {"op": "set", "side": "bid", "price": 0.66, "size": 101.0}, {"op": "set", "side": "bid", "price": 0.5, "size": 14.0}, {"op": "delete", "side": "ask", "price": 0.23}, {"op": "set", "side": "ask", "price": 0.24, "size": 30939.07}]}
{"t": 1776976703.879584, "events": [{"op": "set", "side": "bid", "price": 0.71, "size": 506.0}, {"op": "set", "side": "bid", "price": 0.7, "size": 535.0}, {"op": "set", "side": "bid", "price": 0.72, "size": 339.0}, {"op": "set", "side": "ask", "price": 0.23, "size": 36.0}]}
{"t": 1776976704.894332, "events": [{"op": "set", "side": "ask", "price": 0.24, "size": 32158.07}]}
{"t": 1776976705.8967402, "events": [{"op": "set", "side": "bid", "price": 0.72, "size": 313.0}, {"op": "set", "side": "bid", "price": 0.73, "size": 24.0}]}
{"t": 1776976720.0040588, "events": [{"op": "set", "side": "bid", "price": 0.71, "size": 454.0}, {"op": "set", "side": "bid", "price": 0.7, "size": 481.0}, {"op": "delete", "side": "bid", "price": 0.72}, {"op": "set", "side": "ask", "price": 0.24, "size": 30939.07}]}
{"t": 1776976721.023626, "events": [{"op": "delete", "side": "bid", "price": 0.73}, {"op": "set", "side": "bid", "price": 0.71, "size": 429.0}, {"op": "set", "side": "bid", "price": 0.66, "size": 341.0}, {"op": "set", "side": "bid", "price": 0.7, "size": 474.0}, {"op": "set", "side": "bid", "price": 0.72, "size": 26.0}, {"op": "set", "side": "ask", "price": 0.24, "size": 32158.07}]}
{"t": 1776976725.0786262, "events": [{"op": "delete", "side": "bid", "price": 0.72}, {"op": "delete", "side": "ask", "price": 0.23}]}
{"t": 1776976728.131846, "events": [{"op": "set", "side": "bid", "price": 0.72, "size": 25.0}, {"op": "set", "side": "ask", "price": 0.23, "size": 37.0}]}
{"t": 1776976729.136172, "events": [{"op": "set", "side": "bid", "price": 0.72, "size": 338.0}, {"op": "set", "side": "bid", "price": 0.71, "size": 507.0}, {"op": "set", "side": "bid", "price": 0.66, "size": 101.0}, {"op": "set", "side": "bid", "price": 0.7, "size": 536.0}, {"op": "set", "side": "ask", "price": 0.24, "size": 30939.07}]}
{"t": 1776976730.1580229, "events": [{"op": "set", "side": "ask", "price": 0.24, "size": 32158.07}]}
{"t": 1776976732.18078, "events": [{"op": "set", "side": "bid", "price": 0.72, "size": 313.0}, {"op": "delete", "side": "ask", "price": 0.23}]}
{"t": 1776976736.203402, "events": [{"op": "set", "side": "bid", "price": 0.73, "size": 23.0}, {"op": "set", "side": "ask", "price": 0.23, "size": 37.0}]}
{"t": 1776976738.2212422, "events": [{"op": "set", "side": "bid", "price": 0.71, "size": 429.0}, {"op": "set", "side": "bid", "price": 0.7, "size": 474.0}, {"op": "delete", "side": "bid", "price": 0.72}, {"op": "set", "side": "ask", "price": 0.24, "size": 30939.07}]}
{"t": 1776976739.229032, "events": [{"op": "set", "side": "bid", "price": 0.66, "size": 341.0}, {"op": "set", "side": "ask", "price": 0.24, "size": 32158.07}]}
{"t": 1776976740.2347279, "events": [{"op": "set", "side": "bid", "price": 0.66, "size": 101.0}, {"op": "set", "side": "ask", "price": 0.24, "size": 30939.07}]}
{"t": 1776976741.2510169, "events": [{"op": "set", "side": "bid", "price": 0.71, "size": 507.0}, {"op": "set", "side": "bid", "price": 0.7, "size": 536.0}, {"op": "set", "side": "bid", "price": 0.72, "size": 313.0}, {"op": "set", "side": "ask", "price": 0.24, "size": 32158.07}]}
{"t": 1776976746.492167, "events": [{"op": "delete", "side": "bid", "price": 0.73}, {"op": "delete", "side": "ask", "price": 0.23}]}
{"t": 1776976752.540415, "events": [{"op": "set", "side": "bid", "price": 0.72, "size": 25.0}, {"op": "set", "side": "bid", "price": 0.71, "size": 429.0}, {"op": "set", "side": "bid", "price": 0.66, "size": 341.0}, {"op": "set", "side": "bid", "price": 0.7, "size": 474.0}, {"op": "set", "side": "ask", "price": 0.24, "size": 30973.07}]}
{"t": 1776976753.55836, "events": [{"op": "set", "side": "ask", "price": 0.24, "size": 32192.07}]}
{"t": 1776976755.570341, "events": [{"op": "delete", "side": "bid", "price": 0.72}]}
{"t": 1776976756.580106, "events": [{"op": "set", "side": "bid", "price": 0.72, "size": 25.0}]}
{"t": 1776976760.616456, "events": [{"op": "set", "side": "bid", "price": 0.72, "size": 313.0}, {"op": "set", "side": "bid", "price": 0.71, "size": 507.0}, {"op": "set", "side": "bid", "price": 0.66, "size": 101.0}, {"op": "set", "side": "bid", "price": 0.7, "size": 536.0}, {"op": "set", "side": "bid", "price": 0.73, "size": 23.0}]}
{"t": 1776976765.655814, "events": [{"op": "delete", "side": "bid", "price": 0.73}]}
{"t": 1776976766.6620412, "events": [{"op": "set", "side": "bid", "price": 0.73, "size": 23.0}]}
{"t": 1776976769.6871839, "events": [{"op": "set", "side": "bid", "price": 0.71, "size": 429.0}, {"op": "set", "side": "bid", "price": 0.7, "size": 474.0}, {"op": "delete", "side": "bid", "price": 0.72}, {"op": "set", "side": "ask", "price": 0.24, "size": 30973.07}]}
{"t": 1776976770.703775, "events": [{"op": "delete", "side": "bid", "price": 0.73}, {"op": "set", "side": "bid", "price": 0.66, "size": 341.0}, {"op": "set", "side": "ask", "price": 0.24, "size": 32192.07}]}
{"t": 1776976771.725236, "events": [{"op": "set", "side": "bid", "price": 0.72, "size": 24.0}]}
{"t": 1776976772.744343, "events": [{"op": "set", "side": "bid", "price": 0.66, "size": 101.0}, {"op": "set", "side": "ask", "price": 0.24, "size": 30973.07}]}
{"t": 1776976773.7583098, "events": [{"op": "set", "side": "bid", "price": 0.72, "size": 337.0}, {"op": "set", "side": "bid", "price": 0.71, "size": 507.0}, {"op": "set", "side": "bid", "price": 0.7, "size": 536.0}, {"op": "set", "side": "ask", "price": 0.24, "size": 32192.07}]}
{"t": 1776976775.7824068, "events": [{"op": "set", "side": "bid", "price": 0.72, "size": 313.0}, {"op": "set", "side": "bid", "price": 0.73, "size": 22.0}]}
{"t": 1776976780.8084228, "events": [{"op": "delete", "side": "bid", "price": 0.73}]}
{"t": 1776976781.81758, "events": [{"op": "set", "side": "bid", "price": 0.72, "size": 337.0}]}
{"t": 1776976785.8373, "events": [{"op": "set", "side": "bid", "price": 0.72, "size": 313.0}]}
{"t": 1776976786.846972, "events": [{"op": "set", "side": "bid", "price": 0.72, "size": 337.0}]}
{"t": 1776976788.865946, "events": [{"op": "set", "side": "bid", "price": 0.72, "size": 24.0}, {"op": "set", "side": "bid", "price": 0.71, "size": 429.0}, {"op": "set", "side": "bid", "price": 0.7, "size": 474.0}, {"op": "set", "side": "ask", "price": 0.24, "size": 30973.07}]}
{"t": 1776976790.891396, "events": [{"op": "delete", "side": "bid", "price": 0.72}, {"op": "set", "side": "bid", "price": 0.66, "size": 341.0}, {"op": "set", "side": "ask", "price": 0.24, "size": 32192.07}]}
{"t": 1776976791.9012082, "events": [{"op": "set", "side": "bid", "price": 0.72, "size": 24.0}]}
{"t": 1776976792.913603, "events": [{"op": "set", "side": "bid", "price": 0.66, "size": 101.0}, {"op": "set", "side": "ask", "price": 0.24, "size": 30973.07}]}
{"t": 1776976793.92892, "events": [{"op": "set", "side": "bid", "price": 0.72, "size": 337.0}, {"op": "set", "side": "bid", "price": 0.71, "size": 508.0}, {"op": "set", "side": "bid", "price": 0.7, "size": 536.0}, {"op": "set", "side": "ask", "price": 0.24, "size": 32192.07}]}
{"t": 1776976798.966105, "events": [{"op": "set", "side": "bid", "price": 0.72, "size": 24.0}, {"op": "set", "side": "bid", "price": 0.71, "size": 38.0}, {"op": "set", "side": "bid", "price": 0.7, "size": 104.0}, {"op": "set", "side": "ask", "price": 0.24, "size": 30192.07}]}
{"t": 1776976802.004491, "events": [{"op": "delete", "side": "bid", "price": 0.72}, {"op": "set", "side": "bid", "price": 0.71, "size": 451.0}, {"op": "set", "side": "bid", "price": 0.66, "size": 341.0}, {"op": "set", "side": "bid", "price": 0.7, "size": 480.0}, {"op": "set", "side": "bid", "price": 0.73, "size": 24.0}, {"op": "set", "side": "ask", "price": 0.24, "size": 31192.07}]}
{"t": 1776976806.063827, "events": [{"op": "delete", "side": "bid", "price": 0.73}, {"op": "set", "side": "bid", "price": 0.66, "size": 101.0}, {"op": "set", "side": "ask", "price": 0.24, "size": 30973.07}]}
{"t": 1776976807.082735, "events": [{"op": "set", "side": "bid", "price": 0.72, "size": 25.0}]}
{"t": 1776976808.091316, "events": [{"op": "set", "side": "bid", "price": 0.72, "size": 338.0}, {"op": "set", "side": "bid", "price": 0.71, "size": 508.0}, {"op": "set", "side": "bid", "price": 0.7, "size": 537.0}]}
{"t": 1776976809.098349, "events": [{"op": "set", "side": "ask", "price": 0.24, "size": 32192.07}]}
{"t": 1776976811.119054, "events": [{"op": "set", "side": "bid", "price": 0.72, "size": 313.0}]}
{"t": 1776976812.1601799, "events": [{"op": "delete", "side": "bid", "price": 0.72}, {"op": "set", "side": "bid", "price": 0.71, "size": 451.0}, {"op": "set", "side": "bid", "price": 0.7, "size": 480.0}, {"op": "set", "side": "bid", "price": 0.73, "size": 23.0}, {"op": "set", "side": "ask", "price": 0.24, "size": 30973.07}]}
{"t": 1776976813.173311, "events": [{"op": "set", "side": "bid", "price": 0.71, "size": 429.0}, {"op": "set", "side": "bid", "price": 0.7, "size": 474.0}]}
{"t": 1776976814.181136, "events": [{"op": "set", "side": "bid", "price": 0.66, "size": 341.0}, {"op": "set", "side": "ask", "price": 0.24, "size": 32192.07}]}
{"t": 1776976816.192041, "events": [{"op": "set", "side": "bid", "price": 0.66, "size": 101.0}, {"op": "set", "side": "ask", "price": 0.24, "size": 30973.07}]}
{"t": 1776976817.207639, "events": [{"op": "delete", "side": "bid", "price": 0.73}, {"op": "set", "side": "bid", "price": 0.71, "size": 508.0}, {"op": "set", "side": "bid", "price": 0.7, "size": 537.0}, {"op": "set", "side": "bid", "price": 0.72, "size": 313.0}]}
{"t": 1776976818.228111, "events": [{"op": "set", "side": "bid", "price": 0.73, "size": 23.0}, {"op": "set", "side": "ask", "price": 0.24, "size": 32192.07}]}
{"t": 1776976820.246989, "events": [{"op": "set", "side": "bid", "price": 0.71, "size": 429.0}, {"op": "set", "side": "bid", "price": 0.7, "size": 474.0}, {"op": "delete", "side": "bid", "price": 0.72}, {"op": "set", "side": "ask", "price": 0.24, "size": 30973.07}]}
{"t": 1776976821.2622788, "events": [{"op": "delete", "side": "bid", "price": 0.73}, {"op": "set", "side": "bid", "price": 0.66, "size": 341.0}, {"op": "set", "side": "bid", "price": 0.72, "size": 25.0}, {"op": "set", "side": "ask", "price": 0.24, "size": 32192.07}]}
{"t": 1776976823.281095, "events": [{"op": "set", "side": "bid", "price": 0.72, "size": 338.0}, {"op": "set", "side": "bid", "price": 0.71, "size": 117.0}, {"op": "set", "side": "bid", "price": 0.66, "size": 101.0}, {"op": "set", "side": "bid", "price": 0.7, "size": 167.0}, {"op": "set", "side": "ask", "price": 0.24, "size": 30192.07}]}
{"t": 1776976824.2959201, "events": [{"op": "set", "side": "ask", "price": 0.24, "size": 31411.07}]}
{"t": 1776976825.307746, "events": [{"op": "set", "side": "bid", "price": 0.72, "size": 25.0}]}
{"t": 1776976826.322222, "events": [{"op": "set", "side": "bid", "price": 0.71, "size": 429.0}, {"op": "set", "side": "bid", "price": 0.66, "size": 341.0}, {"op": "set", "side": "bid", "price": 0.7, "size": 474.0}, {"op": "set", "side": "ask", "price": 0.24, "size": 30973.07}]}
{"t": 1776976827.333923, "events": [{"op": "set", "side": "ask", "price": 0.24, "size": 32192.07}]}
{"t": 1776976829.35049, "events": [{"op": "set", "side": "bid", "price": 0.71, "size": 117.0}, {"op": "set", "side": "bid", "price": 0.66, "size": 101.0}, {"op": "set", "side": "bid", "price": 0.7, "size": 167.0}, {"op": "set", "side": "ask", "price": 0.24, "size": 30973.07}]}
{"t": 1776976831.380969, "events": [{"op": "set", "side": "bid", "price": 0.72, "size": 313.0}, {"op": "set", "side": "bid", "price": 0.71, "size": 508.0}, {"op": "set", "side": "bid", "price": 0.7, "size": 537.0}, {"op": "set", "side": "bid", "price": 0.73, "size": 22.0}, {"op": "set", "side": "ask", "price": 0.24, "size": 32192.07}]}
{"t": 1776976834.404785, "events": [{"op": "set", "side": "bid", "price": 0.71, "size": 429.0}, {"op": "set", "side": "bid", "price": 0.7, "size": 474.0}, {"op": "delete", "side": "bid", "price": 0.72}, {"op": "set", "side": "ask", "price": 0.24, "size": 30973.07}]}
{"t": 1776976836.4244428, "events": [{"op": "delete", "side": "bid", "price": 0.73}, {"op": "set", "side": "bid", "price": 0.66, "size": 341.0}]}
{"t": 1776976837.434342, "events": [{"op": "set", "side": "bid", "price": 0.72, "size": 25.0}, {"op": "set", "side": "ask", "price": 0.24, "size": 32192.07}]}
{"t": 1776976839.444206, "events": [{"op": "set", "side": "bid", "price": 0.71, "size": 117.0}, {"op": "set", "side": "bid", "price": 0.66, "size": 101.0}, {"op": "set", "side": "bid", "price": 0.7, "size": 167.0}, {"op": "set", "side": "ask", "price": 0.24, "size": 30973.07}]}
{"t": 1776976840.4514198, "events": [{"op": "set", "side": "bid", "price": 0.72, "size": 338.0}, {"op": "set", "side": "bid", "price": 0.71, "size": 508.0}, {"op": "set", "side": "bid", "price": 0.7, "size": 537.0}, {"op": "set", "side": "ask", "price": 0.24, "size": 32192.07}]}
{"t": 1776976841.461482, "events": [{"op": "set", "side": "bid", "price": 0.72, "size": 337.0}]}
{"t": 1776976843.4774091, "events": [{"op": "set", "side": "bid", "price": 0.72, "size": 24.0}, {"op": "set", "side": "ask", "price": 0.24, "size": 30973.07}]}
{"t": 1776976844.4879239, "events": [{"op": "set", "side": "bid", "price": 0.71, "size": 429.0}, {"op": "set", "side": "bid", "price": 0.66, "size": 341.0}, {"op": "set", "side": "bid", "price": 0.7, "size": 474.0}, {"op": "set", "side": "ask", "price": 0.24, "size": 32192.07}]}
{"t": 1776976856.5596192, "events": [{"op": "set", "side": "bid", "price": 0.71, "size": 117.0}, {"op": "set", "side": "bid", "price": 0.66, "size": 101.0}, {"op": "set", "side": "bid", "price": 0.7, "size": 167.0}, {"op": "set", "side": "ask", "price": 0.24, "size": 30973.07}]}
{"t": 1776976857.581012, "events": [{"op": "set", "side": "bid", "price": 0.72, "size": 337.0}, {"op": "set", "side": "bid", "price": 0.71, "size": 508.0}, {"op": "set", "side": "bid", "price": 0.7, "size": 537.0}, {"op": "set", "side": "ask", "price": 0.24, "size": 32192.07}]}
{"t": 1776976862.621618, "events": [{"op": "set", "side": "bid", "price": 0.72, "size": 24.0}, {"op": "set", "side": "ask", "price": 0.24, "size": 30973.07}]}
{"t": 1776976863.631295, "events": [{"op": "set", "side": "bid", "price": 0.71, "size": 429.0}, {"op": "set", "side": "bid", "price": 0.7, "size": 474.0}]}
{"t": 1776976864.6476958, "events": [{"op": "set", "side": "bid", "price": 0.66, "size": 341.0}, {"op": "set", "side": "ask", "price": 0.24, "size": 32192.07}]}
{"t": 1776976873.730138, "events": [{"op": "set", "side": "bid", "price": 0.71, "size": 38.0}, {"op": "set", "side": "bid", "price": 0.66, "size": 101.0}, {"op": "set", "side": "bid", "price": 0.7, "size": 104.0}, {"op": "set", "side": "ask", "price": 0.24, "size": 30192.07}]}
{"t": 1776976876.771445, "events": [{"op": "set", "side": "bid", "price": 0.72, "size": 25.0}, {"op": "set", "side": "bid", "price": 0.71, "size": 449.0}, {"op": "set", "side": "bid", "price": 0.66, "size": 341.0}, {"op": "set", "side": "bid", "price": 0.7, "size": 479.0}, {"op": "set", "side": "ask", "price": 0.24, "size": 31192.07}]}
{"t": 1776976880.821571, "events": [{"op": "set", "side": "bid", "price": 0.72, "size": 338.0}, {"op": "set", "side": "bid", "price": 0.71, "size": 508.0}, {"op": "set", "side": "bid", "price": 0.66, "size": 101.0}, {"op": "set", "side": "bid", "price": 0.7, "size": 537.0}, {"op": "set", "side": "ask", "price": 0.24, "size": 30973.07}]}
{"t": 1776976881.847991, "events": [{"op": "set", "side": "bid", "price": 0.72, "size": 313.0}, {"op": "set", "side": "bid", "price": 0.73, "size": 22.0}, {"op": "set", "side": "ask", "price": 0.24, "size": 32192.07}]}
{"t": 1776976885.872129, "events": [{"op": "set", "side": "bid", "price": 0.71, "size": 429.0}, {"op": "set", "side": "bid", "price": 0.7, "size": 479.0}, {"op": "delete", "side": "bid", "price": 0.72}, {"op": "set", "side": "ask", "price": 0.24, "size": 30973.07}]}
{"t": 1776976886.884876, "events": [{"op": "delete", "side": "bid", "price": 0.73}, {"op": "set", "side": "bid", "price": 0.7, "size": 474.0}, {"op": "set", "side": "bid", "price": 0.72, "size": 25.0}, {"op": "set", "side": "ask", "price": 0.24, "size": 30773.07}]}
{"t": 1776976887.9062011, "events": [{"op": "set", "side": "bid", "price": 0.66, "size": 341.0}, {"op": "set", "side": "ask", "price": 0.24, "size": 31992.07}]}
{"t": 1776976889.923457, "events": [{"op": "set", "side": "bid", "price": 0.66, "size": 101.0}, {"op": "set", "side": "ask", "price": 0.24, "size": 30773.07}]}
{"t": 1776976891.953293, "events": [{"op": "set", "side": "bid", "price": 0.72, "size": 313.0}, {"op": "set", "side": "bid", "price": 0.71, "size": 508.0}, {"op": "set", "side": "bid", "price": 0.7, "size": 537.0}, {"op": "set", "side": "bid", "price": 0.73, "size": 22.0}, {"op": "set", "side": "ask", "price": 0.24, "size": 31992.07}]}
{"t": 1776976894.0004108, "events": [{"op": "set", "side": "bid", "price": 0.71, "size": 429.0}, {"op": "set", "side": "bid", "price": 0.7, "size": 474.0}, {"op": "delete", "side": "bid", "price": 0.72}, {"op": "set", "side": "ask", "price": 0.24, "size": 30773.07}]}
{"t": 1776976895.0113049, "events": [{"op": "set", "side": "bid", "price": 0.66, "size": 341.0}]}
{"t": 1776976896.023417, "events": [{"op": "set", "side": "ask", "price": 0.24, "size": 31992.07}]}
{"t": 1776976897.036383, "events": [{"op": "delete", "side": "bid", "price": 0.73}]}
{"t": 1776976899.057378, "events": [{"op": "set", "side": "bid", "price": 0.72, "size": 24.0}]}
{"t": 1776976901.0843189, "events": [{"op": "set", "side": "bid", "price": 0.66, "size": 101.0}, {"op": "set", "side": "ask", "price": 0.24, "size": 30773.07}]}
{"t": 1776976902.095287, "events": [{"op": "set", "side": "bid", "price": 0.72, "size": 337.0}, {"op": "set", "side": "bid", "price": 0.71, "size": 508.0}, {"op": "set", "side": "bid", "price": 0.7, "size": 537.0}]}
{"t": 1776976903.109659, "events": [{"op": "set", "side": "bid", "price": 0.02, "size": 15.0}, {"op": "set", "side": "ask", "price": 0.24, "size": 31992.07}, {"op": "set", "side": "ask", "price": 0.02, "size": 127.0}]}
{"t": 1776976905.158245, "events": [{"op": "set", "side": "bid", "price": 0.72, "size": 24.0}, {"op": "set", "side": "bid", "price": 0.71, "size": 429.0}, {"op": "set", "side": "bid", "price": 0.7, "size": 474.0}, {"op": "set", "side": "ask", "price": 0.24, "size": 30773.07}]}
{"t": 1776976907.188873, "events": [{"op": "delete", "side": "bid", "price": 0.72}]}
{"t": 1776976908.196084, "events": [{"op": "set", "side": "bid", "price": 0.66, "size": 341.0}, {"op": "set", "side": "bid", "price": 0.72, "size": 24.0}, {"op": "set", "side": "ask", "price": 0.24, "size": 31992.07}]}
{"t": 1776976911.240003, "events": [{"op": "set", "side": "bid", "price": 0.66, "size": 101.0}, {"op": "set", "side": "ask", "price": 0.24, "size": 30773.07}]}
{"t": 1776976912.4020412, "events": [{"op": "set", "side": "bid", "price": 0.72, "size": 313.0}, {"op": "set", "side": "bid", "price": 0.71, "size": 508.0}, {"op": "set", "side": "bid", "price": 0.7, "size": 537.0}, {"op": "set", "side": "ask", "price": 0.24, "size": 31992.07}]}
{"t": 1776976917.458861, "events": [{"op": "set", "side": "bid", "price": 0.72, "size": 337.0}]}
{"t": 1776976922.498913, "events": [{"op": "set", "side": "bid", "price": 0.72, "size": 313.0}]}
{"t": 1776976923.513997, "events": [{"op": "set", "side": "bid", "price": 0.72, "size": 337.0}]}
{"t": 1776976926.536787, "events": [{"op": "set", "side": "bid", "price": 0.72, "size": 313.0}]}
{"t": 1776976928.569657, "events": [{"op": "set", "side": "bid", "price": 0.72, "size": 337.0}]}
{"t": 1776976929.578751, "events": [{"op": "set", "side": "bid", "price": 0.72, "size": 24.0}, {"op": "set", "side": "bid", "price": 0.71, "size": 429.0}, {"op": "set", "side": "bid", "price": 0.7, "size": 508.0}, {"op": "set", "side": "ask", "price": 0.24, "size": 30773.07}]}
{"t": 1776976930.605024, "events": [{"op": "set", "side": "bid", "price": 0.71, "size": 553.0}, {"op": "set", "side": "bid", "price": 0.66, "size": 341.0}, {"op": "set", "side": "ask", "price": 0.24, "size": 31992.07}]}
{"t": 1776976931.623748, "events": [{"op": "delete", "side": "bid", "price": 0.72}]}
{"t": 1776976932.637355, "events": [{"op": "set", "side": "bid", "price": 0.72, "size": 24.0}]}
{"t": 1776976936.672655, "events": [{"op": "delete", "side": "bid", "price": 0.72}]}
{"t": 1776976938.691734, "events": [{"op": "set", "side": "bid", "price": 0.71, "size": 656.0}, {"op": "set", "side": "bid", "price": 0.66, "size": 101.0}, {"op": "set", "side": "bid", "price": 0.7, "size": 571.0}, {"op": "set", "side": "bid", "price": 0.72, "size": 415.0}]}
{"t": 1776976941.7294898, "events": [{"op": "set", "side": "bid", "price": 0.72, "size": 391.0}]}
{"t": 1776976942.738662, "events": [{"op": "set", "side": "bid", "price": 0.72, "size": 415.0}]}
{"t": 1776976946.774417, "events": [{"op": "set", "side": "bid", "price": 0.72, "size": 391.0}]}
{"t": 1776976947.781201, "events": [{"op": "set", "side": "bid", "price": 0.72, "size": 415.0}]}
{"t": 1776976953.820556, "events": [{"op": "set", "side": "ask", "price": 0.01, "size": 300.0}]}
{"t": 1776976954.828237, "events": [{"op": "set", "side": "ask", "price": 0.16, "size": 130.0}]}
{"t": 1776976961.860786, "events": [{"op": "set", "side": "bid", "price": 0.72, "size": 391.0}]}
{"t": 1776976962.8689432, "events": [{"op": "set", "side": "bid", "price": 0.72, "size": 415.0}]}
{"t": 1776976966.893217, "events": [{"op": "set", "side": "bid", "price": 0.72, "size": 391.0}]}
{"t": 1776976967.899841, "events": [{"op": "set", "side": "bid", "price": 0.72, "size": 415.0}]}
{"t": 1776976969.9200552, "events": [{"op": "set", "side": "bid", "price": 0.72, "size": 24.0}, {"op": "set", "side": "bid", "price": 0.7, "size": 474.0}, {"op": "set", "side": "ask", "price": 0.24, "size": 30773.07}]}
{"t": 1776976970.939878, "events": [{"op": "set", "side": "bid", "price": 0.71, "size": 559.0}, {"op": "set", "side": "bid", "price": 0.7, "size": 583.0}, {"op": "set", "side": "ask", "price": 0.24, "size": 31992.07}]}
{"t": 1776976971.962135, "events": [{"op": "delete", "side": "bid", "price": 0.72}]}
{"t": 1776976972.975918, "events": [{"op": "set", "side": "bid", "price": 0.72, "size": 24.0}]}
{"t": 1776976976.001222, "events": [{"op": "set", "side": "ask", "price": 0.24, "size": 30773.07}]}
{"t": 1776976977.017309, "events": [{"op": "set", "side": "bid", "price": 0.72, "size": 50.0}, {"op": "set", "side": "ask", "price": 0.24, "size": 31992.07}]}
{"t": 1776976978.030357, "events": [{"op": "set", "side": "bid", "price": 0.72, "size": 74.0}]}
{"t": 1776976979.055949, "events": [{"op": "set", "side": "ask", "price": 0.24, "size": 30773.07}]}
{"t": 1776976981.073195, "events": [{"op": "set", "side": "ask", "price": 0.24, "size": 31992.07}]}
{"t": 1776976982.084939, "events": [{"op": "set", "side": "bid", "price": 0.72, "size": 50.0}]}
{"t": 1776976983.09333, "events": [{"op": "set", "side": "bid", "price": 0.72, "size": 74.0}]}
{"t": 1776976987.12725, "events": [{"op": "set", "side": "bid", "price": 0.72, "size": 50.0}]}
{"t": 1776976988.13999, "events": [{"op": "set", "side": "bid", "price": 0.72, "size": 74.0}]}
{"t": 1776976992.1589901, "events": [{"op": "set", "side": "bid", "price": 0.72, "size": 50.0}]}
{"t": 1776976993.171943, "events": [{"op": "set", "side": "bid", "price": 0.72, "size": 74.0}]}
{"t": 1776976997.2072861, "events": [{"op": "set", "side": "ask", "price": 0.24, "size": 30773.07}]}
{"t": 1776976998.230459, "events": [{"op": "set", "side": "bid", "price": 0.72, "size": 50.0}, {"op": "set", "side": "ask", "price": 0.24, "size": 31992.07}]}
{"t": 1776976999.238602, "events": [{"op": "set", "side": "bid", "price": 0.72, "size": 74.0}]}
{"t": 1776977012.346987, "events": [{"op": "set", "side": "bid", "price": 0.72, "size": 50.0}]}
{"t": 1776977013.4125519, "events": [{"op": "set", "side": "bid", "price": 0.72, "size": 74.0}]}
{"t": 1776977017.440346, "events": [{"op": "set", "side": "bid", "price": 0.72, "size": 50.0}]}
{"t": 1776977019.458981, "events": [{"op": "set", "side": "bid", "price": 0.72, "size": 74.0}]}
{"t": 1776977022.481051, "events": [{"op": "set", "side": "ask", "price": 0.24, "size": 30773.07}]}
{"t": 1776977023.497673, "events": [{"op": "set", "side": "ask", "price": 0.24, "size": 31992.07}]}
{"t": 1776977024.50718, "events": [{"op": "set", "side": "ask", "price": 0.24, "size": 30773.07}]}
{"t": 1776977026.53603, "events": [{"op": "set", "side": "ask", "price": 0.24, "size": 31992.07}]}
{"t": 1776977027.54447, "events": [{"op": "delete", "side": "bid", "price": 0.72}, {"op": "set", "side": "bid", "price": 0.71, "size": 38.0}, {"op": "set", "side": "bid", "price": 0.7, "size": 104.0}, {"op": "set", "side": "ask", "price": 0.24, "size": 29992.07}]}
{"t": 1776977028.556958, "events": [{"op": "set", "side": "bid", "price": 0.72, "size": 25.0}]}
{"t": 1776977031.587998, "events": [{"op": "set", "side": "bid", "price": 0.71, "size": 446.0}, {"op": "set", "side": "bid", "price": 0.66, "size": 341.0}, {"op": "set", "side": "bid", "price": 0.7, "size": 478.0}, {"op": "set", "side": "ask", "price": 0.24, "size": 30992.07}]}
{"t": 1776977032.5981371, "events": [{"op": "delete", "side": "bid", "price": 0.72}]}
{"t": 1776977033.6091561, "events": [{"op": "set", "side": "bid", "price": 0.72, "size": 25.0}]}
{"t": 1776977036.641244, "events": [{"op": "set", "side": "bid", "price": 0.66, "size": 101.0}, {"op": "set", "side": "ask", "price": 0.24, "size": 30773.07}]}
{"t": 1776977037.65825, "events": [{"op": "set", "side": "bid", "price": 0.72, "size": 313.0}, {"op": "set", "side": "bid", "price": 0.71, "size": 509.0}, {"op": "set", "side": "bid", "price": 0.7, "size": 538.0}, {"op": "set", "side": "bid", "price": 0.73, "size": 23.0}, {"op": "set", "side": "ask", "price": 0.24, "size": 31992.07}]}
{"t": 1776977052.744798, "events": [{"op": "delete", "side": "bid", "price": 0.73}, {"op": "set", "side": "bid", "price": 0.71, "size": 446.0}, {"op": "set", "side": "bid", "price": 0.7, "size": 508.0}, {"op": "delete", "side": "bid", "price": 0.72}, {"op": "set", "side": "ask", "price": 0.24, "size": 30773.07}]}
{"t": 1776977053.757576, "events": [{"op": "set", "side": "bid", "price": 0.71, "size": 554.0}, {"op": "set", "side": "bid", "price": 0.66, "size": 341.0}, {"op": "set", "side": "bid", "price": 0.72, "size": 25.0}, {"op": "set", "side": "ask", "price": 0.24, "size": 31992.07}]}
{"t": 1776977057.7837021, "events": [{"op": "delete", "side": "bid", "price": 0.72}, {"op": "set", "side": "bid", "price": 0.71, "size": 446.0}, {"op": "set", "side": "bid", "price": 0.66, "size": 101.0}, {"op": "set", "side": "bid", "price": 0.7, "size": 478.0}, {"op": "set", "side": "ask", "price": 0.24, "size": 30773.07}]}
{"t": 1776977058.819532, "events": [{"op": "set", "side": "bid", "price": 0.71, "size": 658.0}, {"op": "set", "side": "bid", "price": 0.7, "size": 573.0}, {"op": "set", "side": "bid", "price": 0.72, "size": 415.0}, {"op": "set", "side": "ask", "price": 0.24, "size": 31992.07}]}
{"t": 1776977062.857884, "events": [{"op": "set", "side": "bid", "price": 0.72, "size": 391.0}, {"op": "set", "side": "bid", "price": 0.73, "size": 22.0}]}
{"t": 1776977067.88924, "events": [{"op": "delete", "side": "bid", "price": 0.73}, {"op": "set", "side": "bid", "price": 0.72, "size": 415.0}]}
{"t": 1776977072.911819, "events": [{"op": "set", "side": "bid", "price": 0.72, "size": 465.0}]}
{"t": 1776977075.923553, "events": [{"op": "set", "side": "bid", "price": 0.72, "size": 74.0}, {"op": "set", "side": "bid", "price": 0.7, "size": 478.0}, {"op": "set", "side": "ask", "price": 0.24, "size": 30773.07}]}
{"t": 1776977076.963868, "events": [{"op": "set", "side": "bid", "price": 0.71, "size": 559.0}]}
{"t": 1776977077.9874299, "events": [{"op": "set", "side": "bid", "price": 0.72, "size": 50.0}, {"op": "set", "side": "bid", "price": 0.7, "size": 583.0}, {"op": "set", "side": "bid", "price": 0.73, "size": 23.0}]}
{"t": 1776977080.016404, "events": [{"op": "set", "side": "ask", "price": 0.24, "size": 31992.07}]}
{"t": 1776977083.058391, "events": [{"op": "delete", "side": "bid", "price": 0.73}, {"op": "set", "side": "bid", "price": 0.72, "size": 74.0}]}
{"t": 1776977088.161928, "events": [{"op": "set", "side": "bid", "price": 0.72, "size": 50.0}, {"op": "set", "side": "bid", "price": 0.73, "size": 23.0}, {"op": "set", "side": "ask", "price": 0.24, "size": 30773.07}]}
{"t": 1776977089.181201, "events": [{"op": "set", "side": "ask", "price": 0.24, "size": 31992.07}]}
{"t": 1776977092.223785, "events": [{"op": "delete", "side": "bid", "price": 0.73}]}
{"t": 1776977093.235487, "events": [{"op": "set", "side": "bid", "price": 0.72, "size": 74.0}]}
{"t": 1776977094.2532868, "events": [{"op": "set", "side": "ask", "price": 0.24, "size": 30773.07}]}
{"t": 1776977095.277729, "events": [{"op": "set", "side": "ask", "price": 0.24, "size": 31992.07}]}
{"t": 1776977096.296313, "events": [{"op": "delete", "side": "bid", "price": 0.02}, {"op": "set", "side": "ask", "price": 0.02, "size": 100.0}]}
{"t": 1776977097.301329, "events": [{"op": "set", "side": "bid", "price": 0.72, "size": 50.0}, {"op": "set", "side": "bid", "price": 0.01, "size": 155.0}, {"op": "set", "side": "ask", "price": 0.01, "size": 481.0}]}
{"t": 1776977098.3066041, "events": [{"op": "set", "side": "bid", "price": 0.72, "size": 74.0}]}
{"t": 1776977102.3221838, "events": [{"op": "set", "side": "bid", "price": 0.72, "size": 50.0}]}
{"t": 1776977103.330272, "events": [{"op": "set", "side": "bid", "price": 0.72, "size": 74.0}]}
{"t": 1776977107.342998, "events": [{"op": "set", "side": "bid", "price": 0.72, "size": 50.0}]}
{"t": 1776977108.387475, "events": [{"op": "set", "side": "bid", "price": 0.72, "size": 74.0}]}
{"t": 1776977109.418417, "events": [{"op": "set", "side": "ask", "price": 0.24, "size": 30773.07}]}
{"t": 1776977112.4502468, "events": [{"op": "set", "side": "ask", "price": 0.24, "size": 31992.07}]}
{"t": 1776977113.45841, "events": [{"op": "set", "side": "ask", "price": 0.24, "size": 30773.07}]}
{"t": 1776977116.493232, "events": [{"op": "set", "side": "ask", "price": 0.24, "size": 31992.07}]}
{"t": 1776977117.496323, "events": [{"op": "set", "side": "bid", "price": 0.72, "size": 50.0}]}
{"t": 1776977118.500858, "events": [{"op": "set", "side": "bid", "price": 0.72, "size": 90.0}]}
{"t": 1776977122.517152, "events": [{"op": "set", "side": "bid", "price": 0.72, "size": 66.0}]}
{"t": 1776977123.525151, "events": [{"op": "set", "side": "bid", "price": 0.72, "size": 90.0}]}
{"t": 1776977127.5465631, "events": [{"op": "set", "side": "bid", "price": 0.72, "size": 66.0}]}
{"t": 1776977128.558957, "events": [{"op": "set", "side": "bid", "price": 0.72, "size": 90.0}]}
{"t": 1776977130.577865, "events": [{"op": "set", "side": "bid", "price": 0.72, "size": 24.0}, {"op": "set", "side": "bid", "price": 0.71, "size": 38.0}, {"op": "set", "side": "bid", "price": 0.66, "size": 151.0}, {"op": "set", "side": "bid", "price": 0.7, "size": 104.0}, {"op": "set", "side": "ask", "price": 0.16, "size": 100.0}, {"op": "set", "side": "ask", "price": 0.24, "size": 29992.07}, {"op": "set", "side": "ask", "price": 0.01, "size": 431.0}]}
{"t": 1776977132.614957, "events": [{"op": "set", "side": "bid", "price": 0.72, "size": 26.0}]}
{"t": 1776977137.645556, "events": [{"op": "delete", "side": "bid", "price": 0.72}]}
{"t": 1776977138.660905, "events": [{"op": "set", "side": "bid", "price": 0.66, "size": 167.0}, {"op": "set", "side": "bid", "price": 0.72, "size": 26.0}]}
{"t": 1776977142.697314, "events": [{"op": "delete", "side": "bid", "price": 0.72}]}
{"t": 1776977143.710815, "events": [{"op": "set", "side": "bid", "price": 0.72, "size": 26.0}]}
{"t": 1776977151.800119, "events": [{"op": "set", "side": "ask", "price": 0.01, "size": 250.0}]}
{"t": 1776977152.806719, "events": [{"op": "set", "side": "ask", "price": 0.03, "size": 26.0}]}
{"t": 1776977162.883772, "events": [{"op": "delete", "side": "bid", "price": 0.72}]}
{"t": 1776977163.902998, "events": [{"op": "set", "side": "bid", "price": 0.72, "size": 26.0}]}
{"t": 1776977165.920157, "events": [{"op": "set", "side": "ask", "price": 0.03, "size": 20.0}]}
{"t": 1776977166.925992, "events": [{"op": "set", "side": "ask", "price": 0.01, "size": 429.0}]}
{"t": 1776977172.967772, "events": [{"op": "delete", "side": "bid", "price": 0.72}]}
{"t": 1776977173.988137, "events": [{"op": "set", "side": "bid", "price": 0.72, "size": 26.0}]}
{"t": 1776977178.0147588, "events": [{"op": "delete", "side": "bid", "price": 0.72}]}
{"t": 1776977179.031447, "events": [{"op": "set", "side": "bid", "price": 0.72, "size": 26.0}]}
{"t": 1776977188.102825, "events": [{"op": "delete", "side": "bid", "price": 0.72}]}
{"t": 1776977189.113677, "events": [{"op": "set", "side": "bid", "price": 0.72, "size": 26.0}]}
{"t": 1776977193.131026, "events": [{"op": "delete", "side": "bid", "price": 0.72}]}
{"t": 1776977194.136759, "events": [{"op": "set", "side": "bid", "price": 0.72, "size": 26.0}, {"op": "set", "side": "ask", "price": 0.01, "size": 250.0}]}
{"t": 1776977195.14306, "events": [{"op": "set", "side": "ask", "price": 0.03, "size": 26.0}]}
{"t": 1776977196.146487, "events": [{"op": "set", "side": "bid", "price": 0.66, "size": 117.0}]}
{"t": 1776977267.688226, "events": [{"op": "delete", "side": "bid", "price": 0.72}]}
{"t": 1776977268.70748, "events": [{"op": "set", "side": "bid", "price": 0.72, "size": 26.0}]}
{"t": 1776977272.737962, "events": [{"op": "delete", "side": "bid", "price": 0.72}]}
{"t": 1776977273.756143, "events": [{"op": "set", "side": "bid", "price": 0.72, "size": 26.0}]}
{"t": 1776977277.790047, "events": [{"op": "delete", "side": "bid", "price": 0.72}]}
{"t": 1776977278.801497, "events": [{"op": "set", "side": "bid", "price": 0.72, "size": 26.0}]}
{"t": 1776977282.825737, "events": [{"op": "delete", "side": "bid", "price": 0.72}]}
{"t": 1776977283.8374531, "events": [{"op": "set", "side": "bid", "price": 0.72, "size": 26.0}]}
{"t": 1776977287.8663838, "events": [{"op": "delete", "side": "bid", "price": 0.72}]}
{"t": 1776977288.873503, "events": [{"op": "set", "side": "bid", "price": 0.72, "size": 26.0}]}
