{"t": 1776975914.8911412, "events": [{"op": "set", "side": "ask", "price": 0.96, "size": 2853.8}]}
{"t": 1776975915.9392462, "events": [{"op": "set", "side": "bid", "price": 0.03, "size": 1010.98}]}
{"t": 1776975916.9452019, "events": [{"op": "set", "side": "bid", "price": 0.03, "size": 10.980000000000018}]}
{"t": 1776975917.960892, "events": [{"op": "set", "side": "bid", "price": 0.03, "size": 1010.98}]}
{"t": 1776975940.061205, "events": [{"op": "set", "side": "bid", "price": 0.03, "size": 10.980000000000018}, {"op": "set", "side": "ask", "price": 0.96, "size": 1853.8000000000002}]}
{"t": 1776975943.110956, "events": [{"op": "set", "side": "bid", "price": 0.03, "size": 1010.98}, {"op": "set", "side": "ask", "price": 0.96, "size": 2853.8}]}
{"t": 1776975945.176098, "events": [{"op": "set", "side": "bid", "price": 0.03, "size": 10.980000000000018}]}
{"t": 1776975949.255933, "events": [{"op": "set", "side": "bid", "price": 0.03, "size": 1010.98}]}
{"t": 1776975951.2976189, "events": [{"op": "set", "side": "bid", "price": 0.03, "size": 10.980000000000018}, {"op": "set", "side": "ask", "price": 0.96, "size": 1853.8000000000002}]}
{"t": 1776975954.332581, "events": [{"op": "set", "side": "ask", "price": 0.96, "size": 2853.8}]}
{"t": 1776975955.341995, "events": [{"op": "set", "side": "bid", "price": 0.03, "size": 1010.98}]}
{"t": 1776975971.450849, "events": [{"op": "set", "side": "bid", "price": 0.03, "size": 10.980000000000018}]}
{"t": 1776975974.486274, "events": [{"op": "set", "side": "bid", "price": 0.03, "size": 1010.98}]}
{"t": 1776975977.5051599, "events": [{"op": "set", "side": "bid", "price": 0.03, "size": 10.980000000000018}]}
{"t": 1776975978.524107, "events": [{"op": "set", "side": "bid", "price": 0.03, "size": 1010.98}]}
{"t": 1776975989.593303, "events": [{"op": "set", "side": "bid", "price": 0.03, "size": 10.980000000000018}]}
{"t": 1776975990.615396, "events": [{"op": "set", "side": "bid", "price": 0.03, "size": 1010.98}]}
{"t": 1776975999.6960142, "events": [{"op": "set", "side": "ask", "price": 0.96, "size": 2770.8}]}
{"t": 1776976011.8745532, "events": [{"op": "set", "side": "bid", "price": 0.03, "size": 10.980000000000018}]}
{"t": 1776976013.8963861, "events": [{"op": "set", "side": "bid", "price": 0.03, "size": 1010.98}]}
{"t": 1776976021.967751, "events": [{"op": "set", "side": "bid", "price": 0.03, "size": 10.980000000000018}]}
{"t": 1776976022.983882, "events": [{"op": "set", "side": "bid", "price": 0.03, "size": 1010.98}]}
{"t": 1776976030.0649989, "events": [{"op": "set", "side": "bid", "price": 0.03, "size": 10.980000000000018}]}
{"t": 1776976031.0763671, "events": [{"op": "set", "side": "bid", "price": 0.03, "size": 1010.98}]}
{"t": 1776976039.130999, "events": [{"op": "set", "side": "bid", "price": 0.03, "size": 10.980000000000018}]}
{"t": 1776976040.136569, "events": [{"op": "set", "side": "bid", "price": 0.03, "size": 1010.98}]}
{"t": 1776976041.146323, "events": [{"op": "set", "side": "bid", "price": 0.03, "size": 10.980000000000018}]}
{"t": 1776976042.1519518, "events": [{"op": "set", "side": "bid", "price": 0.03, "size": 1010.98}]}
{"t": 1776976044.185159, "events": [{"op": "set", "side": "bid", "price": 0.03, "size": 10.980000000000018}, {"op": "set", "side": "ask", "price": 0.96, "size": 1770.8000000000002}]}
{"t": 1776976047.209746, "events": [{"op": "set", "side": "ask", "price": 0.96, "size": 2770.8}]}
{"t": 1776976048.218187, "events": [{"op": "set", "side": "bid", "price": 0.03, "size": 1010.98}]}
{"t": 1776976049.2295182, "events": [{"op": "set", "side": "bid", "price": 0.03, "size": 10.980000000000018}]}
{"t": 1776976050.238752, "events": [{"op": "set", "side": "bid", "price": 0.03, "size": 1010.98}]}
{"t": 1776976058.306615, "events": [{"op": "set", "side": "bid", "price": 0.03, "size": 10.980000000000018}, {"op": "set", "side": "ask", "price": 0.96, "size": 1770.8000000000002}]}
{"t": 1776976062.354484, "events": [{"op": "set", "side": "bid", "price": 0.03, "size": 1010.98}, {"op": "set", "side": "ask", "price": 0.96, "size": 2770.8}]}
{"t": 1776976065.3873029, "events": [{"op": "set", "side": "bid", "price": 0.03, "size": 10.980000000000018}]}
{"t": 1776976066.397533, "events": [{"op": "set", "side": "bid", "price": 0.03, "size": 1010.98}]}
{"t": 1776976074.460224, "events": [{"op": "set", "side": "bid", "price": 0.03, "size": 10.980000000000018}]}
{"t": 1776976075.471221, "events": [{"op": "set", "side": "bid", "price": 0.03, "size": 1010.98}]}
{"t": 1776976077.482344, "events": [{"op": "set", "side": "bid", "price": 0.03, "size": 10.980000000000018}]}
{"t": 1776976078.494921, "events": [{"op": "set", "side": "bid", "price": 0.03, "size": 1010.98}]}
{"t": 1776976085.548361, "events": [{"op": "set", "side": "bid", "price": 0.03, "size": 10.980000000000018}, {"op": "set", "side": "ask", "price": 0.96, "size": 1770.8000000000002}]}
{"t": 1776976087.5788958, "events": [{"op": "set", "side": "bid", "price": 0.03, "size": 1.7763568394002505e-14}, {"op": "set", "side": "ask", "price": 0.97, "size": 277.02}]}
{"t": 1776976088.582797, "events": [{"op": "set", "side": "ask", "price": 0.97, "size": 1277.02}]}
{"t": 1776976135.934583, "events": [{"op": "set", "side": "ask", "price": 0.97, "size": 277.02}]}
{"t": 1776976139.976351, "events": [{"op": "set", "side": "ask", "price": 0.97, "size": 1277.02}]}
{"t": 1776976152.035327, "events": [{"op": "set", "side": "ask", "price": 0.97, "size": 277.02}]}
{"t": 1776976154.063997, "events": [{"op": "set", "side": "ask", "price": 0.97, "size": 1277.02}]}
{"t": 1776976204.476952, "events": [{"op": "set", "side": "ask", "price": 0.97, "size": 277.02}]}
{"t": 1776976207.508864, "events": [{"op": "set", "side": "ask", "price": 0.97, "size": 1277.02}]}
{"t": 1776976276.0147579, "events": [{"op": "set", "side": "ask", "price": 0.97, "size": 1214.6}]}
{"t": 1776976285.139929, "events": [{"op": "set", "side": "ask", "price": 0.97, "size": 214.5999999999999}]}
{"t": 1776976287.161626, "events": [{"op": "set", "side": "ask", "price": 0.97, "size": 1214.6}]}
{"t": 1776976301.276474, "events": [{"op": "set", "side": "ask", "price": 0.97, "size": 214.5999999999999}]}
{"t": 1776976305.355718, "events": [{"op": "set", "side": "ask", "price": 0.97, "size": 1214.6}]}
{"t": 1776976340.6580539, "events": [{"op": "set", "side": "ask", "price": 0.97, "size": 214.5999999999999}]}
{"t": 1776976343.692986, "events": [{"op": "set", "side": "ask", "price": 0.97, "size": 1214.6}]}
{"t": 1776976344.703347, "events": [{"op": "set", "side": "ask", "price": 0.97, "size": 214.5999999999999}]}
{"t": 1776976348.738213, "events": [{"op": "set", "side": "ask", "price": 0.97, "size": 1214.6}]}
{"t": 1776976351.775647, "events": [{"op": "set", "side": "ask", "price": 0.97, "size": 214.5999999999999}]}
{"t": 1776976356.839608, "events": [{"op": "set", "side": "ask", "price": 0.97, "size": 1214.6}]}
{"t": 1776976425.340163, "events": [{"op": "set", "side": "ask", "price": 0.97, "size": 214.5999999999999}]}
{"t": 1776976428.364198, "events": [{"op": "set", "side": "ask", "price": 0.97, "size": 1214.6}]}
{"t": 1776976456.585608, "events": [{"op": "set", "side": "ask", "price": 0.97, "size": 1120.9599999999998}]}
{"t": 1776976465.66493, "events": [{"op": "delete", "side": "ask", "price": 0.97}]}
{"t": 1776976467.6886039, "events": [{"op": "set", "side": "ask", "price": 0.96, "size": 2770.8}]}
{"t": 1776976477.761339, "events": [{"op": "set", "side": "ask", "price": 0.96, "size": 1770.8000000000002}]}
{"t": 1776976480.793513, "events": [{"op": "set", "side": "ask", "price": 0.96, "size": 2770.8}]}
{"t": 1776976518.10238, "events": [{"op": "set", "side": "bid", "price": 0.02, "size": 463.0}, {"op": "set", "side": "bid", "price": 0.01, "size": 297.0}, {"op": "delete", "side": "ask", "price": 0.3}, {"op": "set", "side": "ask", "price": 0.32, "size": 7875.0}]}
{"t": 1776976521.1357608, "events": [{"op": "set", "side": "bid", "price": 0.03, "size": 1000.0}]}
{"t": 1776976536.203557, "events": [{"op": "delete", "side": "bid", "price": 0.03}, {"op": "set", "side": "ask", "price": 0.96, "size": 1770.8000000000002}]}
{"t": 1776976538.221212, "events": [{"op": "set", "side": "bid", "price": 0.03, "size": 1000.0}, {"op": "set", "side": "ask", "price": 0.96, "size": 2770.8}]}
{"t": 1776976569.49947, "events": [{"op": "delete", "side": "bid", "price": 0.03}, {"op": "set", "side": "ask", "price": 0.96, "size": 1770.8000000000002}]}
{"t": 1776976571.5276349, "events": [{"op": "set", "side": "bid", "price": 0.03, "size": 1000.0}, {"op": "set", "side": "ask", "price": 0.96, "size": 2770.8}]}
{"t": 1776976627.946018, "events": [{"op": "delete", "side": "bid", "price": 0.03}, {"op": "set", "side": "ask", "price": 0.96, "size": 1770.8000000000002}]}
{"t": 1776976630.9735959, "events": [{"op": "set", "side": "bid", "price": 0.03, "size": 1000.0}, {"op": "set", "side": "ask", "price": 0.96, "size": 2770.8}]}
{"t": 1776976694.6291242, "events": [{"op": "delete", "side": "bid", "price": 0.03}, {"op": "set", "side": "ask", "price": 0.96, "size": 1770.8000000000002}]}
{"t": 1776976697.8306718, "events": [{"op": "set", "side": "bid", "price": 0.03, "size": 1000.0}, {"op": "set", "side": "ask", "price": 0.96, "size": 2770.8}]}
{"t": 1776976798.966105, "events": [{"op": "delete", "side": "bid", "price": 0.03}, {"op": "set", "side": "ask", "price": 0.96, "size": 1770.8000000000002}]}
{"t": 1776976802.004491, "events": [{"op": "set", "side": "bid", "price": 0.03, "size": 1000.0}, {"op": "set", "side": "ask", "price": 0.96, "size": 2770.8}]}
{"t": 1776976808.091316, "events": [{"op": "set", "side": "ask", "price": 0.96, "size": 2536.55}]}
{"t": 1776976823.281095, "events": [{"op": "delete", "side": "bid", "price": 0.03}, {"op": "set", "side": "ask", "price": 0.96, "size": 1536.5500000000002}]}
{"t": 1776976825.307746, "events": [{"op": "delete", "side": "ask", "price": 0.31}, {"op": "set", "side": "ask", "price": 0.33, "size": 6.0}]}
{"t": 1776976826.322222, "events": [{"op": "set", "side": "bid", "price": 0.03, "size": 1000.0}, {"op": "set", "side": "ask", "price": 0.96, "size": 2536.55}]}
{"t": 1776976873.730138, "events": [{"op": "delete", "side": "bid", "price": 0.03}, {"op": "set", "side": "ask", "price": 0.96, "size": 1536.5500000000002}]}
{"t": 1776976876.771445, "events": [{"op": "set", "side": "bid", "price": 0.03, "size": 1000.0}, {"op": "set", "side": "ask", "price": 0.96, "size": 2536.55}]}
{"t": 1776976897.036383, "events": [{"op": "set", "side": "ask", "price": 0.96, "size": 2286.55}]}
{"t": 1776977027.54447, "events": [{"op": "delete", "side": "bid", "price": 0.03}, {"op": "set", "side": "ask", "price": 0.96, "size": 1286.5500000000002}]}
{"t": 1776977032.5981371, "events": [{"op": "set", "side": "bid", "price": 0.03, "size": 1000.0}, {"op": "set", "side": "ask", "price": 0.96, "size": 2286.55}]}
{"t": 1776977130.577865, "events": [{"op": "delete", "side": "bid", "price": 0.03}, {"op": "set", "side": "ask", "price": 0.96, "size": 1286.5500000000002}]}
{"t": 1776977141.6934369, "events": [{"op": "set", "side": "bid", "price": 0.01, "size": 322.0}]}
{"t": 1776977155.842751, "events": [{"op": "delete", "side": "ask", "price": 0.95}]}
{"t": 1776977156.849279, "events": [{"op": "set", "side": "bid", "price": 0.01, "size": 250.0}]}
{"t": 1776977201.164269, "events": [{"op": "set", "side": "ask", "price": 0.96, "size": 1253.5500000000002}]}
{"t": 1776977214.38238, "events": [{"op": "set", "side": "ask", "price": 0.96, "size": 480.5000000000002}]}
{"t":1776978858.741338,"e":[[1,0,0.03,750.0],[1,1,0.96,2569.5]]}
{"t":1776978863.79263,"e":[[1,1,0.96,3319.5]]}
{"t":1776978869.856717,"e":[[0,0,0.03],[1,1,0.96,1819.5]]}
{"t":1776978872.894586,"e":[[1,0,0.03,750.0],[1,1,0.96,2569.5]]}
{"t":1776978881.977016,"e":[[1,1,0.96,3319.5]]}
{"t":1776978909.223537,"e":[[0,0,0.03],[1,1,0.96,1819.5]]}
{"t":1776978913.274387,"e":[[1,0,0.03,750.0],[1,1,0.96,2569.5]]}
{"t":1776978924.409956,"e":[[1,1,0.96,3319.5]]}
{"t":1776978933.487251,"e":[[1,1,0.96,2569.5]]}
{"t":1776978937.528013,"e":[[1,1,0.96,3319.5]]}
{"t":1776978979.146398,"e":[[0,0,0.03],[1,1,0.96,1819.5]]}
{"t":1776978982.174557,"e":[[1,0,0.03,750.0],[1,1,0.96,2569.5]]}
{"t":1776978988.237164,"e":[[1,1,0.96,3319.5]]}
{"t":1776979006.375099,"e":[[0,0,0.03],[1,1,0.96,1819.5]]}
{"t":1776979009.408774,"e":[[1,0,0.03,750.0],[1,1,0.96,2569.5]]}
{"t":1776979011.428853,"e":[[1,1,0.96,2403.5]]}
{"t":1776979012.437783,"e":[[1,1,0.96,3153.5]]}
{"t":1776979021.503144,"e":[[0,0,0.03],[1,1,0.96,1653.5]]}
{"t":1776979024.5338361,"e":[[1,0,0.03,750.0],[1,1,0.96,2403.5]]}
{"t":1776979030.603501,"e":[[1,1,0.96,3153.5]]}
{"t":1776979038.681684,"e":[[1,1,0.96,3134.5]]}
{"t":1776979081.134896,"e":[[0,0,0.03],[1,1,0.96,1634.5]]}
{"t":1776979084.171616,"e":[[1,0,0.03,750.0],[1,1,0.96,2384.5]]}
{"t":1776979088.2138398,"e":[[1,1,0.96,3134.5]]}
{"t":1776979102.3232388,"e":[[0,0,0.03],[1,1,0.96,1634.5]]}
{"t":1776979106.3717089,"e":[[1,0,0.03,750.0],[1,1,0.96,2384.5]]}
{"t":1776979111.404879,"e":[[0,0,0.03],[1,1,0.96,1634.5]]}
{"t":1776979113.428629,"e":[[1,0,0.03,750.0],[1,1,0.96,2384.5]]}
{"t":1776979118.460242,"e":[[1,1,0.96,3134.5]]}
{"t":1776979130.556236,"e":[[0,0,0.03],[1,1,0.96,1634.5]]}
{"t":1776979132.568574,"e":[[1,0,0.03,750.0],[1,1,0.96,2384.5]]}
{"t":1776979135.5978959,"e":[[0,0,0.03],[1,1,0.96,1634.5]]}
{"t":1776979138.624363,"e":[[1,0,0.03,750.0],[1,1,0.96,2384.5]]}
{"t":1776979146.678847,"e":[[1,1,0.96,2301.5]]}
{"t":1776979147.682015,"e":[[1,1,0.96,3051.5]]}
{"t":1776979160.7576902,"e":[[1,1,0.95,16.0]]}
{"t":1776979162.765724,"e":[[0,0,0.03],[1,1,0.96,1551.5]]}
{"t":1776979166.8385139,"e":[[1,0,0.03,750.0],[1,1,0.96,2301.5]]}
{"t":1776979208.261129,"e":[[0,0,0.03],[1,1,0.96,1551.5]]}
{"t":1776979210.3045912,"e":[[1,0,0.03,750.0],[1,1,0.96,2278.08]]}
{"t":1776979225.507953,"e":[[1,0,0.01,266.0]]}
{"t":1776979250.753281,"e":[[0,0,0.03],[0,1,0.96]]}
{"t":1776979251.799284,"e":[[1,0,0.04,750.0]]}
{"t":1776979252.8169029,"e":[[1,0,0.01,319.0],[1,1,0.95,766.0]]}
{"t":1776979255.8658319,"e":[[0,0,0.04],[1,0,0.01,266.0]]}
{"t":1776979256.887512,"e":[[1,0,0.03,749.0],[1,0,0.02,464.0],[1,1,0.96,20.53],[1,1,0.95,1134.0]]}
{"t":1776979260.946314,"e":[[1,1,0.95,902.0]]}
{"t":1776979261.959753,"e":[[1,0,0.03,1499.0],[1,1,0.96,376.0]]}
{"t":1776979262.975913,"e":[[1,0,0.03,750.0],[1,1,0.96,20.53],[1,1,0.95,816.0]]}
{"t":1776979263.983315,"e":[[1,0,0.03,1499.0],[1,1,0.96,1.0],[1,1,0.95,1184.0]]}
{"t":1776979277.085877,"e":[[1,0,0.03,750.0],[1,1,0.96,20.53],[1,1,0.95,1186.0]]}
{"t":1776979278.1032362,"e":[[1,0,0.03,1499.0],[1,1,0.96,1.0]]}
{"t":1776979286.150522,"e":[[0,0,0.03],[1,0,0.02,463.0],[0,1,0.96],[1,1,0.95,66.0]]}
{"t":1776979288.1660001,"e":[[1,0,0.03,749.0],[1,0,0.02,464.0],[1,1,0.94,7979.16],[1,1,0.95,67.0]]}
{"t":1776979296.230701,"e":[[1,1,0.01,215.0]]}
{"t":1776979298.2418702,"e":[[1,0,0.03,750.0],[1,0,0.04,749.0],[1,1,0.92,5192.0],[1,1,0.94,7516.16],[1,1,0.01,230.0],[1,1,0.95,42.0]]}
{"t":1776979305.292248,"e":[[0,0,0.04],[1,0,0.03,749.0],[1,1,0.92,5186.0],[1,1,0.94,7515.16],[1,1,0.95,62.0]]}
{"t":1776979306.3138518,"e":[[1,0,0.02,1213.0],[1,0,0.01,251.0],[1,1,0.01,280.0],[1,1,0.95,112.0]]}
{"t":1776979307.324513,"e":[[1,0,0.03,765.0]]}
{"t":1776979308.3388212,"e":[[1,0,0.03,394.0],[1,0,0.02,464.0],[1,0,0.01,266.0],[1,1,0.92,5180.0],[1,1,0.94,7514.16],[1,1,0.95,96.0]]}
{"t":1776979309.357186,"e":[[1,0,0.04,499.0],[1,1,0.9,5006.0],[1,1,0.93,50.0],[1,1,0.95,46.0],[1,1,0.87,30.0]]}
{"t":1776979317.421278,"e":[[0,0,0.04],[0,1,0.93],[1,1,0.94,7156.16],[1,1,0.95,96.0]]}
{"t":1776979318.4339468,"e":[[1,0,0.03,678.0],[1,0,0.02,714.0],[1,1,0.9,5180.0],[1,1,0.92,5358.0],[1,1,0.93,1.0]]}
{"t":1776979319.449306,"e":[[1,1,0.9,5000.0],[1,1,0.92,5000.0],[0,1,0.93]]}
{"t":1776979320.462201,"e":[[1,1,0.94,8655.16],[1,1,0.95,97.0]]}
{"t":1776979322.47595,"e":[[0,0,0.03],[1,0,0.02,463.0],[1,0,0.01,250.0],[1,1,0.94,7156.16],[1,1,0.95,96.0]]}
{"t":1776979327.535894,"e":[[1,0,0.03,749.0],[1,0,0.02,464.0],[1,1,0.94,8655.16],[1,1,0.95,97.0]]}
{"t":1776979333.597672,"e":[[1,1,0.94,7187.16]]}
{"t":1776979334.6102242,"e":[[1,0,0.03,750.0],[1,0,0.04,749.0],[1,1,0.92,5560.0],[1,1,0.95,84.0]]}
{"t":1776979336.631683,"e":[[0,0,0.04],[1,0,0.03,749.0]]}
{"t":1776979337.6378639,"e":[[1,1,0.92,5557.0],[1,1,0.94,7182.16],[1,1,0.95,127.0]]}
{"t":1776979341.685932,"e":[[1,1,0.92,5567.0],[1,1,0.94,7195.16],[1,1,0.95,144.0]]}
{"t":1776979355.772204,"e":[[1,1,0.92,5574.0],[1,1,0.94,7199.16],[1,1,0.95,149.0]]}
{"t":1776979357.799739,"e":[[1,1,0.92,5000.0],[1,1,0.94,8655.16],[1,1,0.95,97.0]]}
{"t":1776979360.8311691,"e":[[1,0,0.03,750.0],[1,1,0.94,7187.16]]}
{"t":1776979361.842939,"e":[[1,0,0.04,749.0],[1,1,0.92,5566.0],[1,1,0.95,84.0]]}
{"t":1776979373.992595,"e":[[0,0,0.04],[0,0,0.03],[1,0,0.02,463.0],[1,1,0.92,5000.0],[1,1,0.94,7156.16],[0,1,0.95]]}
{"t":1776979377.03843,"e":[[1,0,0.02,464.0]]}
{"t":1776979378.053979,"e":[[1,0,0.03,749.0],[1,1,0.93,50.0],[1,1,0.94,7906.16]]}
{"t":1776979382.096734,"e":[[1,1,0.94,7156.16]]}
{"t":1776979383.121564,"e":[[1,0,0.03,750.0],[1,0,0.04,749.0],[1,1,0.92,5749.0],[1,1,0.93,800.0],[1,1,0.95,1.0]]}
{"t":1776979385.153574,"e":[[1,0,0.01,301.0],[1,1,0.92,5000.0],[0,1,0.95]]}
{"t":1776979386.1697469,"e":[[1,1,0.93,1549.0],[1,1,0.94,7157.16]]}
{"t":1776979389.2100039,"e":[[1,1,0.94,7156.16]]}
{"t":1776979390.232039,"e":[[1,1,0.95,1.0]]}
{"t":1776979391.2484758,"e":[[0,1,0.95]]}
{"t":1776979392.2631328,"e":[[1,1,0.94,7157.16]]}
{"t":1776979393.279681,"e":[[0,0,0.04],[0,0,0.03],[1,0,0.02,463.0],[1,1,0.93,50.0],[1,1,0.94,7156.16]]}
{"t":1776979396.311556,"e":[[1,0,0.03,749.0],[1,0,0.02,464.0],[1,1,0.92,5749.0],[1,1,0.93,800.0],[1,1,0.94,7157.16]]}
{"t":1776979399.3492742,"e":[[1,1,0.92,5000.0],[1,1,0.94,7156.16]]}
{"t":1776979400.3651772,"e":[[1,0,0.03,750.0],[1,0,0.04,749.0],[1,1,0.93,1549.0],[1,1,0.95,1.0]]}
{"t":1776979401.3824892,"e":[[0,1,0.95]]}
{"t":1776979402.4014459,"e":[[1,1,0.94,7157.16]]}
{"t":1776979404.426751,"e":[[0,0,0.04],[0,0,0.03],[1,0,0.02,463.0],[1,0,0.01,250.0],[1,1,0.93,50.0],[1,1,0.94,7156.16]]}
{"t":1776979407.472841,"e":[[1,0,0.03,749.0],[1,0,0.02,464.0],[1,1,0.92,5749.0],[1,1,0.93,800.0],[1,1,0.94,7157.16]]}
{"t":1776979411.523812,"e":[[1,1,0.92,5000.0],[1,1,0.94,7156.16]]}
{"t":1776979412.536916,"e":[[1,0,0.03,750.0],[1,0,0.04,749.0],[1,1,0.93,1549.0],[1,1,0.95,1.0]]}
{"t":1776979413.552841,"e":[[1,0,0.01,295.0],[0,1,0.95]]}
{"t":1776979414.5676858,"e":[[1,1,0.94,7157.16]]}
{"t":1776979415.581123,"e":[[1,1,0.94,7156.16]]}
{"t":1776979416.597232,"e":[[1,1,0.95,1.0]]}
{"t":1776979417.614811,"e":[[1,1,0.94,7157.16],[0,1,0.95]]}
{"t":1776979419.641139,"e":[[1,1,0.94,7156.16],[1,1,0.95,1.0]]}
{"t":1776979421.670975,"e":[[0,0,0.04],[0,0,0.03],[1,0,0.02,463.0],[1,0,0.01,250.0],[0,1,0.93],[1,1,0.94,7157.16],[0,1,0.95]]}
{"t":1776979424.820554,"e":[[1,0,0.03,749.0],[1,0,0.02,464.0],[1,1,0.94,8655.16],[1,1,0.95,1.0]]}
{"t":1776979427.8736582,"e":[[1,1,0.95,31.0]]}
{"t":1776979428.889528,"e":[[1,0,0.03,750.0],[1,0,0.04,749.0]]}
{"t":1776979440.0022578,"e":[[0,0,0.04],[0,0,0.03],[1,0,0.02,463.0],[1,1,0.94,7156.16],[0,1,0.95]]}
{"t":1776979444.0454779,"e":[[1,0,0.03,749.0],[1,0,0.02,464.0],[1,1,0.92,6499.0],[1,1,0.93,50.0],[1,1,0.94,7157.16]]}
{"t":1776979447.071342,"e":[[1,1,0.92,5749.0],[1,1,0.94,7156.16]]}
{"t":1776979448.087373,"e":[[1,0,0.03,750.0],[1,0,0.04,749.0],[1,1,0.93,800.0],[1,1,0.95,1.0]]}
{"t":1776979456.160528,"e":[[1,0,0.01,300.0],[1,1,0.92,5000.0],[1,1,0.93,1549.0],[1,1,0.94,7157.16],[0,1,0.95]]}
{"t":1776979459.1927302,"e":[[1,1,0.94,7156.16]]}
{"t":1776979460.207338,"e":[[1,1,0.95,1.0]]}
{"t":1776979464.24783,"e":[[1,1,0.93,1499.0],[1,1,0.94,7157.16],[0,1,0.95]]}
{"t":1776979467.2798421,"e":[[1,1,0.94,7156.16]]}
{"t":1776979470.303412,"e":[[0,1,0.93]]}
{"t":1776979471.320408,"e":[[1,1,0.94,8654.16],[1,1,0.95,1.0]]}
{"t":1776979475.379879,"e":[[1,1,0.01,250.0]]}
{"t":1776979485.499292,"e":[[0,1,0.87],[1,1,0.01,200.0]]}
{"t":1776979499.5889611,"e":[[0,0,0.04],[0,0,0.03],[1,0,0.02,463.0],[1,1,0.94,7155.16],[0,1,0.95]]}
{"t":1776979503.652458,"e":[[1,0,0.03,749.0],[1,0,0.02,464.0],[1,0,0.01,250.0],[1,1,0.94,7905.16]]}
{"t":1776979517.7607381,"e":[[1,0,0.03,750.0],[1,0,0.04,749.0],[1,1,0.94,8654.16],[1,1,0.95,1.0]]}
{"t":1776979566.330841,"e":[[0,1,0.95]]}
{"t":1776979567.337078,"e":[[1,0,0.01,306.0]]}
{"t":1776979571.382963,"e":[[1,1,0.95,1.0]]}
{"t":1776979586.534219,"e":[[0,1,0.95]]}
{"t":1776979589.551562,"e":[[1,1,0.95,1.0]]}
{"t":1776979636.021319,"e":[[0,0,0.04],[0,0,0.03],[1,0,0.02,463.0],[1,0,0.01,250.0],[1,1,0.94,7155.16],[0,1,0.95]]}
{"t":1776979638.0686421,"e":[[1,0,0.03,749.0],[1,0,0.02,464.0],[1,1,0.94,7905.16]]}
{"t":1776979641.110275,"e":[[1,0,0.03,1.0],[1,0,0.04,749.0],[1,0,0.02,463.0],[1,1,0.94,7904.16],[1,1,0.95,1.0]]}
{"t":1776979645.163307,"e":[[0,0,0.04],[1,0,0.03,51.0],[1,0,0.01,200.0]]}
{"t":1776979646.186614,"e":[[1,0,0.03,799.0],[1,0,0.02,464.0],[1,1,0.94,8654.16]]}
{"t":1776979655.26619,"e":[[1,0,0.03,250.0],[1,0,0.04,441.0],[1,0,0.02,463.0]]}
{"t":1776979656.2835588,"e":[[1,0,0.04,941.0]]}
{"t":1776979661.3273442,"e":[[0,0,0.04],[1,0,0.03,799.0],[1,0,0.02,464.0]]}
{"t":1776979664.359363,"e":[[1,0,0.03,300.0],[1,0,0.02,463.0]]}
{"t":1776979665.382648,"e":[[1,0,0.03,250.0],[1,0,0.04,942.0],[1,0,0.01,250.0]]}
{"t":1776979666.401193,"e":[[0,0,0.04],[1,0,0.03,51.0],[1,0,0.01,200.0]]}
{"t":1776979667.4168692,"e":[[1,0,0.03,799.0],[1,0,0.02,464.0]]}
{"t":1776979669.4522712,"e":[[1,0,0.03,250.0],[1,0,0.04,442.0],[1,0,0.02,463.0],[1,0,0.01,250.0]]}
{"t":1776979670.4684439,"e":[[1,0,0.04,942.0]]}
{"t":1776979672.485158,"e":[[0,0,0.04],[1,0,0.03,799.0],[1,0,0.02,464.0],[1,0,0.01,200.0]]}
{"t":1776979673.505915,"e":[[1,0,0.03,50.0],[1,0,0.02,463.0],[1,1,0.94,7155.16],[0,1,0.95]]}
{"t":1776979677.5577102,"e":[[1,0,0.03,250.0],[1,0,0.04,557.0],[1,1,0.94,7905.16]]}
{"t":1776979689.638497,"e":[[0,0,0.04],[1,0,0.03,749.0],[1,0,0.02,464.0],[1,0,0.01,250.0],[1,1,0.94,8654.16],[1,1,0.95,1.0]]}
{"t":1776979700.771796,"e":[[1,0,0.03,750.0],[1,0,0.04,749.0]]}
{"t":1776979714.936487,"e":[[0,0,0.04],[0,0,0.03],[1,0,0.02,463.0],[1,1,0.94,7155.16],[0,1,0.95]]}
{"t":1776979718.986039,"e":[[1,0,0.03,749.0],[1,0,0.02,464.0],[1,1,0.94,7843.16]]}
{"t":1776979724.078424,"e":[[1,0,0.03,750.0],[1,0,0.04,749.0],[1,1,0.94,8592.16],[1,1,0.95,20.73]]}
{"t":1776979726.090754,"e":[[1,0,0.01,290.0],[1,1,0.94,7675.16],[1,1,0.95,29.73]]}
{"t":1776979730.145338,"e":[[1,1,0.94,7679.16],[1,1,0.95,32.730000000000004]]}
{"t":1776979735.201226,"e":[[1,1,0.94,7681.16],[1,1,0.95,33.730000000000004]]}
{"t":1776979736.216362,"e":[[0,0,0.04],[0,0,0.03],[1,0,0.02,463.0],[1,0,0.01,250.0],[1,1,0.94,7093.16],[1,1,0.95,3.552713678800501e-15]]}
{"t":1776979737.241647,"e":[[1,1,0.95,14.000000000000004]]}
{"t":1776979738.25713,"e":[[1,0,0.03,749.0],[1,0,0.02,464.0],[1,1,0.94,7843.16],[1,1,0.95,3.552713678800501e-15]]}
{"t":1776979743.32949,"e":[[1,0,0.03,750.0],[1,0,0.04,749.0],[1,1,0.94,8592.16],[1,1,0.95,1.0000000000000036]]}
{"t":1776979771.621394,"e":[[1,0,0.01,302.0]]}
{"t":1776979820.0560918,"e":[[0,0,0.04],[0,0,0.03],[1,0,0.02,463.0],[1,1,0.94,7093.16],[1,1,0.95,3.552713678800501e-15]]}
{"t":1776979824.103594,"e":[[1,0,0.03,749.0],[1,0,0.02,464.0],[1,0,0.01,250.0]]}
{"t":1776979825.122005,"e":[[1,1,0.94,7843.16]]}
{"t":1776979828.175582,"e":[[1,0,0.03,750.0],[1,0,0.04,749.0],[1,1,0.94,8592.16],[1,1,0.95,1.0000000000000036]]}
{"t":1776979832.244597,"e":[[0,0,0.04],[0,0,0.03],[1,0,0.02,463.0],[1,0,0.01,297.0],[1,1,0.94,7093.16],[1,1,0.95,3.552713678800501e-15]]}
{"t":1776979835.291805,"e":[[1,0,0.03,749.0],[1,0,0.02,464.0],[1,0,0.01,250.0],[1,1,0.94,7843.16]]}
{"t":1776979839.341758,"e":[[1,0,0.03,750.0],[1,0,0.04,749.0],[1,1,0.94,8592.16],[1,1,0.95,1.0000000000000036]]}
{"t":1776979866.614618,"e":[[0,0,0.04],[0,0,0.03],[1,0,0.02,463.0],[1,0,0.01,295.0],[1,1,0.94,7093.16],[1,1,0.95,3.552713678800501e-15]]}
{"t":1776979870.6450438,"e":[[1,0,0.03,749.0],[1,0,0.02,464.0],[1,0,0.01,250.0],[1,1,0.94,7843.16]]}
{"t":1776979892.82029,"e":[[1,0,0.03,750.0],[1,0,0.04,749.0],[1,1,0.94,8592.16],[1,1,0.95,1.0000000000000036]]}
{"t":1776979928.3382359,"e":[[1,0,0.01,305.0],[1,1,0.94,8577.47],[1,1,0.95,3.552713678800501e-15]]}
{"t":1776979931.381688,"e":[[1,1,0.95,1.0000000000000036]]}
{"t":1776979944.5507789,"e":[[1,1,0.95,20.730000000000004]]}
{"t":1776979947.577177,"e":[[1,1,0.94,7681.469999999999],[1,1,0.95,29.730000000000004]]}
{"t":1776979948.596159,"e":[[0,0,0.04],[0,0,0.03],[1,0,0.02,463.0],[1,0,0.01,250.0],[1,1,0.94,7078.469999999999],[1,1,0.95,3.552713678800501e-15]]}
{"t":1776979952.65566,"e":[[1,0,0.03,749.0],[1,0,0.02,464.0],[1,1,0.94,7828.469999999999]]}
{"t":1776979968.8309739,"e":[[1,0,0.03,750.0],[1,0,0.04,749.0],[1,1,0.94,8577.47],[1,1,0.95,1.0000000000000036]]}
{"t":1776980002.208147,"e":[[0,0,0.04],[0,0,0.03],[1,0,0.02,463.0],[1,1,0.94,7078.469999999999],[1,1,0.95,3.552713678800501e-15]]}
{"t":1776980003.223941,"e":[[1,0,0.01,304.0]]}
{"t":1776980007.280448,"e":[[1,0,0.03,749.0],[1,0,0.02,464.0],[1,1,0.94,7828.469999999999]]}
{"t":1776980017.387726,"e":[[1,0,0.03,750.0],[1,0,0.04,749.0],[1,1,0.94,8577.47],[1,1,0.95,41.0]]}
{"t":1776980022.442543,"e":[[1,1,0.94,7701.469999999999],[1,1,0.95,59.0]]}
{"t":1776980026.489411,"e":[[1,1,0.94,7709.469999999999],[1,1,0.95,66.0]]}
{"t":1776980028.51399,"e":[[1,1,0.94,7701.469999999999],[1,1,0.95,41.0]]}
{"t":1776980029.531808,"e":[[1,1,0.94,7712.469999999999],[1,1,0.95,69.0]]}
{"t":1776980031.561755,"e":[[0,0,0.04],[0,0,0.03],[1,0,0.02,463.0],[1,0,0.01,250.0],[1,1,0.94,7090.469999999999]]}
{"t":1776980034.6140401,"e":[[1,0,0.03,749.0],[1,0,0.02,464.0],[1,1,0.94,7713.469999999999],[1,1,0.95,70.0]]}
{"t":1776980036.654976,"e":[[1,1,0.94,7090.469999999999],[1,1,0.95,69.0]]}
{"t":1776980037.667946,"e":[[1,0,0.03,750.0],[1,0,0.04,749.0],[1,1,0.94,7714.469999999999],[1,1,0.95,71.0]]}
{"t":1776980044.828404,"e":[[1,0,0.01,299.0],[1,1,0.94,7090.469999999999]]}
{"t":1776980045.848945,"e":[[1,1,0.94,7715.469999999999]]}
{"t":1776980047.874488,"e":[[1,1,0.94,7090.469999999999]]}
{"t":1776980048.909193,"e":[[1,1,0.94,7716.469999999999]]}
{"t":1776980055.9976058,"e":[[1,1,0.94,7090.469999999999]]}
{"t":1776980057.0162718,"e":[[1,1,0.94,7717.469999999999]]}
{"t":1776980066.114054,"e":[[1,1,0.94,7718.469999999999]]}
{"t":1776980069.144686,"e":[[1,1,0.94,7719.469999999999]]}
{"t":1776980075.213216,"e":[[1,1,0.95,31.0]]}
{"t":1776980079.2546391,"e":[[1,0,0.02,463.0],[1,1,0.94,7090.469999999999],[0,1,0.95]]}
{"t":1776980080.272047,"e":[[1,0,0.04,750.0],[1,1,0.94,8578.47]]}
{"t":1776980090.3686342,"e":[[0,0,0.04],[1,0,0.01,250.0]]}
{"t":1776980216.500921,"e":[[1,0,0.03,50.0],[1,0,0.01,200.0],[1,1,0.94,7078.469999999999]]}
{"t":1776980220.563881,"e":[[1,0,0.03,250.0],[1,0,0.04,538.0],[1,1,0.94,7828.469999999999]]}
{"t":1776980239.753128,"e":[[0,0,0.04],[1,0,0.03,750.0],[1,0,0.01,250.0],[1,1,0.94,8578.47]]}
{"t":1776980339.870958,"e":[[0,0,0.03],[1,1,0.94,7078.469999999999]]}
{"t":1776980346.9657018,"e":[[1,0,0.03,750.0],[1,1,0.94,7828.469999999999]]}
{"t":1776980352.015635,"e":[[1,1,0.94,8578.47]]}
{"t":1776980359.084876,"e":[[0,0,0.03],[1,1,0.94,7078.469999999999]]}
{"t":1776980362.116677,"e":[[1,0,0.03,750.0],[1,1,0.94,7828.469999999999]]}
{"t":1776980369.208498,"e":[[1,1,0.94,8578.47]]}
{"t":1776980377.2815208,"e":[[1,0,0.01,10250.0]]}
{"t":1776980428.823528,"e":[[0,0,0.03],[1,1,0.94,7078.469999999999]]}
{"t":1776980431.865155,"e":[[1,0,0.03,750.0],[1,0,0.02,1213.0],[1,1,0.94,7828.469999999999]]}
{"t":1776980435.916259,"e":[[1,0,0.02,463.0]]}
{"t":1776980436.932385,"e":[[1,1,0.94,8578.47]]}
{"t":1776980438.9541829,"e":[[0,0,0.03],[1,1,0.94,7078.469999999999]]}
{"t":1776980441.991785,"e":[[1,0,0.03,750.0],[1,0,0.02,1213.0],[1,1,0.94,7828.469999999999]]}
{"t":1776980444.031349,"e":[[1,0,0.02,463.0]]}
{"t":1776980445.048059,"e":[[1,1,0.94,8578.47]]}
{"t":1776980488.560389,"e":[[0,0,0.03],[1,1,0.94,7078.469999999999]]}
{"t":1776980491.6142201,"e":[[1,0,0.03,750.0],[1,0,0.02,1213.0],[1,1,0.94,7828.469999999999]]}
{"t":1776980493.6422322,"e":[[1,0,0.02,463.0]]}
{"t":1776980494.659307,"e":[[1,1,0.94,8578.47]]}
{"t":1776980506.843083,"e":[[1,1,0.95,2500.0]]}
{"t":1776980524.08113,"e":[[0,0,0.03],[1,1,0.94,7078.469999999999]]}
{"t":1776980525.100575,"e":[[1,0,0.04,750.0],[1,1,0.94,8578.47]]}
{"t":1776980528.159174,"e":[[0,0,0.04]]}
{"t":1776980530.192708,"e":[[1,0,0.03,750.0]]}
{"t":1776980562.5381172,"e":[[0,0,0.03],[1,1,0.94,7078.469999999999]]}
{"t":1776980566.604689,"e":[[1,0,0.03,750.0],[1,0,0.02,1213.0],[1,1,0.94,8578.47]]}
{"t":1776980568.63121,"e":[[1,0,0.02,463.0]]}
{"t":1776980577.735656,"e":[[0,0,0.03],[1,1,0.94,7078.469999999999]]}
{"t":1776980578.763276,"e":[[1,0,0.03,750.0],[1,0,0.02,1213.0],[1,1,0.94,8578.47]]}
{"t":1776980580.801905,"e":[[1,0,0.02,463.0]]}
{"t":1776980589.9223082,"e":[[0,0,0.03],[1,1,0.94,7078.469999999999]]}
{"t":1776980592.981667,"e":[[1,0,0.03,750.0],[1,0,0.02,1213.0],[1,1,0.94,8578.47]]}
{"t":1776980597.019396,"e":[[1,0,0.02,463.0]]}
{"t":1776980639.4787,"e":[[1,1,0.95,2406.24]]}
{"t":1776980700.0908082,"e":[[1,0,0.02,63.0]]}
{"t":1776980710.1544871,"e":[[1,0,0.03,500.0]]}
{"t":1776980711.170652,"e":[[1,0,0.02,313.0]]}
{"t":1776980758.610584,"e":[[0,0,0.03],[1,0,0.02,63.0],[1,1,0.94,7078.469999999999]]}
{"t":1776980761.657168,"e":[[1,0,0.03,500.0],[1,0,0.02,313.0],[1,1,0.94,8578.47]]}
{"t":1776980842.4296498,"e":[[0,0,0.03],[1,0,0.02,63.0],[1,1,0.94,7078.469999999999]]}
{"t":1776980845.4702349,"e":[[1,0,0.03,500.0],[1,0,0.02,313.0],[1,1,0.94,8578.47]]}
{"t":1776980929.387115,"e":[[0,0,0.03],[1,0,0.02,63.0],[1,1,0.94,7078.469999999999]]}
{"t":1776980932.421974,"e":[[1,0,0.03,500.0],[1,0,0.02,313.0],[1,1,0.94,8578.47]]}
{"t":1776980942.557023,"e":[[0,0,0.03],[1,0,0.02,63.0],[1,1,0.94,7078.469999999999]]}
{"t":1776980945.5937312,"e":[[1,0,0.03,500.0],[1,0,0.02,313.0],[1,1,0.94,8578.47]]}
{"t":1776980957.745952,"e":[[0,0,0.03],[1,0,0.02,63.0],[1,1,0.94,7078.469999999999]]}
{"t":1776980960.798671,"e":[[1,0,0.03,500.0],[1,0,0.02,313.0],[1,1,0.94,8578.47]]}
{"t":1776980976.982363,"e":[[0,0,0.03],[1,0,0.02,63.0],[1,1,0.94,7078.469999999999]]}
{"t":1776980981.055403,"e":[[1,0,0.03,500.0],[1,0,0.02,313.0],[1,1,0.94,8578.47]]}
{"t":1776980995.2883961,"e":[[0,0,0.03],[1,0,0.02,63.0],[1,1,0.94,7078.469999999999]]}
{"t":1776980999.340385,"e":[[1,0,0.03,500.0],[1,0,0.02,313.0],[1,1,0.94,8578.47]]}
{"t":1776981008.444097,"e":[[0,0,0.03],[1,0,0.02,63.0],[1,1,0.94,7078.469999999999]]}
{"t":1776981013.51339,"e":[[1,0,0.03,500.0],[1,0,0.02,313.0],[1,1,0.94,8578.47]]}
{"t":1776981018.585931,"e":[[0,0,0.03],[1,0,0.02,63.0],[1,1,0.94,7078.469999999999]]}
{"t":1776981021.6490638,"e":[[1,0,0.03,500.0],[1,0,0.02,313.0],[1,1,0.94,8578.47]]}
{"t":1776981039.859245,"e":[[0,0,0.03],[1,0,0.02,63.0],[1,1,0.94,7078.469999999999]]}
{"t":1776981043.911885,"e":[[1,0,0.03,500.0],[1,0,0.02,313.0],[1,1,0.94,8578.47]]}
{"t":1776981072.162536,"e":[[0,0,0.03],[1,0,0.02,63.0],[1,1,0.94,7078.469999999999]]}
{"t":1776981074.199422,"e":[[1,0,0.03,500.0],[1,0,0.02,313.0],[1,1,0.94,8578.47]]}
{"t":1776981087.326062,"e":[[0,0,0.03],[1,0,0.02,63.0],[1,1,0.94,7078.469999999999]]}
{"t":1776981089.372341,"e":[[1,0,0.03,500.0],[1,0,0.02,313.0],[1,1,0.94,8578.47]]}
{"t":1776981097.483105,"e":[[1,1,0.95,2321.24]]}
{"t":1776981100.51648,"e":[[0,0,0.03],[1,0,0.02,113.0],[1,0,0.01,10200.0],[1,1,0.94,7078.469999999999]]}
{"t":1776981102.5422,"e":[[1,0,0.03,500.0],[1,0,0.02,363.0],[1,1,0.94,8578.47]]}
{"t":1776981193.665442,"e":[[0,0,0.03],[1,0,0.02,113.0],[1,1,0.94,7078.469999999999]]}
{"t":1776981195.704865,"e":[[1,0,0.03,500.0],[1,0,0.02,363.0],[1,1,0.94,8578.47]]}
{"t":1776981206.826984,"e":[[0,0,0.03],[1,0,0.02,113.0],[1,1,0.94,7078.469999999999]]}
{"t":1776981210.864474,"e":[[1,0,0.03,500.0],[1,0,0.02,363.0],[1,1,0.94,8578.47]]}
{"t":1776981249.287044,"e":[[0,0,0.03],[1,0,0.02,113.0],[1,1,0.94,7078.469999999999]]}
{"t":1776981253.340408,"e":[[1,0,0.03,500.0],[1,0,0.02,363.0],[1,1,0.94,8578.47]]}
{"t":1776981262.424299,"e":[[1,1,0.95,2302.49]]}
{"t":1776981263.4313338,"e":[[0,0,0.03],[1,0,0.02,113.0],[1,1,0.94,7078.469999999999]]}
{"t":1776981266.4803982,"e":[[1,0,0.03,500.0],[1,0,0.02,363.0],[1,1,0.94,8578.47]]}
{"t":1776981297.8282409,"e":[[0,0,0.03],[1,0,0.02,113.0],[1,1,0.94,7078.469999999999]]}
{"t":1776981308.9701738,"e":[[0,1,0.32],[1,1,0.35,7218.0]]}
{"t":1776981350.337185,"e":[[1,1,0.95,2264.99]]}
{"t":1776981365.480497,"e":[[1,1,0.35,7213.0],[1,1,0.36,5.0]]}
{"t":1776981402.898061,"e":[[1,1,0.95,2284.72]]}
{"t":1776981525.030111,"e":[[1,1,0.96,125.0],[1,1,0.95,2264.99]]}
{"t":1776981600.633235,"e":[[0,1,0.34],[0,1,0.78]]}
{"t":1776981988.2143328,"e":[[0,1,0.96]]}
{"t":1776981993.248905,"e":[[1,1,0.94,49.99999999999909]]}
{"t":1776982098.262696,"e":[[1,1,0.95,5597.99]]}
{"t":1776982196.1353002,"e":[[1,1,0.95,3722.7]]}
{"t":1776982204.2044532,"e":[[1,1,0.01,250.0]]}
{"t":1776982210.274378,"e":[[1,1,0.87,30.0]]}
{"t":1776982218.3554492,"e":[[1,1,0.93,66.0]]}
{"t":1776982383.7763689,"e":[[0,1,0.87],[1,1,0.01,200.0]]}
{"t":1776982554.356297,"e":[[1,1,0.93,16.0],[1,1,0.95,3580.7]]}
{"t":1776982575.5447218,"e":[[0,0,0.02]]}
{"t":1776982610.88155,"e":[[1,1,0.95,3612.7]]}
{"t":1776982737.004976,"e":[[1,1,0.95,3541.7]]}
{"t":1776982818.745387,"e":[[0,1,0.93]]}
{"t":1776982824.8107898,"e":[[1,1,0.95,3509.7]]}
{"t":1776982948.6018329,"e":[[1,0,0.01,10250.0],[1,1,0.95,3502.7]]}
{"t":1776982981.814215,"e":[[1,0,0.01,10200.0]]}
{"t":1776983042.328243,"e":[[1,0,0.02,5.0]]}
{"t":1776983203.8746712,"e":[[1,1,0.95,3408.9399999999996]]}
{"t":1776983248.3272629,"e":[[1,1,0.94,2549.999999999999]]}
{"t":1776983261.425828,"e":[[1,1,0.95,3380.9399999999996]]}
{"t":1776983537.23239,"e":[[1,1,0.97,5.0]]}
{"t":1776983550.351233,"e":[[0,1,0.97]]}
{"t":1776983570.519562,"e":[[0,1,0.36]]}
{"t":1776983571.523116,"e":[[1,1,0.36,5.0]]}
{"t":1776983682.52045,"e":[[1,1,0.95,2443.2999999999993]]}
{"t":1776984000.5809228,"e":[[1,0,0.03,24.0],[1,0,0.02,55.0],[1,1,0.92,2690.78],[0,1,0.94],[0,1,0.95],[1,1,0.91,50.0],[1,1,0.93,36.0]]}
{"t":1776984004.614827,"e":[[1,0,0.02,65.0],[0,1,0.91],[1,1,0.93,71.16]]}
{"t":1776984016.7489212,"e":[[1,1,0.93,101.16]]}
{"t":1776984018.768186,"e":[[1,1,0.01,250.0]]}
{"t":1776984031.918077,"e":[[1,1,0.85,2725.0]]}
{"t":1776984121.788502,"e":[[1,1,0.92,2681.94],[0,1,0.93]]}
{"t":1776984123.80729,"e":[[1,1,0.91,40.0],[1,1,0.01,265.0]]}
{"t":1776984137.918742,"e":[[0,1,0.91],[1,1,0.93,36.0]]}
{"t":1776984155.076608,"e":[[1,1,0.93,66.0]]}
{"t":1776984248.0238988,"e":[[1,0,0.04,5.0],[1,0,0.02,60.0],[1,1,0.93,86.0]]}
{"t":1776984363.259584,"e":[[1,0,0.02,50.0],[1,1,0.01,250.0]]}
{"t":1776984374.379224,"e":[[1,1,0.85,2695.0],[1,1,0.01,200.0]]}
{"t":1776984468.2678988,"e":[[1,0,0.05,100.0]]}
{"t":1776984481.384429,"e":[[0,1,0.93]]}
{"t":1776984482.3970282,"e":[[0,0,0.03]]}
{"t":1776984483.411127,"e":[[1,0,0.03,25.0],[1,1,0.91,89.0]]}
{"t":1776984492.479062,"e":[[0,0,0.03],[1,1,0.91,50.0]]}
{"t":1776984493.492536,"e":[[1,0,0.03,25.0],[1,1,0.92,2719.94]]}
{"t":1776984498.537146,"e":[[0,0,0.03]]}
{"t":1776984499.555882,"e":[[1,0,0.03,25.0]]}
{"t":1776984502.5916429,"e":[[0,0,0.03]]}
{"t":1776984503.606118,"e":[[1,0,0.03,25.0]]}
{"t":1776984507.6474519,"e":[[0,0,0.03]]}
{"t":1776984508.663913,"e":[[1,0,0.03,25.0]]}
{"t":1776984512.704823,"e":[[0,0,0.03]]}
{"t":1776984513.7195032,"e":[[1,0,0.03,25.0]]}
{"t":1776984517.762571,"e":[[0,0,0.03],[0,1,0.91]]}
{"t":1776984518.78241,"e":[[1,0,0.03,24.0]]}
{"t":1776984524.8486762,"e":[[1,1,0.92,2681.94],[1,1,0.93,32.0]]}
{"t":1776984525.8624399,"e":[[1,1,0.93,67.0]]}
{"t":1776984527.882178,"e":[[0,0,0.03]]}
{"t":1776984528.900505,"e":[[1,0,0.03,24.0]]}
{"t":1776984538.0001779,"e":[[0,0,0.03]]}
{"t":1776984539.016889,"e":[[1,0,0.03,24.0]]}
{"t":1776984543.062071,"e":[[0,0,0.03]]}
{"t":1776984544.075375,"e":[[1,0,0.03,24.0]]}
{"t":1776984587.4595351,"e":[[0,0,0.03]]}
{"t":1776984588.4805,"e":[[1,0,0.03,24.0]]}
{"t":1776984592.52113,"e":[[0,0,0.03]]}
{"t":1776984593.532476,"e":[[1,0,0.03,24.0]]}
{"t":1776984597.566366,"e":[[0,0,0.03]]}
{"t":1776984598.580269,"e":[[1,0,0.03,24.0]]}
{"t":1776984602.625827,"e":[[0,0,0.03]]}
{"t":1776984603.637933,"e":[[1,0,0.03,24.0]]}
{"t":1776984612.709741,"e":[[0,0,0.03]]}
{"t":1776984613.724851,"e":[[1,0,0.03,24.0]]}
{"t":1776984617.752546,"e":[[0,0,0.03]]}
{"t":1776984618.768915,"e":[[1,0,0.03,24.0]]}
{"t":1776984622.805949,"e":[[0,0,0.03]]}
{"t":1776984623.8186119,"e":[[1,0,0.03,24.0]]}
{"t":1776984627.853908,"e":[[0,0,0.03]]}
{"t":1776984628.8655841,"e":[[1,0,0.03,24.0]]}
{"t":1776984629.877038,"e":[[1,1,0.93,35.0]]}
{"t":1776984630.8864799,"e":[[1,1,0.94,32.0]]}
{"t":1776984637.93259,"e":[[0,0,0.03],[0,1,0.93]]}
{"t":1776984638.94343,"e":[[1,0,0.03,24.0],[1,1,0.93,35.0]]}
{"t":1776984648.011738,"e":[[0,0,0.03],[0,1,0.93]]}
{"t":1776984649.027219,"e":[[1,0,0.03,24.0],[1,1,0.93,35.0]]}
{"t":1776984658.114712,"e":[[0,0,0.03],[0,1,0.93]]}
{"t":1776984659.1339672,"e":[[1,0,0.03,24.0],[1,1,0.93,35.0]]}
{"t":1776984663.171963,"e":[[0,0,0.03]]}
{"t":1776984664.183307,"e":[[1,0,0.03,24.0]]}
{"t":1776984716.640694,"e":[[0,0,0.04]]}
{"t":1776984717.652624,"e":[[0,0,0.03],[0,1,0.93]]}
{"t":1776984718.669096,"e":[[1,0,0.03,24.0],[1,1,0.93,35.0]]}
{"t":1776984722.69966,"e":[[0,0,0.03],[0,1,0.93]]}
{"t":1776984723.716197,"e":[[1,0,0.03,24.0],[1,1,0.93,35.0]]}
{"t":1776984727.740489,"e":[[0,0,0.03],[0,1,0.93]]}
{"t":1776984728.754425,"e":[[1,0,0.03,24.0],[1,1,0.93,35.0]]}
{"t":1776984732.79654,"e":[[0,0,0.03],[0,1,0.93]]}
{"t":1776984733.8148658,"e":[[1,0,0.03,24.0],[1,1,0.93,35.0]]}
{"t":1776984737.846914,"e":[[0,0,0.03],[0,1,0.93]]}
{"t":1776984738.861422,"e":[[1,0,0.03,24.0],[1,1,0.93,35.0]]}
{"t":1776984742.8971121,"e":[[0,0,0.03],[0,1,0.93]]}
{"t":1776984743.913269,"e":[[1,0,0.03,24.0],[1,1,0.93,35.0]]}
{"t":1776984747.956368,"e":[[0,0,0.03],[0,1,0.93]]}
{"t":1776984748.969759,"e":[[1,0,0.03,24.0],[1,1,0.93,35.0]]}
{"t":1776984756.020798,"e":[[1,1,0.92,2619.23],[0,1,0.93],[0,1,0.94]]}
{"t":1776984758.040056,"e":[[0,0,0.03]]}
{"t":1776984759.048001,"e":[[1,0,0.03,24.0],[1,1,0.91,39.0]]}
{"t":1776984773.1577148,"e":[[0,0,0.03],[1,1,0.91,50.0]]}
{"t":1776984774.1769989,"e":[[1,0,0.03,24.0],[0,1,0.91],[1,1,0.93,35.0]]}
{"t":1776984782.257231,"e":[[1,1,0.93,85.0]]}
{"t":1776984788.299275,"e":[[1,0,0.02,82.0]]}
{"t":1776984817.554465,"e":[[0,0,0.03]]}
{"t":1776984818.573923,"e":[[1,0,0.03,24.0]]}
{"t":1776984822.620856,"e":[[0,0,0.03]]}
{"t":1776984823.6322079,"e":[[1,0,0.03,24.0]]}
{"t":1776984827.661626,"e":[[0,0,0.03]]}
{"t":1776984828.671398,"e":[[1,0,0.03,24.0]]}
{"t":1776984832.710284,"e":[[0,0,0.03]]}
{"t":1776984833.721913,"e":[[1,0,0.03,24.0]]}
{"t":1776984837.74948,"e":[[0,0,0.03]]}
{"t":1776984838.761334,"e":[[1,0,0.03,24.0]]}
{"t":1776984842.7966762,"e":[[0,0,0.03]]}
{"t":1776984843.8111339,"e":[[1,0,0.03,24.0]]}
{"t":1776984847.8509598,"e":[[0,0,0.03]]}
{"t":1776984848.87153,"e":[[1,0,0.03,24.0]]}
{"t":1776984857.976018,"e":[[0,0,0.03]]}
{"t":1776984858.9856389,"e":[[1,0,0.03,24.0]]}
{"t":1776984863.021197,"e":[[0,0,0.03]]}
{"t":1776984864.0372832,"e":[[1,0,0.03,24.0]]}
{"t":1776984873.102263,"e":[[0,0,0.03]]}
{"t":1776984874.1155908,"e":[[1,0,0.03,24.0]]}
{"t":1776984881.186956,"e":[[0,1,0.93]]}
{"t":1776984884.223762,"e":[[1,1,0.91,39.0]]}
{"t":1776984898.340784,"e":[[0,1,0.91],[1,1,0.93,35.0]]}
{"t":1776984907.418387,"e":[[1,1,0.93,85.0]]}
{"t":1776984932.63647,"e":[[0,0,0.03]]}
{"t":1776984933.651555,"e":[[1,0,0.03,24.0]]}
{"t":1776984934.6640131,"e":[[1,1,0.93,50.0]]}
{"t":1776984978.005213,"e":[[1,1,0.92,2604.32],[0,1,0.93]]}
{"t":1776985001.1879601,"e":[[1,1,0.91,50.0]]}
{"t":1776985026.404881,"e":[[0,1,0.91],[1,1,0.93,21.0]]}
{"t":1776985065.741781,"e":[[1,1,0.92,2587.53],[0,1,0.93]]}
{"t":1776985079.8669949,"e":[[1,0,0.02,103.0]]}
{"t":1776985101.0253718,"e":[[1,1,0.92,2575.7900000000004]]}
{"t":1776985126.226069,"e":[[1,1,0.91,50.0]]}
{"t":1776985149.388347,"e":[[0,0,0.03]]}
{"t":1776985173.565946,"e":[[1,1,0.92,2399.6400000000003]]}
{"t":1776985175.584914,"e":[[1,0,0.01,10240.0]]}
{"t":1776985186.7087538,"e":[[1,0,0.03,25.0]]}
{"t":1776985187.729563,"e":[[0,1,0.91],[1,1,0.93,35.0]]}
{"t":1776985199.830254,"e":[[0,0,0.03]]}
{"t":1776985200.8431659,"e":[[1,0,0.03,25.0]]}
{"t":1776985204.87889,"e":[[0,0,0.03]]}
{"t":1776985205.8939898,"e":[[1,0,0.03,25.0]]}
{"t":1776985214.981127,"e":[[1,0,0.03,24.0],[1,1,0.93,101.0]]}
{"t":1776985259.324501,"e":[[0,0,0.03]]}
{"t":1776985260.341897,"e":[[1,0,0.03,24.0]]}
{"t":1776985264.370403,"e":[[0,0,0.03]]}
{"t":1776985265.383213,"e":[[1,0,0.03,24.0]]}
{"t":1776985269.414637,"e":[[0,0,0.03]]}
{"t":1776985270.4235342,"e":[[1,0,0.03,24.0]]}
{"t":1776985274.449279,"e":[[0,0,0.03]]}
{"t":1776985275.468127,"e":[[1,0,0.03,24.0]]}
{"t":1776985279.4998899,"e":[[0,0,0.03]]}
{"t":1776985280.513116,"e":[[1,0,0.03,25.0]]}
{"t":1776985284.543201,"e":[[1,0,0.03,24.0]]}
{"t":1776985289.581059,"e":[[0,0,0.03]]}
{"t":1776985290.597821,"e":[[1,0,0.03,25.0]]}
{"t":1776985294.630184,"e":[[0,0,0.03]]}
{"t":1776985295.6419048,"e":[[1,0,0.03,25.0]]}
{"t":1776985299.674952,"e":[[0,0,0.03]]}
{"t":1776985300.685515,"e":[[1,0,0.03,25.0]]}
{"t":1776985314.8166358,"e":[[0,0,0.03]]}
{"t":1776985315.833792,"e":[[1,0,0.03,25.0]]}
{"t":1776985329.933568,"e":[[0,0,0.03]]}
{"t":1776985330.9417758,"e":[[1,0,0.03,24.0]]}
{"t":1776985379.328127,"e":[[0,0,0.03]]}
{"t":1776985380.342636,"e":[[1,0,0.03,24.0]]}
{"t":1776985384.372994,"e":[[0,0,0.03]]}
{"t":1776985385.388402,"e":[[1,0,0.03,24.0]]}
{"t":1776985389.433438,"e":[[0,0,0.03]]}
{"t":1776985390.469878,"e":[[1,0,0.03,24.0]]}
{"t":1776985393.499253,"e":[[0,0,0.05]]}
{"t":1776985428.895339,"e":[[0,1,0.93]]}
{"t":1776985431.928589,"e":[[1,1,0.91,40.0]]}
{"t":1776985434.953768,"e":[[0,1,0.91]]}
{"t":1776985435.971738,"e":[[1,1,0.91,40.0]]}
{"t":1776985440.0075939,"e":[[1,1,0.91,50.0],[1,1,0.92,2437.6400000000003]]}
{"t":1776985444.0484211,"e":[[1,0,0.01,10200.0]]}
{"t":1776985445.0558221,"e":[[1,0,0.01,10234.0]]}
{"t":1776985527.840863,"e":[[1,1,0.92,2425.9000000000005]]}
{"t":1776985619.657502,"e":[[1,1,0.92,2396.0000000000005]]}
{"t":1776985624.6910021,"e":[[1,0,0.04,5.0]]}
{"t":1776985649.934091,"e":[[0,1,0.36]]}
{"t":1776985650.94281,"e":[[1,1,0.36,5.0]]}
{"t":1776985723.5906281,"e":[[1,0,0.01,10200.0]]}
{"t":1776985730.653546,"e":[[1,0,0.02,82.0]]}
{"t":1776985735.6988642,"e":[[1,0,0.02,50.0]]}
{"t":1776985762.980169,"e":[[1,1,0.92,2246.0000000000005]]}
{"t":1776985772.053736,"e":[[1,1,0.92,2011.1300000000006]]}
{"t":1776985855.8540149,"e":[[1,1,0.92,1987.7600000000007]]}
{"t":1776985892.1387541,"e":[[1,1,0.92,987.7600000000007]]}
{"t":1776986081.824235,"e":[[1,1,0.91,66.0],[1,1,0.92,929.0500000000006]]}
{"t":1776986084.8630981,"e":[[0,1,0.35],[1,1,0.04,10000.0]]}
{"t":1776986109.094052,"e":[[0,1,0.36],[1,1,0.05,40.0]]}
{"t":1776986313.663645,"e":[[1,0,0.03,64.0],[1,0,0.05,75.0],[1,0,0.04,130.0],[1,0,0.02,73.0],[1,1,0.9,5160.0],[1,1,0.91,221.0],[1,1,0.92,1063.0500000000006]]}
{"t":1776986315.711182,"e":[[1,0,0.04,153.0]]}
{"t":1776986319.7521029,"e":[[1,0,0.04,130.0]]}
{"t":1776986320.770004,"e":[[1,0,0.04,153.0]]}
{"t":1776986321.783424,"e":[[0,0,0.03],[1,1,0.92,929.0500000000006]]}
{"t":1776986322.792257,"e":[[1,0,0.05,143.0],[1,0,0.06,68.0],[1,0,0.04,141.0],[1,0,0.02,95.0],[1,1,0.91,205.0],[1,1,0.92,891.0500000000006],[1,1,0.93,150.0]]}
{"t":1776986323.806257,"e":[[1,1,0.93,184.0]]}
{"t":1776986325.825002,"e":[[1,0,0.06,64.0],[1,0,0.05,139.0],[1,0,0.04,118.0],[0,1,0.91],[1,1,0.93,140.0]]}
{"t":1776986326.84368,"e":[[1,0,0.03,25.0],[1,1,0.9,5288.0],[1,1,0.92,1013.0500000000006]]}
{"t":1776986329.886097,"e":[[0,0,0.06],[1,0,0.05,64.0],[1,0,0.04,117.0],[1,0,0.02,89.0],[1,1,0.9,5269.0],[1,1,0.92,952.0500000000006]]}
{"t":1776986330.904911,"e":[[1,0,0.03,64.0],[1,1,0.93,118.0],[1,1,0.94,67.0]]}
{"t":1776986331.924035,"e":[[1,0,0.04,139.0],[1,1,0.94,97.0]]}
{"t":1776986332.9445682,"e":[[1,0,0.05,77.0],[0,0,0.03],[1,0,0.01,10245.0],[1,0,0.04,166.0],[1,0,0.02,162.0],[1,1,0.9,5087.0],[1,1,0.92,948.0500000000006],[1,1,0.93,120.0],[1,1,0.94,108.0]]}
{"t":1776986334.9698648,"e":[[1,0,0.01,10200.0],[1,0,0.04,139.0],[1,0,0.02,146.0],[1,1,0.93,90.0]]}
{"t":1776986335.983511,"e":[[1,0,0.03,128.0],[1,0,0.04,172.0],[1,0,0.02,95.0],[1,1,0.9,5088.0],[1,1,0.92,950.0500000000006],[1,1,0.93,106.0]]}
{"t":1776986336.998791,"e":[[1,0,0.04,195.0]]}
{"t":1776986338.012841,"e":[[0,0,0.03],[1,0,0.01,10245.0],[1,0,0.04,167.0],[1,0,0.02,146.0],[1,1,0.85,2740.0],[1,1,0.9,5055.0],[1,1,0.92,976.0500000000006],[0,1,0.93],[1,1,0.94,102.0]]}
{"t":1776986341.042251,"e":[[1,0,0.05,71.0],[1,0,0.01,10221.0],[1,0,0.04,125.0],[1,0,0.02,112.0],[1,1,0.85,2695.0],[1,1,0.92,891.0500000000006],[1,1,0.94,97.0]]}
{"t":1776986342.0601542,"e":[[1,0,0.03,25.0],[1,1,0.9,5199.0],[1,1,0.94,120.0],[1,1,0.93,212.0]]}
{"t":1776986344.0876448,"e":[[1,0,0.05,64.0],[1,0,0.01,10200.0],[1,0,0.04,117.0],[1,0,0.02,73.0],[1,1,0.9,5121.0],[0,1,0.93]]}
{"t":1776986345.1048331,"e":[[1,0,0.03,64.0],[1,0,0.04,140.0],[1,1,0.92,1013.0500000000006]]}
{"t":1776986349.1435351,"e":[[1,0,0.05,77.0],[0,0,0.03],[1,0,0.01,10245.0],[1,0,0.04,167.0],[1,0,0.02,146.0],[1,1,0.85,2749.0],[1,1,0.9,5068.0],[1,1,0.92,992.0500000000006],[1,1,0.94,107.0]]}
{"t":1776986350.161362,"e":[[1,0,0.04,144.0]]}
{"t":1776986351.180408,"e":[[1,0,0.03,25.0]]}
{"t":1776986352.1939368,"e":[[1,0,0.05,58.0],[1,0,0.03,115.0],[1,0,0.01,10200.0],[1,0,0.04,133.0],[1,0,0.02,73.0],[1,1,0.85,2745.0],[1,1,0.9,5063.0],[1,1,0.92,985.0500000000006],[1,1,0.94,105.0]]}
{"t":1776986353.205424,"e":[[1,0,0.03,85.0],[1,0,0.04,107.0],[1,1,0.85,2744.0],[1,1,0.9,5061.0],[1,1,0.92,983.0500000000006]]}
{"t":1776986354.223117,"e":[[1,0,0.01,10210.0],[1,0,0.02,81.0]]}
{"t":1776986355.237678,"e":[[1,0,0.03,57.0],[1,0,0.01,10208.0],[1,0,0.04,106.0],[1,0,0.02,78.0]]}
{"t":1776986356.25424,"e":[[1,0,0.04,129.0],[1,0,0.02,73.0]]}
{"t":1776986357.277484,"e":[[1,0,0.05,77.0],[1,0,0.03,92.0],[1,0,0.01,10218.0],[1,0,0.04,165.0],[1,0,0.02,108.0]]}
{"t":1776986360.307275,"e":[[1,0,0.05,69.0],[1,0,0.03,24.0],[1,0,0.04,121.0],[1,0,0.02,107.0],[1,1,0.85,2695.0],[1,1,0.9,5199.0],[1,1,0.92,891.0500000000006],[1,1,0.94,120.0],[1,1,0.93,212.0]]}
{"t":1776986361.323421,"e":[[1,0,0.05,64.0],[1,0,0.03,88.0],[1,0,0.01,10200.0],[1,0,0.04,117.0],[1,0,0.02,73.0],[1,1,0.9,5121.0],[1,1,0.92,1013.0500000000006],[0,1,0.93]]}
{"t":1776986363.351876,"e":[[0,0,0.05],[1,0,0.03,24.0],[1,0,0.04,5.0],[1,0,0.02,50.0],[1,1,0.9,5000.0],[1,1,0.92,891.0500000000006],[1,1,0.94,30.0]]}
{"t":1776986364.384167,"e":[[0,1,0.94]]}
{"t":1776986365.405177,"e":[[1,0,0.03,88.0],[1,0,0.05,74.0],[1,0,0.04,129.0],[1,0,0.02,73.0],[1,1,0.9,5171.0],[1,1,0.93,35.0],[1,1,0.94,102.0]]}
{"t":1776986366.418345,"e":[[1,0,0.03,56.0],[1,0,0.04,97.0],[1,0,0.02,70.0],[0,1,0.93],[0,1,0.94]]}
{"t":1776986367.4342961,"e":[[1,0,0.05,99.0],[1,0,0.06,42.0],[1,1,0.9,5366.0],[1,1,0.93,134.0]]}
{"t":1776986369.468353,"e":[[1,0,0.04,120.0],[1,1,0.93,169.0]]}
{"t":1776986372.504229,"e":[[1,0,0.05,74.0],[0,0,0.03],[1,1,0.9,5288.0],[1,1,0.93,125.0]]}
{"t":1776986373.5207438,"e":[[1,0,0.06,49.0],[1,0,0.05,122.0],[1,0,0.04,136.0],[1,0,0.02,88.0],[1,1,0.92,1013.0500000000006]]}
{"t":1776986375.544825,"e":[[1,0,0.03,25.0],[1,0,0.04,113.0],[1,1,0.93,75.0]]}
{"t":1776986378.579832,"e":[[0,0,0.06],[1,0,0.05,74.0],[1,0,0.04,97.0]]}
{"t":1776986379.595325,"e":[[1,0,0.05,65.0],[1,0,0.03,89.0],[1,0,0.04,119.0],[1,0,0.02,73.0],[1,1,0.9,5190.0],[1,1,0.92,942.0500000000006],[1,1,0.93,101.0],[1,1,0.94,40.0]]}
{"t":1776986381.615072,"e":[[1,0,0.03,64.0],[1,1,0.93,66.0]]}
{"t":1776986382.635703,"e":[[1,0,0.04,142.0],[1,1,0.94,70.0]]}
{"t":1776986383.65274,"e":[[0,0,0.05],[0,0,0.03],[1,0,0.04,28.0],[1,0,0.02,50.0],[1,1,0.9,5000.0],[1,1,0.92,891.0500000000006],[0,1,0.93],[1,1,0.94,30.0]]}
{"t":1776986384.680605,"e":[[1,0,0.04,172.0],[1,0,0.05,91.0],[1,0,0.02,95.0],[1,1,0.9,5174.0],[1,1,0.94,136.0]]}
{"t":1776986386.716128,"e":[[1,0,0.05,147.0],[1,0,0.03,25.0],[1,0,0.04,116.0],[1,1,0.9,5121.0],[1,1,0.92,1013.0500000000006],[1,1,0.94,120.0]]}
{"t":1776986387.73195,"e":[[1,0,0.05,220.0]]}
{"t":1776986389.753868,"e":[[1,0,0.05,91.0]]}
{"t":1776986390.76595,"e":[[1,0,0.05,58.0],[1,0,0.03,121.0],[1,0,0.04,138.0],[1,0,0.02,73.0],[1,1,0.85,2748.0],[1,1,0.9,5067.0],[1,1,0.92,989.0500000000006],[1,1,0.94,104.0]]}
{"t":1776986391.789633,"e":[[1,0,0.04,107.0]]}
{"t":1776986392.801614,"e":[[1,0,0.03,59.0],[1,0,0.01,10211.0],[1,0,0.04,130.0],[1,0,0.02,81.0],[1,1,0.85,2743.0],[1,1,0.9,5060.0],[1,1,0.92,980.0500000000006],[1,1,0.94,101.0]]}
{"t":1776986393.813972,"e":[[1,0,0.05,77.0],[1,0,0.03,93.0],[1,0,0.01,10219.0],[1,0,0.04,167.0],[1,0,0.02,108.0],[1,1,0.85,2741.0],[1,1,0.9,5058.0],[1,1,0.92,978.0500000000006],[1,1,0.94,100.0]]}
{"t":1776986396.843081,"e":[[1,0,0.04,144.0]]}
{"t":1776986397.8622699,"e":[[0,0,0.05],[0,0,0.03],[1,0,0.04,28.0],[1,0,0.02,50.0],[1,0,0.01,10200.0],[1,1,0.85,2695.0],[1,1,0.9,5000.0],[1,1,0.92,891.0500000000006],[1,1,0.94,30.0]]}
{"t":1776986399.8925388,"e":[[0,1,0.94]]}
{"t":1776986400.899296,"e":[[1,0,0.04,172.0],[1,0,0.05,91.0],[1,0,0.02,95.0],[1,1,0.9,5366.0],[1,1,0.93,169.0]]}
{"t":1776986401.9132118,"e":[[1,0,0.04,149.0]]}
{"t":1776986402.93094,"e":[[1,0,0.03,25.0]]}
{"t":1776986403.945809,"e":[[1,0,0.05,65.0],[1,0,0.04,119.0],[1,0,0.02,73.0],[1,1,0.9,5288.0],[1,1,0.93,125.0]]}
{"t":1776986404.957752,"e":[[1,0,0.03,89.0],[1,1,0.92,1013.0500000000006]]}
{"t":1776986405.973286,"e":[[0,0,0.05],[1,1,0.95,35.0]]}
{"t":1776986406.982281,"e":[[1,0,0.03,64.0],[1,1,0.93,90.0]]}
{"t":1776986407.9913442,"e":[[1,0,0.03,88.0],[1,1,0.94,31.0]]}
{"t":1776986409.005325,"e":[[1,0,0.03,66.0],[1,0,0.04,55.0],[1,0,0.02,50.0],[1,1,0.9,5125.0],[1,1,0.92,891.0500000000006],[0,1,0.93],[1,1,0.94,239.0]]}
{"t":1776986410.0193422,"e":[[1,0,0.03,24.0],[1,0,0.04,152.0],[1,1,0.9,5000.0]]}
{"t":1776986411.032664,"e":[[1,0,0.04,297.0],[1,1,0.94,336.0]]}
{"t":1776986412.0510578,"e":[[0,0,0.03],[1,1,0.94,305.0]]}
{"t":1776986415.0865579,"e":[[1,0,0.04,5.0],[0,1,0.94]]}
{"t":1776986416.102129,"e":[[1,0,0.04,312.0],[1,0,0.03,25.0],[1,1,0.9,5305.0],[1,1,0.93,35.0]]}
{"t":1776986418.1412349,"e":[[1,0,0.04,5.0]]}
{"t":1776986419.158252,"e":[[1,1,0.9,5000.0]]}
{"t":1776986422.21214,"e":[[1,0,0.03,42.0],[1,0,0.04,295.0],[1,1,0.9,5304.0],[1,1,0.93,36.0]]}
{"t":1776986423.230047,"e":[[1,0,0.04,317.0]]}
{"t":1776986426.252438,"e":[[1,0,0.04,27.0],[0,0,0.03]]}
{"t":1776986427.273626,"e":[[1,0,0.04,255.0],[0,1,0.93]]}
{"t":1776986431.311857,"e":[[1,0,0.03,24.0],[1,1,0.93,35.0]]}
{"t":1776986432.328516,"e":[[0,0,0.03],[0,1,0.93]]}
{"t":1776986433.343542,"e":[[1,0,0.03,24.0],[1,1,0.93,35.0]]}
{"t":1776986437.380849,"e":[[1,0,0.04,5.0],[1,1,0.9,5000.0]]}
{"t":1776986438.40733,"e":[[0,1,0.93]]}
{"t":1776986439.423061,"e":[[1,0,0.03,66.0],[1,0,0.04,88.0],[1,1,0.9,5304.0],[1,1,0.95,31.25],[1,1,0.93,36.0]]}
{"t":1776986440.453592,"e":[[1,0,0.03,42.0],[1,0,0.04,294.0]]}
{"t":1776986441.4702349,"e":[[1,0,0.04,28.0],[0,0,0.03]]}
{"t":1776986442.493834,"e":[[1,0,0.04,278.0]]}
{"t":1776986443.502712,"e":[[0,1,0.93]]}
{"t":1776986444.5147278,"e":[[1,1,0.93,35.0]]}
{"t":1776986445.5276759,"e":[[1,0,0.04,5.0],[1,1,0.9,5303.0]]}
{"t":1776986446.5431292,"e":[[1,0,0.04,315.0],[1,0,0.03,24.0]]}
{"t":1776986448.55932,"e":[[1,0,0.04,5.0]]}
{"t":1776986449.5745769,"e":[[1,0,0.04,255.0],[0,1,0.93]]}
{"t":1776986450.589951,"e":[[0,0,0.03]]}
{"t":1776986451.5998101,"e":[[1,0,0.03,25.0],[1,1,0.93,35.0]]}
{"t":1776986455.651712,"e":[[1,1,0.9,5302.0]]}
{"t":1776986458.686429,"e":[[0,0,0.03],[1,1,0.93,36.0]]}
{"t":1776986459.7055738,"e":[[1,0,0.03,25.0]]}
{"t":1776986464.741005,"e":[[0,0,0.03],[0,1,0.93]]}
{"t":1776986466.768547,"e":[[1,0,0.03,25.0],[1,1,0.93,35.0]]}
{"t":1776986468.792347,"e":[[0,0,0.03],[0,1,0.93]]}
{"t":1776986469.807368,"e":[[1,0,0.04,318.0],[1,1,0.9,5000.0]]}
{"t":1776986470.831928,"e":[[0,1,0.95]]}
{"t":1776986471.840426,"e":[[1,0,0.04,5.0]]}
{"t":1776986472.854091,"e":[[1,0,0.06,167.0],[1,0,0.05,147.0],[1,0,0.03,24.0],[1,1,0.9,5500.0],[1,1,0.93,36.0]]}
{"t":1776986474.8911622,"e":[[1,0,0.03,25.0]]}
{"t":1776986477.923193,"e":[[0,0,0.04]]}
{"t":1776986478.937957,"e":[[0,0,0.03]]}
{"t":1776986480.9620538,"e":[[1,0,0.03,25.0]]}
{"t":1776986482.980104,"e":[[0,0,0.06],[0,0,0.05]]}
{"t":1776986483.994529,"e":[[1,0,0.03,83.0],[1,0,0.04,218.0]]}
{"t":1776986485.0120902,"e":[[1,0,0.04,241.0]]}
{"t":1776986488.038053,"e":[[0,0,0.03],[1,0,0.06,167.0],[1,0,0.05,116.0],[1,0,0.04,106.0]]}
{"t":1776986490.0631008,"e":[[1,0,0.06,107.0],[1,0,0.05,98.0]]}
{"t":1776986493.090252,"e":[[1,0,0.04,83.0]]}
{"t":1776986494.109504,"e":[[0,0,0.06],[0,0,0.05],[0,0,0.04],[1,0,0.03,25.0],[1,1,0.9,5000.0]]}
{"t":1776986496.1457589,"e":[[1,0,0.03,83.0],[1,0,0.04,217.0],[1,1,0.9,5500.0]]}
{"t":1776986497.1666582,"e":[[1,0,0.04,240.0]]}
{"t":1776986498.1784692,"e":[[0,0,0.03]]}
{"t":1776986499.194131,"e":[[1,0,0.06,167.0],[1,0,0.05,116.0],[1,0,0.04,106.0]]}
{"t":1776986500.2095082,"e":[[1,0,0.03,25.0],[1,0,0.04,83.0]]}
{"t":1776986504.28443,"e":[[0,0,0.06],[0,0,0.05],[0,0,0.03]]}
{"t":1776986505.306487,"e":[[1,0,0.04,240.0],[1,0,0.03,83.0]]}
{"t":1776986511.373088,"e":[[0,0,0.03],[1,0,0.06,167.0],[1,0,0.05,117.0],[1,0,0.04,106.0]]}
{"t":1776986512.392355,"e":[[1,0,0.03,25.0],[1,0,0.04,83.0]]}
{"t":1776986513.405728,"e":[[0,0,0.06],[0,0,0.05]]}
{"t":1776986514.420376,"e":[[1,0,0.03,83.0],[1,0,0.04,239.0]]}
{"t":1776986515.436492,"e":[[0,0,0.03],[1,0,0.06,167.0],[1,0,0.05,117.0],[1,0,0.04,106.0]]}
{"t":1776986517.467367,"e":[[1,0,0.06,107.0],[1,0,0.05,100.0]]}
{"t":1776986519.500062,"e":[[1,0,0.03,25.0],[1,0,0.04,83.0]]}
{"t":1776986521.5230029,"e":[[0,0,0.06],[0,0,0.05]]}
{"t":1776986522.535132,"e":[[1,0,0.03,108.0],[1,0,0.04,216.0]]}
{"t":1776986524.563298,"e":[[1,0,0.03,83.0],[1,0,0.05,111.0],[1,0,0.04,125.0]]}
{"t":1776986528.5970712,"e":[[1,0,0.05,105.0],[0,0,0.03],[1,0,0.04,106.0]]}
{"t":1776986529.612318,"e":[[1,0,0.06,119.0],[1,0,0.03,25.0],[1,0,0.04,83.0]]}
{"t":1776986531.636127,"e":[[0,0,0.06],[0,0,0.05],[1,0,0.03,108.0],[1,0,0.04,215.0],[0,1,0.93]]}
{"t":1776986533.6573381,"e":[[1,0,0.04,167.0]]}
{"t":1776986534.6683981,"e":[[1,0,0.04,23.0],[0,0,0.03],[1,1,0.9,5000.0],[1,1,0.91,39.0]]}
{"t":1776986537.7171562,"e":[[1,0,0.04,106.0],[1,0,0.05,202.0],[1,0,0.02,92.0],[1,1,0.9,5250.0],[1,1,0.91,289.0]]}
{"t":1776986538.733504,"e":[[1,0,0.04,83.0],[1,1,0.91,250.0]]}
{"t":1776986539.750536,"e":[[1,0,0.03,25.0],[1,1,0.92,928.0500000000006]]}
{"t":1776986540.767461,"e":[[0,0,0.05],[1,0,0.03,108.0],[1,0,0.04,218.0],[1,0,0.02,50.0],[1,1,0.9,5500.0],[0,1,0.91]]}
{"t":1776986542.7987509,"e":[[1,0,0.04,167.0]]}
{"t":1776986544.830987,"e":[[1,0,0.03,83.0],[1,0,0.04,190.0]]}
{"t":1776986551.9136121,"e":[[0,0,0.03],[1,0,0.05,167.0],[1,0,0.04,83.0]]}
{"t":1776986552.941642,"e":[[1,0,0.03,25.0]]}
{"t":1776986553.952138,"e":[[0,0,0.03]]}
{"t":1776986554.9649239,"e":[[0,0,0.05],[0,0,0.04],[1,0,0.03,192.0],[1,0,0.02,133.0]]}
{"t":1776986557.997958,"e":[[1,1,0.91,50.0]]}
{"t":1776986559.0023339,"e":[[1,0,0.03,83.0],[1,0,0.05,167.0],[1,0,0.04,116.0],[1,0,0.02,50.0],[1,1,0.9,5250.0],[1,1,0.91,300.0]]}
{"t":1776986560.016067,"e":[[1,0,0.04,139.0]]}
{"t":1776986561.027009,"e":[[1,0,0.05,105.0],[0,0,0.03],[1,0,0.04,106.0],[1,1,0.9,5000.0]]}
{"t":1776986562.1173928,"e":[[1,0,0.06,129.0],[1,1,0.91,550.0]]}
{"t":1776986564.1394901,"e":[[1,0,0.03,25.0],[1,0,0.04,83.0]]}
{"t":1776986566.161129,"e":[[0,0,0.06],[0,0,0.05],[1,0,0.03,108.0],[1,0,0.04,217.0]]}
{"t":1776986569.1867461,"e":[[1,0,0.03,83.0],[1,0,0.05,111.0],[1,0,0.04,101.0]]}
{"t":1776986570.2021601,"e":[[1,0,0.04,124.0]]}
{"t":1776986572.225271,"e":[[1,0,0.05,103.0],[0,0,0.03],[1,0,0.06,119.0],[1,0,0.04,106.0]]}
{"t":1776986573.241257,"e":[[0,0,0.06],[0,0,0.05],[1,0,0.04,23.0],[1,1,0.91,50.0]]}
{"t":1776986574.2613492,"e":[[1,0,0.05,199.0],[1,0,0.03,25.0],[1,0,0.04,83.0],[1,0,0.02,92.0],[1,1,0.9,5250.0],[1,1,0.91,300.0]]}
{"t":1776986579.318312,"e":[[0,0,0.05],[0,0,0.04],[1,0,0.02,50.0],[1,1,0.9,5000.0],[1,1,0.91,50.0]]}
{"t":1776986581.3651452,"e":[[1,0,0.03,83.0],[1,0,0.04,216.0],[1,1,0.9,5250.0],[1,1,0.91,300.0]]}
{"t":1776986582.380278,"e":[[1,0,0.04,239.0],[1,1,0.92,869.3400000000006]]}
{"t":1776986585.417927,"e":[[0,0,0.03],[1,1,0.9,5000.0]]}
{"t":1776986586.434688,"e":[[1,0,0.06,167.0],[1,0,0.05,116.0],[1,0,0.04,83.0],[1,1,0.91,550.0]]}
{"t":1776986587.459479,"e":[[1,0,0.03,25.0]]}
{"t":1776986588.473736,"e":[[1,1,0.92,819.3400000000006]]}
{"t":1776986590.498286,"e":[[0,0,0.06],[0,0,0.05],[1,0,0.03,108.0],[1,0,0.04,217.0]]}
{"t":1776986592.52695,"e":[[1,0,0.04,101.0]]}
{"t":1776986593.537955,"e":[[1,0,0.05,111.0]]}
{"t":1776986594.5524638,"e":[[1,0,0.03,83.0],[1,0,0.04,124.0]]}
{"t":1776986595.567125,"e":[[1,0,0.05,103.0],[0,0,0.03],[1,0,0.04,106.0],[1,1,0.92,835.3400000000006]]}
{"t":1776986596.58078,"e":[[1,0,0.05,99.0],[1,0,0.06,107.0]]}
{"t":1776986599.6077619,"e":[[1,0,0.04,83.0],[1,0,0.02,66.0]]}
{"t":1776986600.622381,"e":[[1,0,0.03,25.0]]}
{"t":1776986604.651084,"e":[[0,0,0.06],[0,0,0.05],[1,0,0.03,108.0],[1,0,0.04,216.0]]}
{"t":1776986609.692886,"e":[[1,0,0.03,83.0],[1,0,0.05,111.0],[1,0,0.04,125.0]]}
{"t":1776986616.7510378,"e":[[1,0,0.05,105.0],[0,0,0.03],[1,0,0.06,119.0],[1,0,0.04,106.0]]}
{"t":1776986618.7749372,"e":[[1,0,0.06,107.0],[1,0,0.05,101.0],[1,0,0.04,83.0]]}
{"t":1776986619.7906508,"e":[[1,0,0.03,25.0]]}
{"t":1776986620.812983,"e":[[0,0,0.06],[0,0,0.05],[1,0,0.03,108.0],[1,0,0.04,215.0]]}
{"t":1776986624.8509061,"e":[[1,0,0.03,83.0]]}
{"t":1776986625.859502,"e":[[1,0,0.04,238.0]]}
{"t":1776986638.990588,"e":[[0,0,0.03],[1,0,0.06,167.0],[1,0,0.05,119.0],[1,0,0.04,83.0]]}
{"t":1776986640.015179,"e":[[1,0,0.03,25.0]]}
{"t":1776986642.043357,"e":[[0,0,0.06],[0,0,0.05]]}
{"t":1776986643.055169,"e":[[1,0,0.03,108.0],[1,0,0.04,214.0]]}
{"t":1776986644.068929,"e":[[1,0,0.03,83.0],[1,0,0.05,111.0],[1,0,0.04,104.0]]}
{"t":1776986645.085449,"e":[[0,0,0.05],[1,0,0.04,23.0]]}
{"t":1776986646.1007318,"e":[[1,0,0.03,167.0],[1,0,0.02,133.0]]}
{"t":1776986647.114588,"e":[[0,0,0.03]]}
{"t":1776986648.12882,"e":[[1,0,0.04,106.0],[1,0,0.05,195.0],[1,0,0.02,92.0]]}
{"t":1776986649.144078,"e":[[1,0,0.04,83.0]]}
{"t":1776986650.1601012,"e":[[1,0,0.03,25.0]]}
{"t":1776986652.184215,"e":[[0,0,0.05],[1,0,0.03,108.0],[1,0,0.04,214.0],[1,0,0.02,50.0]]}
{"t":1776986654.205158,"e":[[1,0,0.03,83.0]]}
{"t":1776986655.221656,"e":[[1,0,0.04,237.0]]}
{"t":1776986659.255121,"e":[[0,0,0.04],[0,0,0.03],[1,1,0.91,50.0],[1,1,0.92,819.3400000000006]]}
{"t":1776986660.283349,"e":[[1,0,0.03,25.0]]}
{"t":1776986661.2968,"e":[[1,0,0.03,108.0],[1,0,0.04,213.0],[1,1,0.9,5250.0],[1,1,0.91,300.0]]}
{"t":1776986664.338109,"e":[[1,0,0.03,83.0]]}
{"t":1776986665.355982,"e":[[1,0,0.04,236.0]]}
{"t":1776986673.440164,"e":[[0,0,0.03],[1,0,0.06,167.0],[1,0,0.05,121.0],[1,0,0.04,106.0],[1,1,0.9,5000.0],[1,1,0.91,550.0]]}
{"t":1776986674.460793,"e":[[0,0,0.06],[0,0,0.05],[0,0,0.04],[1,0,0.03,25.0]]}
{"t":1776986675.496935,"e":[[1,0,0.03,192.0],[1,0,0.02,133.0]]}
{"t":1776986678.5196002,"e":[[1,0,0.03,108.0],[1,0,0.05,167.0],[1,0,0.04,121.0],[1,0,0.02,50.0],[1,1,0.92,835.3400000000006]]}
{"t":1776986679.537011,"e":[[1,0,0.03,83.0],[1,0,0.04,144.0]]}
{"t":1776986680.548555,"e":[[0,0,0.05],[0,0,0.03],[1,0,0.04,23.0],[1,1,0.91,50.0],[1,1,0.92,819.3400000000006]]}
{"t":1776986682.5754209,"e":[[1,0,0.04,106.0],[1,0,0.05,193.0],[1,0,0.02,92.0],[1,1,0.9,5250.0],[1,1,0.91,300.0]]}
{"t":1776986684.600607,"e":[[1,0,0.05,105.0],[1,0,0.04,83.0],[1,0,0.02,50.0],[1,1,0.9,5000.0]]}
{"t":1776986685.6142159,"e":[[1,0,0.06,107.0],[1,0,0.03,25.0],[1,1,0.91,550.0]]}
{"t":1776986687.631119,"e":[[0,0,0.06],[0,0,0.05],[1,0,0.03,108.0],[1,0,0.04,212.0]]}
{"t":1776986689.650047,"e":[[1,0,0.05,111.0],[1,0,0.04,107.0]]}
{"t":1776986690.661674,"e":[[1,0,0.03,83.0]]}
{"t":1776986691.67659,"e":[[1,0,0.04,130.0]]}
{"t":1776986696.720028,"e":[[1,0,0.04,107.0]]}
{"t":1776986697.7378502,"e":[[1,0,0.04,130.0]]}
{"t":1776986698.754027,"e":[[0,0,0.03],[1,0,0.06,123.0],[1,0,0.04,106.0]]}
{"t":1776986700.779583,"e":[[1,0,0.06,107.0],[1,0,0.05,106.0]]}
{"t":1776986701.7928362,"e":[[0,0,0.06],[0,0,0.05],[0,0,0.04]]}
{"t":1776986702.8140092,"e":[[1,0,0.03,167.0],[1,0,0.02,133.0]]}
{"t":1776986705.846477,"e":[[0,0,0.03],[1,0,0.02,50.0],[1,1,0.91,50.0]]}
{"t":1776986706.8638852,"e":[[1,0,0.03,25.0]]}
{"t":1776986708.8906822,"e":[[1,0,0.03,108.0],[1,0,0.04,211.0],[1,1,0.9,5250.0],[1,1,0.91,300.0]]}
{"t":1776986710.9221592,"e":[[1,0,0.04,109.0],[1,1,0.9,5000.0]]}
{"t":1776986711.9431412,"e":[[1,0,0.05,111.0],[1,1,0.91,550.0]]}
{"t":1776986713.9702039,"e":[[1,0,0.03,83.0]]}
{"t":1776986715.992658,"e":[[0,0,0.05],[1,0,0.03,167.0],[0,0,0.04],[1,0,0.02,133.0]]}
{"t":1776986717.006659,"e":[[1,0,0.04,23.0],[1,1,0.92,592.3400000000006]]}
{"t":1776986719.0306518,"e":[[1,0,0.03,25.0],[1,0,0.05,190.0],[1,0,0.04,83.0],[1,0,0.02,92.0]]}
{"t":1776986720.04691,"e":[[0,0,0.05],[1,0,0.02,50.0]]}
{"t":1776986721.060766,"e":[[1,0,0.03,108.0],[1,0,0.04,210.0]]}
{"t":1776986722.074025,"e":[[1,0,0.03,83.0]]}
{"t":1776986723.0904782,"e":[[1,0,0.05,111.0],[1,0,0.04,109.0]]}
{"t":1776986724.1042712,"e":[[1,0,0.04,132.0]]}
{"t":1776986725.118654,"e":[[0,0,0.05],[1,0,0.03,167.0],[1,0,0.04,23.0],[1,0,0.02,133.0]]}
{"t":1776986729.172899,"e":[[0,0,0.03],[1,0,0.02,50.0],[1,1,0.91,50.0]]}
{"t":1776986730.1960099,"e":[[0,0,0.04],[1,0,0.03,25.0]]}
{"t":1776986733.2222269,"e":[[1,0,0.03,108.0],[1,0,0.04,210.0],[1,1,0.9,5250.0],[1,1,0.91,300.0]]}
{"t":1776986734.241397,"e":[[1,0,0.03,83.0]]}
{"t":1776986735.2547462,"e":[[1,0,0.04,233.0]]}
{"t":1776986736.2634282,"e":[[0,0,0.03],[1,1,0.9,5000.0]]}
{"t":1776986737.278647,"e":[[1,0,0.06,167.0],[1,0,0.05,124.0],[1,0,0.04,83.0],[1,1,0.91,550.0]]}
{"t":1776986738.297454,"e":[[1,0,0.03,25.0]]}
{"t":1776986739.3195,"e":[[0,0,0.06],[0,0,0.05]]}
{"t":1776986740.336982,"e":[[1,0,0.03,108.0],[1,0,0.04,209.0]]}
{"t":1776986741.356666,"e":[[1,0,0.04,111.0]]}
{"t":1776986742.379157,"e":[[1,0,0.03,83.0],[1,0,0.05,111.0]]}
{"t":1776986743.389921,"e":[[1,0,0.04,134.0]]}
{"t":1776986744.4081228,"e":[[1,0,0.05,114.0],[0,0,0.03],[1,0,0.06,125.0],[1,0,0.04,106.0]]}
{"t":1776986747.441099,"e":[[1,0,0.06,107.0],[1,0,0.05,109.0]]}
{"t":1776986748.454995,"e":[[1,0,0.04,83.0]]}
{"t":1776986749.4775062,"e":[[1,0,0.03,25.0]]}
{"t":1776986752.5099452,"e":[[0,0,0.03]]}
{"t":1776986753.5273302,"e":[[1,0,0.03,25.0]]}
{"t":1776986757.56527,"e":[[0,0,0.03]]}
{"t":1776986758.584367,"e":[[0,0,0.06],[0,0,0.05],[1,0,0.03,25.0]]}
{"t":1776986759.604165,"e":[[1,0,0.03,108.0],[1,0,0.04,208.0]]}
{"t":1776986761.629347,"e":[[1,0,0.04,112.0]]}
{"t":1776986762.640508,"e":[[1,0,0.03,83.0],[1,0,0.05,111.0]]}
{"t":1776986763.654581,"e":[[1,0,0.04,135.0]]}
{"t":1776986764.6684191,"e":[[0,0,0.03],[1,0,0.04,106.0]]}
{"t":1776986765.685197,"e":[[1,0,0.05,116.0],[1,0,0.06,126.0]]}
{"t":1776986767.706109,"e":[[1,0,0.04,83.0]]}
{"t":1776986768.722649,"e":[[1,0,0.03,25.0]]}
{"t":1776986770.7469702,"e":[[0,0,0.06],[0,0,0.05],[1,0,0.03,108.0],[1,0,0.04,208.0]]}
{"t":1776986771.7646499,"e":[[1,0,0.05,111.0],[1,0,0.04,113.0]]}
{"t":1776986772.776329,"e":[[1,0,0.03,83.0]]}
{"t":1776986773.7906282,"e":[[1,0,0.04,136.0]]}
{"t":1776986775.818785,"e":[[1,0,0.05,116.0],[0,0,0.03],[1,0,0.06,127.0],[1,0,0.04,106.0]]}
{"t":1776986776.832549,"e":[[1,0,0.06,107.0],[1,0,0.05,111.0],[1,1,0.92,608.3400000000006]]}
{"t":1776986777.84304,"e":[[1,0,0.04,83.0]]}
{"t":1776986778.8606021,"e":[[1,0,0.03,25.0]]}
{"t":1776986781.892842,"e":[[0,0,0.06],[0,0,0.05],[1,0,0.03,108.0],[1,0,0.04,207.0]]}
{"t":1776986782.905076,"e":[[1,0,0.03,83.0]]}
{"t":1776986783.916982,"e":[[1,0,0.04,230.0]]}
{"t":1776986787.948603,"e":[[0,0,0.03],[1,0,0.06,167.0],[1,0,0.05,126.0],[1,0,0.04,83.0]]}
{"t":1776986788.965051,"e":[[0,0,0.06],[0,0,0.05],[0,0,0.04],[1,0,0.03,192.0],[1,0,0.02,133.0]]}
{"t":1776986790.986851,"e":[[1,0,0.03,108.0],[1,0,0.05,167.0],[1,0,0.04,127.0],[1,0,0.02,50.0]]}
{"t":1776986793.0073972,"e":[[1,0,0.03,83.0]]}
{"t":1776986794.022128,"e":[[1,0,0.04,150.0]]}
{"t":1776986798.052823,"e":[[1,0,0.04,127.0]]}
{"t":1776986799.0636249,"e":[[1,0,0.04,150.0]]}
{"t":1776986800.081698,"e":[[1,0,0.05,120.0],[0,0,0.03],[1,0,0.04,106.0]]}
{"t":1776986801.1028008,"e":[[1,0,0.06,136.0]]}
{"t":1776986802.126194,"e":[[1,0,0.06,107.0]]}
{"t":1776986803.1320052,"e":[[1,0,0.05,113.0],[1,0,0.04,83.0]]}
{"t":1776986804.147805,"e":[[0,0,0.06],[0,0,0.05],[0,0,0.04],[1,0,0.03,25.0]]}
{"t":1776986805.169854,"e":[[1,0,0.03,192.0],[1,0,0.02,133.0]]}
{"t":1776986807.189951,"e":[[1,0,0.03,108.0],[1,0,0.05,167.0],[1,0,0.04,127.0],[1,0,0.02,50.0]]}
{"t":1776986808.2048562,"e":[[1,0,0.03,83.0]]}
{"t":1776986809.2168472,"e":[[1,0,0.04,150.0]]}
{"t":1776986818.290333,"e":[[1,0,0.05,121.0],[0,0,0.03],[1,0,0.04,106.0],[1,0,0.02,66.0]]}
{"t":1776986819.3063302,"e":[[1,0,0.06,136.0],[1,0,0.04,83.0]]}
{"t":1776986820.320492,"e":[[0,0,0.06],[0,0,0.05],[0,0,0.04],[1,0,0.03,192.0],[1,0,0.02,149.0]]}
{"t":1776986822.348305,"e":[[1,0,0.03,108.0],[1,0,0.05,167.0],[1,0,0.04,128.0],[1,0,0.02,66.0]]}
{"t":1776986823.363939,"e":[[1,0,0.03,83.0]]}
{"t":1776986824.378371,"e":[[0,0,0.05],[0,0,0.04]]}
{"t":1776986825.393934,"e":[[1,0,0.03,167.0],[1,0,0.04,23.0],[1,0,0.02,133.0]]}
{"t":1776986832.4536839,"e":[[0,0,0.03],[1,0,0.02,50.0],[1,1,0.91,50.0],[1,1,0.92,592.3400000000006]]}
{"t":1776986834.4890308,"e":[[0,0,0.04]]}
{"t":1776986836.512034,"e":[[1,0,0.03,25.0]]}
{"t":1776986837.5276139,"e":[[1,0,0.03,108.0],[1,0,0.04,205.0],[1,1,0.9,5250.0],[1,1,0.91,300.0]]}
{"t":1776986839.562515,"e":[[1,0,0.03,83.0]]}
{"t":1776986840.579974,"e":[[1,0,0.04,228.0]]}
{"t":1776986841.594704,"e":[[1,0,0.04,106.0],[0,0,0.03],[1,1,0.9,5000.0]]}
{"t":1776986842.607126,"e":[[1,0,0.06,167.0],[1,0,0.05,129.0],[1,1,0.91,550.0]]}
{"t":1776986843.622318,"e":[[1,0,0.06,107.0],[1,0,0.05,115.0],[1,0,0.04,83.0]]}
{"t":1776986844.6360052,"e":[[1,0,0.03,25.0]]}
{"t":1776986849.6835258,"e":[[0,0,0.03]]}
{"t":1776986850.69934,"e":[[1,0,0.03,25.0]]}
{"t":1776986853.7281868,"e":[[0,0,0.06],[0,0,0.05]]}
{"t":1776986854.740457,"e":[[1,0,0.03,83.0],[1,0,0.04,204.0]]}
{"t":1776986855.757372,"e":[[1,0,0.04,227.0]]}
{"t":1776986864.848425,"e":[[1,0,0.04,106.0],[0,0,0.03],[1,1,0.92,608.3400000000006]]}
{"t":1776986865.861003,"e":[[1,0,0.06,167.0],[1,0,0.05,130.0]]}
{"t":1776986866.874219,"e":[[1,0,0.06,107.0],[1,0,0.05,117.0],[1,0,0.04,83.0]]}
{"t":1776986867.890038,"e":[[1,0,0.03,26.0]]}
{"t":1776986868.908512,"e":[[0,0,0.03]]}
{"t":1776986869.923723,"e":[[0,0,0.06],[0,0,0.05],[0,0,0.04],[1,1,0.91,50.0],[1,1,0.92,551.2400000000006]]}
{"t":1776986871.003186,"e":[[1,0,0.03,25.0]]}
{"t":1776986872.010302,"e":[[1,0,0.03,108.0],[1,0,0.04,203.0],[1,1,0.9,5250.0],[1,1,0.91,300.0]]}
{"t":1776986874.0322309,"e":[[1,0,0.04,118.0],[1,1,0.9,5000.0]]}
{"t":1776986875.040598,"e":[[1,0,0.03,83.0],[1,0,0.05,111.0],[1,1,0.91,550.0]]}
{"t":1776986881.12467,"e":[[1,0,0.04,141.0]]}
{"t":1776986886.168145,"e":[[0,0,0.05],[0,0,0.03],[1,0,0.04,23.0],[1,1,0.91,50.0]]}
{"t":1776986887.189601,"e":[[1,0,0.04,106.0],[1,0,0.05,179.0],[1,0,0.02,92.0],[1,1,0.9,5250.0],[1,1,0.91,300.0]]}
{"t":1776986891.2371352,"e":[[1,0,0.03,25.0],[1,0,0.04,83.0]]}
{"t":1776986895.274647,"e":[[0,0,0.03]]}
{"t":1776986896.2916858,"e":[[1,0,0.03,25.0]]}
{"t":1776986900.32269,"e":[[0,0,0.03]]}
{"t":1776986901.337939,"e":[[1,0,0.03,25.0]]}
{"t":1776986902.356704,"e":[[0,0,0.05],[1,0,0.02,50.0],[1,1,0.9,5000.0]]}
{"t":1776986903.367539,"e":[[1,0,0.03,108.0],[1,0,0.04,202.0],[1,1,0.91,550.0]]}
{"t":1776986905.3989959,"e":[[1,0,0.03,83.0]]}
{"t":1776986906.41611,"e":[[1,0,0.04,225.0]]}
{"t":1776986910.448535,"e":[[1,0,0.04,106.0],[0,0,0.03]]}
{"t":1776986911.462934,"e":[[1,0,0.06,167.0],[1,0,0.05,132.0]]}
{"t":1776986912.480447,"e":[[1,0,0.03,26.0],[1,0,0.04,83.0]]}
{"t":1776986913.4949162,"e":[[0,0,0.06],[0,0,0.05]]}
{"t":1776986914.5082638,"e":[[1,0,0.03,109.0],[1,0,0.04,202.0]]}
{"t":1776986915.520103,"e":[[0,0,0.04],[1,0,0.03,26.0],[1,1,0.91,50.0]]}
{"t":1776986916.541117,"e":[[1,0,0.05,114.0]]}
{"t":1776986917.555039,"e":[[0,0,0.03]]}
{"t":1776986918.564678,"e":[[1,0,0.03,25.0]]}
{"t":1776986919.5786638,"e":[[0,0,0.05]]}
{"t":1776986920.597632,"e":[[1,0,0.03,108.0],[1,0,0.04,202.0],[1,1,0.9,5250.0],[1,1,0.91,300.0]]}
{"t":1776986921.612855,"e":[[1,0,0.03,83.0],[1,0,0.04,225.0]]}
{"t":1776986922.6233249,"e":[[0,0,0.03],[1,1,0.9,5000.0]]}
{"t":1776986923.639456,"e":[[1,0,0.06,167.0],[1,0,0.05,132.0],[1,0,0.04,106.0],[1,1,0.91,550.0]]}
{"t":1776986926.669995,"e":[[1,0,0.04,83.0]]}
{"t":1776986927.684099,"e":[[0,0,0.06],[0,0,0.05],[0,0,0.04],[1,0,0.03,26.0]]}
{"t":1776986928.70344,"e":[[1,0,0.03,193.0],[1,0,0.02,133.0]]}
{"t":1776986930.728586,"e":[[1,0,0.03,109.0],[1,0,0.05,167.0],[1,0,0.04,132.0],[1,0,0.02,50.0]]}
{"t":1776986931.748169,"e":[[1,0,0.03,83.0]]}
{"t":1776986933.774285,"e":[[1,0,0.04,156.0]]}
{"t":1776986935.796958,"e":[[1,0,0.04,132.0],[1,1,0.92,567.2400000000006]]}
{"t":1776986936.817159,"e":[[1,0,0.05,128.0],[1,0,0.03,25.0],[1,0,0.06,142.0],[1,0,0.04,83.0]]}
{"t":1776986938.845524,"e":[[0,0,0.06],[0,0,0.05]]}
{"t":1776986939.86131,"e":[[1,0,0.03,108.0],[1,0,0.04,122.0]]}
{"t":1776986940.873642,"e":[[1,0,0.05,111.0]]}
{"t":1776986941.890073,"e":[[1,0,0.03,83.0]]}
{"t":1776986942.903061,"e":[[0,0,0.05],[0,0,0.03],[0,0,0.04],[1,1,0.91,50.0],[1,1,0.92,551.2400000000006]]}
{"t":1776986943.9359202,"e":[[1,0,0.04,23.0]]}
{"t":1776986946.9656582,"e":[[1,0,0.04,83.0],[1,0,0.05,176.0],[1,0,0.02,92.0],[1,1,0.9,5250.0],[1,1,0.91,300.0]]}
{"t":1776986947.983878,"e":[[0,0,0.05],[0,0,0.04],[1,0,0.02,50.0],[1,1,0.9,5000.0],[1,1,0.91,50.0]]}
{"t":1776986951.017427,"e":[[1,0,0.03,41.0]]}
{"t":1776986953.052672,"e":[[1,0,0.03,108.0],[1,0,0.04,200.0],[1,1,0.9,5250.0],[1,1,0.91,300.0]]}
{"t":1776986956.07825,"e":[[1,0,0.03,83.0],[1,0,0.04,123.0],[1,1,0.9,5000.0]]}
{"t":1776986957.09714,"e":[[1,0,0.05,111.0],[1,0,0.04,146.0],[1,1,0.91,550.0]]}
{"t":1776986958.120378,"e":[[1,0,0.05,127.0],[0,0,0.03],[1,0,0.06,133.0],[1,0,0.04,106.0]]}
{"t":1776986960.141133,"e":[[1,0,0.06,107.0],[1,0,0.05,122.0]]}
{"t":1776986961.1538188,"e":[[1,0,0.04,83.0]]}
{"t":1776986962.169365,"e":[[1,0,0.03,25.0]]}
{"t":1776986964.188865,"e":[[0,0,0.06],[0,0,0.05],[0,0,0.04],[1,1,0.91,50.0]]}
{"t":1776986967.225376,"e":[[1,0,0.03,83.0],[1,0,0.04,223.0],[1,1,0.9,5250.0],[1,1,0.91,300.0],[1,1,0.92,567.2400000000006]]}
{"t":1776986969.24689,"e":[[1,0,0.04,106.0],[0,0,0.03],[1,1,0.9,5000.0]]}
{"t":1776986970.258007,"e":[[1,0,0.04,23.0],[1,1,0.91,50.0]]}
{"t":1776986971.275799,"e":[[1,1,0.92,551.2400000000006]]}
{"t":1776986972.294152,"e":[[1,0,0.04,83.0],[1,0,0.05,174.0],[1,0,0.02,92.0],[1,1,0.9,5250.0],[1,1,0.91,300.0]]}
{"t":1776986974.322248,"e":[[1,0,0.03,25.0]]}
{"t":1776986975.337139,"e":[[0,0,0.05],[1,0,0.02,50.0],[1,1,0.9,5000.0]]}
{"t":1776986976.3545651,"e":[[1,0,0.03,83.0],[1,0,0.04,199.0],[1,1,0.91,550.0]]}
{"t":1776986978.380735,"e":[[0,0,0.04]]}
{"t":1776986979.398657,"e":[[1,0,0.03,25.0],[1,1,0.91,50.0]]}
{"t":1776986982.427562,"e":[[1,0,0.03,83.0],[1,0,0.04,199.0],[1,1,0.9,5250.0],[1,1,0.91,300.0]]}
{"t":1776986984.465803,"e":[[1,0,0.04,222.0]]}
{"t":1776986985.477796,"e":[[0,0,0.03],[1,1,0.9,5000.0]]}
{"t":1776986986.494668,"e":[[1,0,0.06,167.0],[1,0,0.05,134.0],[1,0,0.04,106.0],[1,1,0.91,550.0]]}
{"t":1776986987.511161,"e":[[1,0,0.04,83.0]]}
{"t":1776986988.531039,"e":[[1,0,0.03,26.0]]}
{"t":1776986991.5587919,"e":[[0,0,0.03]]}
{"t":1776986992.572031,"e":[[1,0,0.03,26.0]]}
{"t":1776986993.584049,"e":[[0,0,0.06],[0,0,0.05],[1,0,0.03,109.0],[1,0,0.04,199.0],[1,1,0.92,567.2400000000006]]}
{"t":1776986996.63327,"e":[[0,0,0.04],[1,0,0.03,26.0],[1,1,0.91,50.0],[1,1,0.92,551.2400000000006]]}
{"t":1776986997.66156,"e":[[1,0,0.03,109.0],[1,0,0.04,199.0],[1,1,0.9,5250.0],[1,1,0.91,300.0]]}
{"t":1776986999.705398,"e":[[1,0,0.05,114.0],[1,0,0.04,125.0],[1,1,0.9,5000.0],[1,1,0.91,550.0]]}
{"t":1776987000.7197618,"e":[[1,0,0.03,83.0]]}
{"t":1776987001.7309198,"e":[[1,0,0.04,148.0]]}
{"t":1776987002.748607,"e":[[1,0,0.04,125.0]]}
{"t":1776987003.766089,"e":[[1,0,0.04,148.0]]}
{"t":1776987008.8237782,"e":[[0,0,0.03]]}
{"t":1776987009.844287,"e":[[1,0,0.05,129.0],[1,0,0.06,135.0],[1,0,0.04,106.0]]}
{"t":1776987011.868587,"e":[[1,0,0.06,107.0],[1,0,0.05,124.0]]}
{"t":1776987013.9010382,"e":[[1,0,0.03,25.0],[1,0,0.04,83.0]]}
{"t":1776987015.925031,"e":[[0,0,0.06],[0,0,0.05],[1,0,0.03,108.0],[1,0,0.04,198.0]]}
{"t":1776987017.9543638,"e":[[1,0,0.03,83.0]]}
{"t":1776987018.970339,"e":[[1,0,0.05,111.0],[1,0,0.04,126.0]]}
{"t":1776987019.983402,"e":[[1,0,0.04,149.0]]}
{"t":1776987023.0123992,"e":[[1,0,0.05,91.0],[1,0,0.04,126.0]]}
{"t":1776987025.040277,"e":[[0,0,0.05],[1,0,0.04,23.0],[1,1,0.91,50.0]]}
{"t":1776987026.0629911,"e":[[1,0,0.03,167.0],[1,0,0.02,133.0],[1,1,0.92,801.2400000000006]]}
{"t":1776987027.0762172,"e":[[0,0,0.03],[1,0,0.02,92.0]]}
{"t":1776987028.083116,"e":[[1,0,0.05,195.0],[1,0,0.03,25.0],[1,0,0.04,83.0]]}
{"t":1776987030.1137059,"e":[[0,0,0.05],[1,0,0.03,108.0],[1,0,0.04,214.0],[1,0,0.02,50.0],[1,1,0.92,691.3400000000006]]}
{"t":1776987033.164299,"e":[[1,0,0.03,83.0],[1,0,0.05,111.0],[1,0,0.04,105.0]]}
{"t":1776987034.181642,"e":[[0,0,0.05],[1,0,0.03,167.0],[1,0,0.04,23.0],[1,0,0.02,133.0]]}
{"t":1776987036.210112,"e":[[0,0,0.03],[1,0,0.05,195.0],[1,0,0.04,106.0],[1,0,0.02,92.0]]}
{"t":1776987038.2327502,"e":[[1,0,0.03,25.0],[1,0,0.04,83.0]]}
{"t":1776987040.2486532,"e":[[0,0,0.05],[1,0,0.02,50.0]]}
{"t":1776987041.2627761,"e":[[1,0,0.03,108.0],[1,0,0.04,213.0],[1,1,0.91,66.0]]}
{"t":1776987043.294888,"e":[[1,0,0.05,111.0],[1,0,0.04,106.0],[0,1,0.68]]}
{"t":1776987044.3123221,"e":[[1,0,0.03,83.0]]}
{"t":1776987045.3310678,"e":[[1,0,0.04,129.0]]}
{"t":1776987048.358567,"e":[[1,0,0.05,109.0],[1,0,0.03,25.0],[1,0,0.06,122.0],[1,0,0.04,83.0]]}
{"t":1776987053.412641,"e":[[0,0,0.06],[0,0,0.05],[1,0,0.03,83.0],[1,0,0.04,212.0]]}
{"t":1776987054.433824,"e":[[1,0,0.04,235.0]]}
{"t":1776987056.464906,"e":[[0,0,0.03],[1,0,0.06,167.0],[1,0,0.05,121.0],[1,0,0.04,106.0]]}
{"t":1776987058.490217,"e":[[1,0,0.06,107.0],[1,0,0.05,105.0],[1,0,0.03,25.0],[1,0,0.04,83.0]]}
{"t":1776987059.505256,"e":[[0,0,0.06],[0,0,0.05]]}
{"t":1776987060.5188081,"e":[[1,0,0.03,108.0],[1,0,0.04,212.0]]}
{"t":1776987063.546386,"e":[[1,0,0.03,83.0]]}
{"t":1776987064.5592608,"e":[[1,0,0.03,167.0],[1,0,0.04,23.0],[1,0,0.02,133.0]]}
{"t":1776987072.648146,"e":[[1,0,0.03,25.0],[1,0,0.05,192.0],[1,0,0.04,83.0],[1,0,0.02,92.0]]}
{"t":1776987075.675078,"e":[[0,0,0.05],[1,0,0.03,108.0],[1,0,0.04,211.0],[1,0,0.02,50.0]]}
{"t":1776987077.70847,"e":[[1,0,0.04,108.0]]}
{"t":1776987078.725309,"e":[[1,0,0.05,111.0]]}
{"t":1776987079.743087,"e":[[0,0,0.05],[1,0,0.03,25.0],[0,0,0.04],[1,1,0.92,441.3400000000006]]}
{"t":1776987080.771084,"e":[[0,0,0.03],[1,0,0.06,250.0],[1,1,0.92,691.3400000000006]]}
{"t":1776987081.793671,"e":[[1,1,0.92,681.3400000000006]]}
{"t":1776987083.814822,"e":[[1,1,0.92,631.3400000000006]]}
{"t":1776987084.821516,"e":[[0,0,0.06],[1,0,0.03,25.0]]}
{"t":1776987085.8436558,"e":[[1,0,0.03,192.0],[1,0,0.02,133.0]]}
{"t":1776987086.862421,"e":[[1,0,0.03,108.0],[1,0,0.02,50.0],[1,1,0.92,381.3400000000006]]}
{"t":1776987087.8779168,"e":[[1,0,0.05,167.0],[1,0,0.04,121.0],[1,1,0.9,5250.0],[1,1,0.91,316.0]]}
{"t":1776987088.891605,"e":[[1,0,0.05,111.0],[1,0,0.04,107.0],[1,1,0.9,5000.0],[1,1,0.91,566.0]]}
{"t":1776987090.914874,"e":[[0,0,0.05],[1,0,0.03,83.0],[0,0,0.04]]}
{"t":1776987091.9281678,"e":[[1,0,0.03,167.0],[1,0,0.02,133.0]]}
{"t":1776987093.953115,"e":[[1,0,0.04,23.0]]}
{"t":1776987097.0031629,"e":[[0,0,0.03],[1,0,0.05,192.0],[1,0,0.04,83.0],[1,0,0.02,92.0]]}
{"t":1776987098.0159318,"e":[[1,0,0.03,25.0]]}
{"t":1776987100.0264761,"e":[[0,0,0.05],[1,0,0.03,108.0],[1,0,0.04,211.0],[1,0,0.02,50.0]]}
{"t":1776987101.044023,"e":[[1,0,0.03,83.0]]}
{"t":1776987102.231891,"e":[[1,0,0.03,167.0],[1,0,0.04,23.0],[1,0,0.02,133.0]]}
{"t":1776987105.279644,"e":[[0,0,0.03],[1,0,0.05,192.0],[1,0,0.04,83.0],[1,0,0.02,92.0]]}
{"t":1776987106.2961988,"e":[[1,0,0.03,25.0]]}
{"t":1776987108.322057,"e":[[0,0,0.05],[1,0,0.03,108.0],[1,0,0.04,211.0],[1,0,0.02,50.0]]}
{"t":1776987110.3485508,"e":[[1,0,0.05,111.0],[1,0,0.04,108.0]]}
{"t":1776987111.365659,"e":[[1,0,0.03,83.0],[1,0,0.04,131.0]]}
{"t":1776987113.3892548,"e":[[1,0,0.05,112.0],[0,0,0.03],[1,0,0.06,123.0],[1,0,0.04,106.0]]}
{"t":1776987116.423897,"e":[[0,0,0.06],[0,0,0.05],[0,0,0.04],[1,0,0.03,25.0]]}
{"t":1776987117.4496598,"e":[[1,0,0.03,192.0],[1,0,0.02,133.0]]}
{"t":1776987123.5142431,"e":[[1,0,0.02,50.0]]}
{"t":1776987124.531729,"e":[[1,0,0.03,83.0],[1,0,0.05,167.0],[1,0,0.04,123.0]]}
{"t":1776987125.546338,"e":[[0,0,0.03],[1,0,0.04,147.0]]}
{"t":1776987126.562346,"e":[[1,0,0.05,115.0],[1,0,0.06,136.0],[1,0,0.03,25.0],[1,0,0.04,83.0]]}
{"t":1776987127.571431,"e":[[0,0,0.06],[0,0,0.05],[0,0,0.04],[1,1,0.91,66.0]]}
{"t":1776987129.617493,"e":[[1,0,0.03,108.0],[1,0,0.04,210.0],[1,0,0.02,66.0],[1,1,0.9,5250.0],[1,1,0.91,316.0]]}
{"t":1776987130.6385322,"e":[[1,0,0.03,83.0],[1,0,0.04,110.0],[1,1,0.9,5000.0]]}
{"t":1776987131.655811,"e":[[1,0,0.04,23.0],[0,0,0.03],[1,0,0.02,50.0],[1,1,0.91,66.0]]}
{"t":1776987135.711443,"e":[[1,0,0.04,83.0],[1,0,0.05,189.0],[1,0,0.02,92.0],[1,1,0.9,5250.0],[1,1,0.91,316.0]]}
{"t":1776987136.735955,"e":[[1,0,0.03,25.0]]}
{"t":1776987137.752332,"e":[[0,0,0.05],[1,0,0.02,50.0],[1,1,0.9,5000.0]]}
{"t":1776987138.7652822,"e":[[1,0,0.03,108.0],[1,0,0.04,210.0],[1,1,0.91,566.0]]}
{"t":1776987139.783144,"e":[[1,0,0.04,110.0]]}
{"t":1776987140.803107,"e":[[1,0,0.03,83.0],[1,0,0.05,111.0]]}
{"t":1776987141.819246,"e":[[0,0,0.05],[1,0,0.03,167.0],[1,0,0.04,23.0],[1,0,0.02,133.0]]}
{"t":1776987143.84312,"e":[[0,0,0.03],[1,0,0.05,189.0],[1,0,0.04,106.0],[1,0,0.02,92.0]]}
{"t":1776987144.8593578,"e":[[0,0,0.05],[1,0,0.04,23.0],[1,0,0.02,50.0],[1,1,0.91,66.0]]}
{"t":1776987145.884255,"e":[[0,0,0.04],[1,0,0.06,107.0]]}
{"t":1776987146.904502,"e":[[1,0,0.03,25.0]]}
{"t":1776987147.918622,"e":[[0,0,0.06]]}
{"t":1776987148.931984,"e":[[1,0,0.03,108.0],[1,0,0.04,209.0],[1,1,0.9,5250.0],[1,1,0.91,316.0]]}
{"t":1776987149.9522629,"e":[[1,0,0.04,111.0],[1,1,0.9,5000.0]]}
{"t":1776987150.966413,"e":[[1,0,0.03,83.0],[1,0,0.05,111.0],[1,1,0.91,566.0]]}
{"t":1776987151.9833589,"e":[[1,0,0.04,134.0]]}
{"t":1776987152.995897,"e":[[0,0,0.03]]}
{"t":1776987154.0111911,"e":[[1,0,0.05,114.0],[1,0,0.06,125.0],[1,0,0.04,106.0]]}
{"t":1776987156.03424,"e":[[1,0,0.06,107.0],[1,0,0.05,110.0]]}
{"t":1776987158.061683,"e":[[1,0,0.04,83.0]]}
{"t":1776987160.081635,"e":[[0,0,0.06],[0,0,0.05],[0,0,0.04],[1,0,0.03,167.0],[1,0,0.02,133.0]]}
{"t":1776987161.10592,"e":[[1,0,0.03,192.0]]}
{"t":1776987164.143552,"e":[[1,0,0.03,108.0],[1,0,0.02,50.0]]}
{"t":1776987165.1633542,"e":[[1,0,0.03,83.0],[1,0,0.05,167.0],[1,0,0.04,148.0]]}
{"t":1776987167.189208,"e":[[1,0,0.05,117.0],[0,0,0.03],[1,0,0.04,83.0]]}
{"t":1776987168.203696,"e":[[1,0,0.06,135.0],[1,0,0.03,25.0]]}
{"t":1776987170.227811,"e":[[0,0,0.06],[0,0,0.05]]}
{"t":1776987171.250886,"e":[[1,0,0.03,108.0],[1,0,0.04,208.0]]}
{"t":1776987172.264534,"e":[[1,0,0.05,111.0],[1,0,0.04,112.0]]}
{"t":1776987173.277478,"e":[[1,0,0.03,83.0],[1,0,0.04,135.0]]}
{"t":1776987174.2906618,"e":[[1,0,0.05,116.0],[0,0,0.03],[1,0,0.06,126.0],[1,0,0.04,106.0]]}
{"t":1776987176.309281,"e":[[1,0,0.06,107.0],[1,0,0.05,111.0]]}
{"t":1776987177.322443,"e":[[1,0,0.04,83.0]]}
{"t":1776987178.3375309,"e":[[1,0,0.03,25.0]]}
{"t":1776987182.379035,"e":[[0,0,0.03]]}
{"t":1776987183.397322,"e":[[1,0,0.03,25.0]]}
{"t":1776987184.413047,"e":[[0,0,0.06],[0,0,0.05]]}
{"t":1776987185.4298549,"e":[[1,0,0.03,108.0],[1,0,0.04,207.0]]}
{"t":1776987187.4610639,"e":[[1,0,0.03,83.0]]}
{"t":1776987188.480217,"e":[[1,0,0.04,230.0]]}
{"t":1776987190.502016,"e":[[0,0,0.03],[1,0,0.06,167.0],[1,0,0.05,126.0],[1,0,0.04,106.0]]}
{"t":1776987192.518347,"e":[[1,0,0.04,83.0]]}
{"t":1776987193.5295548,"e":[[1,0,0.03,26.0]]}
{"t":1776987202.597383,"e":[[0,0,0.03]]}
{"t":1776987203.612182,"e":[[1,0,0.03,26.0]]}
{"t":1776987205.630925,"e":[[0,0,0.06],[0,0,0.05]]}
{"t":1776987206.647489,"e":[[1,0,0.03,109.0],[1,0,0.04,207.0]]}
{"t":1776987207.662765,"e":[[1,0,0.03,83.0]]}
{"t":1776987208.6758132,"e":[[1,0,0.04,23.0],[0,0,0.03],[1,1,0.91,66.0]]}
{"t":1776987211.718431,"e":[[1,0,0.04,106.0],[1,0,0.05,184.0],[1,0,0.02,92.0],[1,1,0.9,5250.0],[1,1,0.91,316.0]]}
{"t":1776987212.738463,"e":[[1,0,0.03,25.0],[1,0,0.04,83.0]]}
{"t":1776987213.755229,"e":[[0,0,0.05],[1,0,0.02,50.0],[1,1,0.9,5000.0]]}
{"t":1776987214.771927,"e":[[1,0,0.03,108.0],[1,0,0.04,206.0],[1,1,0.91,566.0]]}
{"t":1776987217.816164,"e":[[1,0,0.03,83.0]]}
{"t":1776987218.832751,"e":[[1,0,0.04,229.0]]}
{"t":1776987224.8796659,"e":[[0,0,0.03],[1,0,0.06,167.0],[1,0,0.05,128.0],[1,0,0.04,106.0]]}
{"t":1776987225.902014,"e":[[1,0,0.03,26.0],[1,0,0.04,83.0]]}
{"t":1776987227.918834,"e":[[0,0,0.06],[0,0,0.05],[1,0,0.03,108.0],[1,0,0.04,206.0]]}
{"t":1776987229.955391,"e":[[1,0,0.04,116.0]]}
{"t":1776987230.971137,"e":[[1,0,0.05,111.0]]}
{"t":1776987234.001248,"e":[[1,0,0.03,83.0],[1,0,0.04,139.0]]}
{"t":1776987236.022261,"e":[[1,0,0.05,120.0],[0,0,0.03],[1,0,0.06,129.0],[1,0,0.04,106.0]]}
{"t":1776987238.064599,"e":[[1,0,0.06,107.0],[1,0,0.05,115.0]]}
{"t":1776987240.078253,"e":[[1,0,0.04,83.0]]}
{"t":1776987243.1123798,"e":[[0,0,0.06],[0,0,0.05],[0,0,0.04],[1,0,0.03,167.0],[1,0,0.02,133.0]]}
{"t":1776987247.1536489,"e":[[1,0,0.03,192.0]]}
{"t":1776987249.1758249,"e":[[1,0,0.03,108.0],[1,0,0.05,167.0],[1,0,0.04,129.0],[1,0,0.02,50.0]]}
{"t":1776987250.190253,"e":[[1,0,0.03,83.0],[1,0,0.04,153.0]]}
{"t":1776987253.215898,"e":[[0,0,0.03]]}
{"t":1776987254.232445,"e":[[1,0,0.05,123.0],[1,0,0.06,140.0],[1,0,0.04,107.0]]}
{"t":1776987255.2511811,"e":[[1,0,0.03,26.0],[1,0,0.04,83.0]]}
{"t":1776987260.288648,"e":[[0,0,0.03],[1,1,0.92,344.3400000000006]]}
{"t":1776987262.3136482,"e":[[0,0,0.06],[0,0,0.05],[0,0,0.04]]}
{"t":1776987263.326335,"e":[[1,0,0.03,167.0],[1,0,0.02,133.0]]}
{"t":1776987268.385867,"e":[[0,0,0.03],[1,0,0.02,50.0],[1,1,0.91,66.0]]}
{"t":1776987271.432161,"e":[[1,0,0.03,204.0],[1,0,0.02,133.0],[1,1,0.9,5250.0],[1,1,0.91,316.0]]}
{"t":1776987274.473359,"e":[[1,0,0.03,167.0],[1,1,0.9,5000.0]]}
{"t":1776987275.4903018,"e":[[1,0,0.02,207.0],[1,1,0.91,566.0]]}
{"t":1776987276.50652,"e":[[1,0,0.02,133.0]]}
{"t":1776987282.569941,"e":[[1,0,0.04,23.0],[1,1,0.91,500.0],[1,1,0.93,35.0]]}
{"t":1776987283.578511,"e":[[0,0,0.03],[1,0,0.05,180.0],[1,0,0.04,106.0],[1,0,0.02,42.0],[1,1,0.9,5500.0],[0,1,0.91],[1,1,0.92,261.9100000000006],[0,1,0.93]]}
{"t":1776987284.583485,"e":[[0,0,0.02]]}
{"t":1776987285.60138,"e":[[1,0,0.05,117.0],[1,0,0.06,107.0]]}
{"t":1776987286.6104279,"e":[[1,0,0.04,83.0]]}
{"t":1776987289.640596,"e":[[0,0,0.06],[0,0,0.04],[0,0,0.05]]}
{"t":1776987290.656687,"e":[[1,0,0.02,277.0],[1,1,0.91,38.0]]}
{"t":1776987292.685529,"e":[[1,1,0.91,39.0]]}
{"t":1776987293.702332,"e":[[1,1,0.9,5250.0]]}
{"t":1776987294.71853,"e":[[1,0,0.04,23.0],[1,0,0.03,250.0],[1,0,0.02,250.0],[1,1,0.91,289.0],[1,1,0.92,311.9100000000006]]}
{"t":1776987296.7421591,"e":[[0,0,0.03],[1,0,0.02,16.0],[1,1,0.9,5000.0]]}
{"t":1776987297.7574852,"e":[[1,0,0.04,163.0],[1,0,0.05,167.0],[1,1,0.91,500.0]]}
{"t":1776987298.77256,"e":[[0,0,0.05],[0,0,0.04],[1,0,0.03,192.0],[1,0,0.02,99.0],[1,1,0.9,5500.0],[0,1,0.91],[1,1,0.92,298.9100000000006]]}
{"t":1776987299.785046,"e":[[1,0,0.03,108.0],[1,0,0.05,167.0],[1,0,0.04,127.0],[1,0,0.02,16.0]]}
{"t":1776987301.809189,"e":[[1,0,0.03,83.0]]}
{"t":1776987302.818511,"e":[[1,0,0.04,151.0]]}
{"t":1776987303.8303108,"e":[[1,0,0.05,98.0],[0,0,0.03],[1,0,0.04,107.0]]}
{"t":1776987304.843679,"e":[[1,0,0.06,139.0],[1,0,0.02,58.0]]}
{"t":1776987306.869356,"e":[[1,0,0.06,103.0],[1,0,0.04,60.0]]}
{"t":1776987307.884866,"e":[[0,0,0.06],[0,0,0.05],[0,0,0.04],[1,0,0.03,26.0],[1,0,0.02,16.0],[1,1,0.9,5000.0]]}
{"t":1776987309.920022,"e":[[1,0,0.03,109.0],[1,0,0.04,184.0],[1,0,0.02,58.0],[1,1,0.9,5500.0]]}
{"t":1776987312.961766,"e":[[1,0,0.03,86.0],[1,0,0.05,106.0],[1,0,0.04,99.0]]}
{"t":1776987313.9786,"e":[[1,0,0.05,100.0],[1,0,0.03,60.0],[1,0,0.04,122.0]]}
{"t":1776987316.0040069,"e":[[1,0,0.05,101.0],[0,0,0.03],[1,0,0.06,110.0],[1,0,0.04,85.0]]}
{"t":1776987317.0173628,"e":[[0,0,0.06],[1,0,0.05,184.0],[1,0,0.04,107.0]]}
{"t":1776987318.03879,"e":[[1,0,0.03,25.0],[1,0,0.04,83.0]]}
{"t":1776987322.082942,"e":[[0,0,0.05]]}
{"t":1776987323.1068218,"e":[[1,0,0.03,83.0],[1,0,0.04,184.0]]}
{"t":1776987325.133365,"e":[[1,0,0.04,207.0]]}
{"t":1776987327.154525,"e":[[1,0,0.04,106.0],[0,0,0.03]]}
{"t":1776987328.168305,"e":[[1,0,0.06,167.0],[1,0,0.05,105.0],[1,0,0.04,83.0]]}
{"t":1776987329.1844149,"e":[[1,0,0.05,127.0]]}
{"t":1776987337.256821,"e":[[1,0,0.06,102.0],[1,0,0.05,84.0],[0,0,0.04]]}
{"t":1776987338.274577,"e":[[1,0,0.05,62.0],[1,0,0.07,110.0],[1,0,0.03,26.0]]}
{"t":1776987344.3279738,"e":[[0,0,0.07],[0,0,0.06],[0,0,0.05]]}
{"t":1776987345.3435829,"e":[[1,0,0.03,109.0],[1,0,0.04,182.0],[1,1,0.9,5269.15],[1,1,0.92,5.684341886080801e-13],[1,1,0.86,50.0]]}
{"t":1776987346.3565068,"e":[[1,0,0.03,87.0],[1,0,0.04,100.0],[0,1,0.86],[1,1,0.91,70.6]]}
{"t":1776987347.373195,"e":[[1,0,0.05,106.0]]}
{"t":1776987348.386355,"e":[[1,0,0.05,101.0],[1,0,0.03,61.0],[1,0,0.04,123.0],[1,1,0.9,5057.15],[1,1,0.86,43.0]]}
{"t":1776987350.412024,"e":[[0,0,0.03]]}
{"t":1776987351.4267929,"e":[[1,0,0.05,96.0],[1,0,0.06,120.0],[1,0,0.04,107.0]]}
{"t":1776987353.455848,"e":[[1,0,0.04,83.0],[0,1,0.86]]}
{"t":1776987355.4825652,"e":[[1,0,0.05,118.0],[1,1,0.91,108.6]]}
{"t":1776987358.515713,"e":[[1,0,0.06,101.0],[1,0,0.05,61.0],[1,0,0.07,106.0],[0,0,0.04],[1,1,0.9,5056.15]]}
{"t":1776987359.5299451,"e":[[1,0,0.03,26.0]]}
{"t":1776987362.556312,"e":[[0,0,0.07],[0,0,0.06],[0,0,0.05],[1,0,0.02,16.0],[1,1,0.9,4769.15]]}
{"t":1776987363.584385,"e":[[0,0,0.03]]}
{"t":1776987365.6062982,"e":[[1,0,0.02,42.0]]}
{"t":1776987366.622816,"e":[[1,0,0.03,204.0],[1,0,0.02,125.0],[1,1,0.9,5056.15]]}
{"t":1776987367.6343522,"e":[[1,0,0.03,167.0],[1,0,0.02,99.0]]}
{"t":1776987368.651447,"e":[[1,0,0.04,24.0],[1,0,0.02,83.0]]}
{"t":1776987376.749712,"e":[[1,0,0.04,83.0],[0,0,0.03],[1,0,0.05,204.0],[0,0,0.02]]}
{"t":1776987377.765686,"e":[[1,0,0.02,27.0],[1,1,0.91,88.0]]}
{"t":1776987383.8232589,"e":[[0,0,0.05],[0,0,0.04],[1,0,0.02,277.0],[1,1,0.9,5055.15]]}
{"t":1776987384.837326,"e":[[1,0,0.02,27.0]]}
{"t":1776987385.8548129,"e":[[1,0,0.03,250.0]]}
{"t":1776987386.868864,"e":[[1,0,0.03,255.0]]}
{"t":1776987387.87745,"e":[[0,0,0.02]]}
{"t":1776987388.8948748,"e":[[1,0,0.03,5.0],[1,0,0.04,24.0],[1,1,0.9,4769.15]]}
{"t":1776987389.912417,"e":[[1,0,0.04,107.0],[1,0,0.05,203.0]]}
{"t":1776987392.957681,"e":[[1,0,0.05,143.0],[1,0,0.03,47.0],[1,1,0.9,5055.15]]}
{"t":1776987398.0113652,"e":[[0,1,0.91]]}
{"t":1776987400.031827,"e":[[1,0,0.05,101.0],[1,0,0.06,103.0],[1,0,0.04,86.0],[1,1,0.9,5269.15],[1,1,0.91,20.6]]}
{"t":1776987401.049393,"e":[[1,0,0.02,15.0],[1,1,0.86,43.0],[1,1,0.05,60.0]]}
{"t":1776987403.084633,"e":[[1,0,0.06,92.0],[1,0,0.05,105.0],[1,0,0.03,55.0],[1,0,0.04,55.0],[1,1,0.9,5057.15]]}
{"t":1776987405.104618,"e":[[1,0,0.06,86.0],[1,0,0.05,79.0],[0,0,0.04]]}
{"t":1776987406.117248,"e":[[1,0,0.07,103.0],[0,1,0.91]]}
{"t":1776987407.130375,"e":[[0,0,0.07],[1,1,0.9,5055.15],[1,1,0.91,20.6]]}
{"t":1776987408.142221,"e":[[1,0,0.06,111.0],[1,0,0.03,51.0],[1,0,0.04,24.0],[1,0,0.02,40.0],[0,1,0.86],[1,1,0.9,5269.15]]}
{"t":1776987409.156678,"e":[[0,0,0.06],[1,0,0.05,44.0],[1,0,0.03,57.0],[1,0,0.04,106.0],[1,0,0.02,57.0],[1,1,0.9,5057.15],[1,1,0.91,58.6]]}
{"t":1776987410.173267,"e":[[1,0,0.05,168.0],[1,0,0.03,55.0],[1,0,0.04,99.0],[1,0,0.02,40.0],[1,1,0.91,74.6]]}
{"t":1776987413.214848,"e":[[1,0,0.05,86.0],[1,0,0.03,43.0],[1,0,0.04,86.0],[1,0,0.02,15.0],[1,1,0.9,5056.15],[0,1,0.91]]}
{"t":1776987414.22898,"e":[[1,0,0.06,93.0]]}
{"t":1776987415.2424479,"e":[[0,0,0.06]]}
{"t":1776987416.258616,"e":[[1,0,0.05,111.0],[1,0,0.03,51.0],[1,0,0.04,103.0],[1,0,0.02,40.0],[1,1,0.9,5269.15],[1,1,0.86,43.0]]}
{"t":1776987417.275926,"e":[[1,1,0.05,40.0]]}
{"t":1776987418.28384,"e":[[1,0,0.05,86.0],[1,0,0.03,43.0],[1,0,0.04,86.0],[1,0,0.02,15.0]]}
{"t":1776987419.2976,"e":[[1,0,0.06,93.0]]}
{"t":1776987420.312384,"e":[[0,0,0.06],[1,0,0.05,111.0],[1,0,0.03,51.0],[1,0,0.04,103.0],[1,0,0.02,40.0]]}
{"t":1776987422.333131,"e":[[1,0,0.05,86.0],[1,0,0.03,43.0],[1,0,0.06,93.0],[1,0,0.04,86.0],[1,0,0.02,15.0]]}
{"t":1776987423.341865,"e":[[1,0,0.05,108.0],[1,0,0.04,62.0],[1,1,0.9,4585.15]]}
{"t":1776987424.3517509,"e":[[1,0,0.06,111.0],[1,0,0.05,101.0],[1,0,0.03,51.0],[0,0,0.04],[1,0,0.02,40.0]]}
{"t":1776987427.384183,"e":[[1,0,0.06,85.0],[1,0,0.05,84.0],[1,0,0.03,42.0],[1,0,0.07,90.0],[1,0,0.02,15.0],[1,1,0.86,93.0]]}
{"t":1776987429.411867,"e":[[1,0,0.05,62.0],[1,1,0.86,50.0]]}
{"t":1776987431.4396229,"e":[[0,0,0.07],[0,0,0.06],[0,0,0.05],[1,0,0.03,88.0],[1,0,0.04,144.0],[1,0,0.02,57.0]]}
{"t":1776987433.467194,"e":[[1,0,0.04,168.0],[1,1,0.05,60.0],[0,1,0.86],[1,1,0.9,4457.15]]}
{"t":1776987434.482404,"e":[[1,0,0.03,62.0],[1,0,0.05,71.0],[1,0,0.04,114.0]]}
{"t":1776987435.500764,"e":[[1,0,0.05,89.0],[1,0,0.03,44.0],[1,0,0.06,100.0],[1,0,0.04,88.0],[1,0,0.02,15.0]]}
{"t":1776987436.518392,"e":[[1,1,0.86,43.0]]}
{"t":1776987437.528995,"e":[[0,0,0.06],[1,0,0.05,71.0],[1,0,0.03,42.0]]}
{"t":1776987438.540438,"e":[[1,0,0.05,111.0],[1,0,0.03,51.0],[1,0,0.04,79.0],[1,0,0.02,40.0],[0,1,0.86]]}
{"t":1776987439.5559192,"e":[[1,0,0.04,103.0],[1,1,0.86,43.0]]}
{"t":1776987441.583146,"e":[[1,0,0.05,100.0],[1,0,0.03,39.0],[1,0,0.04,91.0],[1,0,0.02,65.0],[1,1,0.05,40.0]]}
{"t":1776987442.5970519,"e":[[1,0,0.05,71.0],[1,0,0.04,88.0]]}
{"t":1776987443.6086621,"e":[[1,0,0.05,125.0],[1,0,0.03,47.0],[1,0,0.04,107.0]]}
{"t":1776987444.621623,"e":[[1,0,0.04,83.0],[0,1,0.86]]}
{"t":1776987445.641054,"e":[[1,0,0.04,107.0],[1,1,0.91,38.0]]}
{"t":1776987446.6523461,"e":[[1,1,0.05,60.0]]}
{"t":1776987448.671573,"e":[[1,0,0.04,83.0],[1,1,0.9,4244.15]]}
{"t":1776987455.7512221,"e":[[1,0,0.05,39.0],[1,0,0.03,88.0],[1,0,0.04,127.0],[1,1,0.9,4243.15]]}
{"t":1776987458.781462,"e":[[1,0,0.04,103.0]]}
{"t":1776987459.80651,"e":[[1,0,0.05,125.0],[1,0,0.03,47.0],[1,0,0.04,107.0]]}
{"t":1776987463.861921,"e":[[1,0,0.04,83.0]]}
{"t":1776987464.8793101,"e":[[1,0,0.04,107.0]]}
{"t":1776987469.938709,"e":[[1,0,0.04,83.0]]}
{"t":1776987470.953413,"e":[[1,0,0.05,39.0],[1,0,0.03,39.0],[1,0,0.04,64.0]]}
{"t":1776987471.964236,"e":[[1,0,0.03,88.0],[1,0,0.04,104.0]]}
{"t":1776987474.99119,"e":[[1,0,0.04,64.0]]}
{"t":1776987476.004683,"e":[[1,0,0.05,67.0],[1,0,0.04,110.0]]}
{"t":1776987480.037149,"e":[[0,0,0.05],[1,0,0.03,5.0],[0,0,0.04],[1,0,0.02,15.0],[1,1,0.05,40.0],[1,1,0.9,3957.1499999999996],[1,1,0.91,58.0]]}
{"t":1776987481.0704799,"e":[[1,0,0.03,39.0],[1,0,0.04,127.0],[1,1,0.05,60.0],[1,1,0.9,4242.15],[1,1,0.91,38.0]]}
{"t":1776987484.123154,"e":[[1,0,0.03,52.0],[1,0,0.05,111.0],[1,0,0.04,102.0],[1,0,0.02,40.0]]}
{"t":1776987487.161367,"e":[[1,0,0.05,87.0],[1,0,0.03,44.0],[1,0,0.04,87.0],[1,0,0.02,15.0]]}
{"t":1776987488.1848361,"e":[[1,0,0.06,93.0]]}
{"t":1776987489.202267,"e":[[1,0,0.04,63.0]]}
{"t":1776987490.219332,"e":[[1,0,0.05,110.0],[1,1,0.05,160.0]]}
{"t":1776987491.2328289,"e":[[1,0,0.03,39.0],[0,0,0.04]]}
{"t":1776987492.247951,"e":[[1,0,0.06,111.0],[1,0,0.05,101.0],[1,0,0.03,52.0],[1,0,0.02,40.0]]}
{"t":1776987493.2650309,"e":[[1,0,0.06,87.0],[1,0,0.05,85.0],[1,0,0.03,44.0],[1,0,0.02,15.0],[1,1,0.91,88.0],[1,1,0.82,60.0]]}
{"t":1776987494.2817988,"e":[[1,0,0.07,91.0],[1,0,0.01,10260.0]]}
{"t":1776987495.296566,"e":[[1,0,0.07,94.0],[1,0,0.06,84.0],[1,0,0.05,57.0],[1,0,0.03,55.0]]}
{"t":1776987498.339239,"e":[[0,0,0.07],[0,0,0.06],[1,0,0.05,45.0],[1,0,0.03,88.0],[1,0,0.04,107.0],[1,0,0.02,57.0]]}
{"t":1776987500.3682282,"e":[[1,0,0.04,82.0]]}
{"t":1776987501.38164,"e":[[1,0,0.04,106.0]]}
{"t":1776987502.399264,"e":[[1,0,0.05,93.0],[1,0,0.03,55.0],[1,0,0.06,123.0],[1,0,0.04,85.0],[1,0,0.02,65.0]]}
{"t":1776987504.423846,"e":[[1,0,0.05,45.0]]}
{"t":1776987505.4419541,"e":[[1,0,0.06,102.0],[1,0,0.05,101.0],[1,0,0.03,47.0],[1,0,0.04,87.0],[1,1,0.9,4241.15]]}
{"t":1776987506.457539,"e":[[1,0,0.06,93.0],[1,0,0.05,99.0],[1,0,0.04,61.0]]}
{"t":1776987507.476583,"e":[[0,0,0.06],[1,0,0.05,45.0],[1,0,0.03,39.0]]}
{"t":1776987508.485173,"e":[[1,0,0.05,39.0],[1,0,0.03,88.0],[1,0,0.04,106.0]]}
{"t":1776987509.499563,"e":[[0,0,0.05],[1,0,0.03,5.0],[0,0,0.04],[1,1,0.9,3957.1499999999996],[1,1,0.91,108.0],[1,1,0.05,140.0]]}
{"t":1776987511.536454,"e":[[1,0,0.03,30.0]]}
{"t":1776987512.555327,"e":[[1,0,0.03,113.0],[1,0,0.04,201.0],[1,1,0.9,4241.15]]}
{"t":1776987513.572844,"e":[[1,0,0.01,10200.0]]}
{"t":1776987514.589409,"e":[[1,0,0.04,167.0]]}
{"t":1776987516.619714,"e":[[1,0,0.03,88.0]]}
{"t":1776987517.6414149,"e":[[1,0,0.04,191.0]]}
{"t":1776987519.6706262,"e":[[1,0,0.05,167.0],[1,0,0.04,141.0]]}
{"t":1776987521.693776,"e":[[1,0,0.05,125.0],[1,0,0.03,64.0],[1,0,0.04,117.0]]}
{"t":1776987523.792465,"e":[[1,0,0.04,141.0]]}
{"t":1776987527.8322,"e":[[1,0,0.04,117.0],[1,0,0.02,81.0]]}
{"t":1776987529.853049,"e":[[0,0,0.05],[1,0,0.03,88.0],[1,0,0.04,191.0],[1,0,0.02,65.0],[1,1,0.9,4240.15],[1,1,0.91,32.05],[1,1,0.05,160.0]]}
{"t":1776987531.878761,"e":[[1,0,0.03,5.0],[1,0,0.04,24.0],[1,1,0.9,3957.1499999999996],[1,1,0.91,52.05],[1,1,0.05,140.0]]}
{"t":1776987532.89665,"e":[[1,0,0.03,47.0],[1,0,0.05,175.0],[1,0,0.04,107.0],[1,1,0.9,4240.15],[1,1,0.91,32.05],[1,1,0.05,160.0]]}
{"t":1776987534.919015,"e":[[1,0,0.05,125.0],[1,0,0.03,63.0],[1,0,0.04,141.0]]}
{"t":1776987535.9279711,"e":[[1,0,0.04,117.0]]}
{"t":1776987536.9385579,"e":[[1,0,0.04,141.0]]}
{"t":1776987545.0409741,"e":[[0,1,0.91]]}
{"t":1776987546.0651488,"e":[[0,0,0.05],[1,0,0.03,5.0],[1,0,0.04,24.0],[1,0,0.02,15.0],[1,1,0.9,3957.1499999999996]]}
{"t":1776987547.084178,"e":[[0,0,0.04],[1,0,0.02,41.0]]}
{"t":1776987548.090229,"e":[[1,0,0.03,88.0],[1,0,0.04,178.0],[1,0,0.02,83.0],[1,1,0.9,4207.15],[1,1,0.86,43.0]]}
{"t":1776987551.1348,"e":[[1,0,0.02,57.0],[0,1,0.86]]}
{"t":1776987552.198254,"e":[[1,0,0.04,202.0],[1,1,0.91,38.0]]}
{"t":1776987553.205825,"e":[[1,0,0.03,47.0],[1,0,0.04,99.0],[1,0,0.02,36.0]]}
{"t":1776987554.220887,"e":[[1,0,0.05,167.0],[1,1,0.9,4242.15]]}
{"t":1776987555.2328598,"e":[[1,0,0.05,86.0],[1,0,0.04,81.0],[1,0,0.02,15.0],[1,1,0.91,54.0]]}
{"t":1776987556.24627,"e":[[1,0,0.03,55.0],[1,0,0.06,99.0],[1,0,0.02,31.0],[1,1,0.91,104.0]]}
{"t":1776987557.2507882,"e":[[1,0,0.04,57.0]]}
{"t":1776987559.271056,"e":[[0,0,0.06],[1,0,0.05,45.0],[1,0,0.03,47.0],[1,1,0.9,4241.15]]}
{"t":1776987560.279117,"e":[[1,0,0.03,88.0],[1,0,0.04,82.0],[1,0,0.02,73.0]]}
{"t":1776987562.294633,"e":[[0,1,0.82],[1,1,0.05,60.0]]}
{"t":1776987563.305991,"e":[[1,0,0.04,106.0],[1,1,0.82,60.0],[1,1,0.05,160.0]]}
{"t":1776987564.310991,"e":[[1,0,0.05,107.0],[1,0,0.03,47.0],[1,0,0.06,123.0],[1,0,0.04,90.0],[1,0,0.02,31.0]]}
{"t":1776987565.324453,"e":[[0,0,0.06],[0,0,0.05],[1,0,0.03,5.0],[1,0,0.04,24.0],[1,1,0.9,3957.1499999999996]]}
{"t":1776987568.358059,"e":[[1,0,0.03,55.0],[1,0,0.05,162.0],[1,0,0.04,99.0],[1,0,0.02,106.0],[1,1,0.9,4241.15]]}
{"t":1776987569.3745668,"e":[[1,0,0.04,75.0]]}
{"t":1776987570.385914,"e":[[0,0,0.05],[1,0,0.03,5.0],[0,0,0.04],[1,0,0.02,31.0],[1,1,0.9,3957.1499999999996],[1,1,0.91,124.0],[1,1,0.05,140.0]]}
{"t":1776987571.411482,"e":[[1,0,0.06,250.0],[1,1,0.9,4241.15],[1,1,0.91,104.0],[1,1,0.05,160.0]]}
{"t":1776987572.4206111,"e":[[1,0,0.04,25.0]]}
{"t":1776987574.4396539,"e":[[0,0,0.06],[1,1,0.06,33.0],[1,1,0.05,120.0]]}
{"t":1776987575.4554582,"e":[[1,0,0.03,55.0],[1,0,0.05,161.0],[1,0,0.04,100.0],[1,0,0.02,56.0],[1,1,0.91,14.0]]}
{"t":1776987576.472613,"e":[[1,0,0.04,75.0],[1,0,0.02,106.0],[0,1,0.91]]}
{"t":1776987577.4838452,"e":[[0,0,0.05],[1,0,0.03,5.0],[1,0,0.04,24.0],[1,0,0.02,31.0],[1,1,0.9,3957.1499999999996],[1,1,0.05,100.0]]}
{"t":1776987578.514389,"e":[[1,1,0.86,43.0]]}
{"t":1776987580.526141,"e":[[1,0,0.03,55.0],[1,0,0.05,161.0],[1,0,0.04,99.0],[1,0,0.02,56.0],[1,1,0.9,4207.15]]}
{"t":1776987582.55534,"e":[[1,0,0.04,75.0],[0,1,0.86]]}
{"t":1776987583.56968,"e":[[1,0,0.04,99.0],[1,1,0.86,43.0]]}
{"t":1776987584.5848262,"e":[[1,0,0.05,100.0],[1,0,0.03,45.0],[1,0,0.04,84.0],[1,0,0.02,51.0],[0,1,0.82],[1,1,0.9,4457.15],[0,1,0.05]]}
{"t":1776987585.592125,"e":[[1,0,0.02,31.0]]}
{"t":1776987586.6072462,"e":[[0,0,0.05],[1,0,0.03,5.0],[1,0,0.04,24.0],[1,1,0.9,3957.1499999999996]]}
{"t":1776987587.619329,"e":[[0,0,0.04],[0,1,0.86]]}
{"t":1776987588.64445,"e":[[1,0,0.03,88.0],[1,0,0.04,175.0],[1,0,0.02,73.0],[1,1,0.9,4207.15],[1,1,0.86,16.0]]}
{"t":1776987589.666285,"e":[[1,0,0.04,112.0],[0,1,0.86],[1,1,0.82,60.0],[1,1,0.91,38.0],[1,1,0.05,120.0]]}
{"t":1776987590.6854012,"e":[[1,0,0.05,67.0],[1,1,0.9,4457.15]]}
{"t":1776987592.7096992,"e":[[1,0,0.05,107.0],[1,0,0.03,47.0],[1,0,0.06,119.0],[1,0,0.04,90.0],[1,0,0.02,31.0],[1,1,0.9,4240.15]]}
{"t":1776987593.725282,"e":[[0,0,0.06],[0,0,0.05],[1,0,0.03,5.0],[1,0,0.04,24.0],[1,1,0.9,3957.1499999999996],[1,1,0.91,58.0],[1,1,0.05,100.0]]}
{"t":1776987594.758166,"e":[[1,0,0.03,55.0],[1,0,0.05,160.0],[1,0,0.04,99.0],[1,0,0.02,56.0],[1,1,0.9,4240.15],[1,1,0.91,38.0],[1,1,0.05,120.0]]}
{"t":1776987599.8272,"e":[[1,0,0.05,88.0],[1,0,0.06,103.0],[1,0,0.04,83.0],[1,0,0.02,31.0]]}
{"t":1776987602.868939,"e":[[1,0,0.04,59.0]]}
{"t":1776987604.898319,"e":[[1,1,0.91,54.0]]}
{"t":1776987605.9035032,"e":[[0,0,0.06]]}
{"t":1776987606.920126,"e":[[1,0,0.05,68.0],[1,0,0.03,88.0],[1,0,0.04,84.0],[1,0,0.02,73.0]]}
{"t":1776987613.9895098,"e":[[1,0,0.03,47.0],[0,0,0.04],[1,0,0.02,31.0],[1,1,0.9,4239.15]]}
{"t":1776987615.007124,"e":[[1,0,0.05,64.0],[1,0,0.07,103.0],[1,0,0.06,103.0],[1,0,0.01,10260.0]]}
{"t":1776987616.023874,"e":[[1,0,0.04,25.0]]}
{"t":1776987618.0579588,"e":[[0,0,0.07],[0,0,0.06],[1,0,0.05,45.0]]}
{"t":1776987619.0643048,"e":[[1,0,0.05,158.0],[1,0,0.03,55.0],[1,0,0.04,100.0],[1,0,0.02,56.0]]}
{"t":1776987620.079356,"e":[[0,0,0.05],[1,0,0.03,5.0],[0,0,0.04],[1,0,0.02,57.0],[1,1,0.9,3957.1499999999996],[1,1,0.91,20.0],[1,1,0.05,100.0]]}
{"t":1776987622.1203682,"e":[[1,0,0.03,88.0],[1,0,0.04,173.0],[1,0,0.02,73.0],[1,1,0.9,4239.15],[1,1,0.91,16.0],[1,1,0.05,120.0]]}
{"t":1776987623.1461928,"e":[[1,0,0.04,197.0],[1,1,0.86,43.0]]}
{"t":1776987624.163271,"e":[[1,0,0.03,5.0],[1,0,0.01,10200.0],[1,0,0.04,107.0],[1,0,0.02,31.0]]}
{"t":1776987625.183369,"e":[[1,0,0.06,167.0],[1,0,0.05,135.0],[1,0,0.02,81.0]]}
{"t":1776987627.2126012,"e":[[0,0,0.06],[1,0,0.04,83.0],[0,1,0.86]]}
{"t":1776987628.2255769,"e":[[1,0,0.05,142.0],[1,0,0.03,47.0],[1,0,0.04,107.0],[1,1,0.9,4240.15],[1,1,0.86,43.0]]}
{"t":1776987633.261933,"e":[[1,0,0.05,125.0],[1,0,0.04,83.0],[0,1,0.86]]}
{"t":1776987634.274147,"e":[[1,0,0.03,63.0],[1,0,0.04,117.0]]}
{"t":1776987635.279861,"e":[[1,0,0.04,141.0],[1,1,0.91,54.0]]}
{"t":1776987637.292694,"e":[[1,0,0.04,140.0]]}
{"t":1776987638.300576,"e":[[1,0,0.04,116.0]]}
{"t":1776987640.3094919,"e":[[1,0,0.04,140.0]]}
{"t":1776987644.336449,"e":[[1,0,0.04,116.0]]}
{"t":1776987645.346393,"e":[[0,0,0.05],[1,0,0.03,88.0],[1,0,0.04,191.0],[1,0,0.02,31.0],[1,1,0.91,41.0]]}
{"t":1776987646.354738,"e":[[1,1,0.91,38.0]]}
{"t":1776987647.358795,"e":[[1,0,0.03,5.0],[1,0,0.04,24.0],[1,1,0.9,3957.1499999999996],[1,1,0.91,58.0],[1,1,0.05,100.0]]}
{"t":1776987648.369152,"e":[[1,0,0.03,55.0],[1,0,0.05,159.0],[1,0,0.04,99.0],[1,0,0.02,56.0],[1,1,0.9,4240.15],[1,1,0.91,38.0],[1,1,0.05,120.0]]}
{"t":1776987649.380308,"e":[[1,0,0.04,75.0]]}
{"t":1776987652.398417,"e":[[1,0,0.05,45.0],[1,1,0.9,4239.15]]}
{"t":1776987653.4153118,"e":[[1,0,0.03,88.0],[1,0,0.04,109.0],[1,0,0.02,73.0]]}
{"t":1776987654.426941,"e":[[1,0,0.03,55.0],[1,0,0.04,99.0],[1,0,0.02,31.0]]}
{"t":1776987655.4332852,"e":[[0,0,0.05],[1,0,0.03,5.0],[1,0,0.04,24.0],[1,1,0.9,3957.1499999999996],[1,1,0.91,58.0],[1,1,0.05,100.0]]}
{"t":1776987659.4668832,"e":[[0,0,0.04],[1,0,0.02,57.0]]}
{"t":1776987670.541075,"e":[[0,1,0.82],[0,1,0.05]]}
{"t":1776987673.564924,"e":[[1,0,0.02,42.0],[1,1,0.91,38.0]]}
{"t":1776987678.611577,"e":[[0,1,0.06],[1,1,0.92,9999.0],[1,1,0.05,40.0]]}
{"t":1776987680.620092,"e":[[1,0,0.03,55.0],[1,0,0.02,16.0],[0,1,0.91]]}
{"t":1776987866.904315,"e":[[1,0,0.03,51.0]]}
{"t":1776987880.0081012,"e":[[1,1,0.92,9987.26]]}
{"t":1776987939.47759,"e":[[1,1,0.92,8812.89]]}
