{"t": 1776975854.366905, "events": [{"op": "set", "side": "bid", "price": 0.06, "size": 797.0}]}
{"t": 1776975855.3857431, "events": [{"op": "set", "side": "ask", "price": 0.79, "size": 184.0}]}
{"t": 1776975856.396708, "events": [{"op": "set", "side": "ask", "price": 0.82, "size": 441.56}, {"op": "set", "side": "ask", "price": 0.9, "size": 3189.99}, {"op": "set", "side": "ask", "price": 0.91, "size": 616.0}]}
{"t": 1776975859.432927, "events": [{"op": "set", "side": "ask", "price": 0.79, "size": 183.0}, {"op": "set", "side": "ask", "price": 0.82, "size": 438.56}, {"op": "set", "side": "ask", "price": 0.9, "size": 3187.99}]}
{"t": 1776975866.4869819, "events": [{"op": "set", "side": "bid", "price": 0.07, "size": 699.0}, {"op": "set", "side": "ask", "price": 0.82, "size": 437.56}, {"op": "set", "side": "ask", "price": 0.9, "size": 3186.99}]}
{"t": 1776975868.5054138, "events": [{"op": "set", "side": "bid", "price": 0.06, "size": 773.0}]}
{"t": 1776975869.519797, "events": [{"op": "set", "side": "bid", "price": 0.06, "size": 797.0}]}
{"t": 1776975870.536895, "events": [{"op": "set", "side": "ask", "price": 0.82, "size": 436.56}]}
{"t": 1776975878.59487, "events": [{"op": "set", "side": "bid", "price": 0.06, "size": 24.0}, {"op": "set", "side": "bid", "price": 0.07, "size": 215.0}, {"op": "set", "side": "ask", "price": 0.79, "size": 102.0}, {"op": "set", "side": "ask", "price": 0.82, "size": 202.56}, {"op": "set", "side": "ask", "price": 0.9, "size": 2580.99}, {"op": "set", "side": "ask", "price": 0.91, "size": 198.0}]}
{"t": 1776975882.637974, "events": [{"op": "set", "side": "bid", "price": 0.07, "size": 1215.0}, {"op": "set", "side": "ask", "price": 0.9, "size": 3104.99}, {"op": "set", "side": "ask", "price": 0.91, "size": 674.0}]}
{"t": 1776975889.700941, "events": [{"op": "set", "side": "bid", "price": 0.06, "size": 1500.0}, {"op": "set", "side": "bid", "price": 0.07, "size": 739.0}, {"op": "set", "side": "ask", "price": 0.9, "size": 3026.99}, {"op": "set", "side": "ask", "price": 0.91, "size": 1271.0}]}
{"t": 1776975913.861079, "events": [{"op": "set", "side": "bid", "price": 0.06, "size": 799.0}, {"op": "set", "side": "bid", "price": 0.07, "size": 701.0}, {"op": "set", "side": "ask", "price": 0.91, "size": 640.0}]}
{"t": 1776975914.8911412, "events": [{"op": "set", "side": "ask", "price": 0.82, "size": 376.56}, {"op": "set", "side": "ask", "price": 0.9, "size": 3225.99}]}
{"t": 1776975916.9452019, "events": [{"op": "set", "side": "ask", "price": 0.9, "size": 3206.99}, {"op": "set", "side": "ask", "price": 0.91, "size": 623.0}]}
{"t": 1776975917.960892, "events": [{"op": "set", "side": "ask", "price": 0.79, "size": 189.0}, {"op": "set", "side": "ask", "price": 0.82, "size": 456.56}]}
{"t": 1776975940.061205, "events": [{"op": "set", "side": "bid", "price": 0.06, "size": 24.0}, {"op": "set", "side": "bid", "price": 0.07, "size": 215.0}, {"op": "set", "side": "ask", "price": 0.79, "size": 102.0}, {"op": "set", "side": "ask", "price": 0.82, "size": 202.56}, {"op": "set", "side": "ask", "price": 0.9, "size": 2580.99}, {"op": "set", "side": "ask", "price": 0.91, "size": 198.0}]}
{"t": 1776975942.095907, "events": [{"op": "set", "side": "bid", "price": 0.07, "size": 1215.0}, {"op": "set", "side": "ask", "price": 0.9, "size": 3104.99}, {"op": "set", "side": "ask", "price": 0.91, "size": 674.0}]}
{"t": 1776975943.110956, "events": [{"op": "delete", "side": "bid", "price": 0.06}]}
{"t": 1776975944.1347961, "events": [{"op": "set", "side": "bid", "price": 0.06, "size": 24.0}]}
{"t": 1776975946.19179, "events": [{"op": "set", "side": "bid", "price": 0.07, "size": 739.0}, {"op": "set", "side": "ask", "price": 0.9, "size": 3031.99}]}
{"t": 1776975948.2322109, "events": [{"op": "set", "side": "bid", "price": 0.06, "size": 1476.0}, {"op": "set", "side": "ask", "price": 0.91, "size": 957.0}]}
{"t": 1776975949.255933, "events": [{"op": "set", "side": "bid", "price": 0.06, "size": 1500.0}, {"op": "set", "side": "ask", "price": 0.91, "size": 1275.0}]}
{"t": 1776975951.2976189, "events": [{"op": "set", "side": "bid", "price": 0.06, "size": 24.0}, {"op": "set", "side": "bid", "price": 0.07, "size": 215.0}, {"op": "set", "side": "ask", "price": 0.9, "size": 2580.99}, {"op": "set", "side": "ask", "price": 0.91, "size": 198.0}]}
{"t": 1776975953.32274, "events": [{"op": "set", "side": "bid", "price": 0.07, "size": 1215.0}, {"op": "set", "side": "ask", "price": 0.9, "size": 3104.99}, {"op": "set", "side": "ask", "price": 0.91, "size": 674.0}]}
{"t": 1776975959.372451, "events": [{"op": "set", "side": "bid", "price": 0.06, "size": 1500.0}, {"op": "set", "side": "bid", "price": 0.07, "size": 739.0}, {"op": "set", "side": "ask", "price": 0.9, "size": 3032.99}, {"op": "set", "side": "ask", "price": 0.91, "size": 958.0}]}
{"t": 1776975960.382571, "events": [{"op": "set", "side": "ask", "price": 0.91, "size": 1276.0}]}
{"t": 1776975963.398977, "events": [{"op": "set", "side": "bid", "price": 0.06, "size": 1476.0}]}
{"t": 1776975964.407889, "events": [{"op": "set", "side": "bid", "price": 0.06, "size": 1500.0}]}
{"t": 1776975971.450849, "events": [{"op": "set", "side": "ask", "price": 0.91, "size": 674.0}]}
{"t": 1776975972.4612129, "events": [{"op": "set", "side": "bid", "price": 0.06, "size": 801.0}, {"op": "set", "side": "bid", "price": 0.07, "size": 703.0}, {"op": "set", "side": "ask", "price": 0.91, "size": 642.0}]}
{"t": 1776975973.468818, "events": [{"op": "set", "side": "bid", "price": 0.06, "size": 777.0}]}
{"t": 1776975974.486274, "events": [{"op": "set", "side": "bid", "price": 0.06, "size": 801.0}, {"op": "set", "side": "ask", "price": 0.82, "size": 376.56}, {"op": "set", "side": "ask", "price": 0.9, "size": 3227.99}]}
{"t": 1776975978.524107, "events": [{"op": "set", "side": "bid", "price": 0.06, "size": 778.0}, {"op": "set", "side": "ask", "price": 0.79, "size": 189.0}, {"op": "set", "side": "ask", "price": 0.82, "size": 456.56}, {"op": "set", "side": "ask", "price": 0.9, "size": 3209.99}, {"op": "set", "side": "ask", "price": 0.91, "size": 626.0}]}
{"t": 1776975979.530004, "events": [{"op": "set", "side": "bid", "price": 0.06, "size": 802.0}]}
{"t": 1776975989.593303, "events": [{"op": "set", "side": "bid", "price": 0.06, "size": 24.0}, {"op": "set", "side": "bid", "price": 0.07, "size": 704.0}, {"op": "set", "side": "bid", "price": 0.05, "size": 978.0}, {"op": "set", "side": "ask", "price": 0.79, "size": 187.0}, {"op": "set", "side": "ask", "price": 0.82, "size": 448.56}, {"op": "set", "side": "ask", "price": 0.9, "size": 3204.99}]}
{"t": 1776975993.639185, "events": [{"op": "delete", "side": "bid", "price": 0.06}]}
{"t": 1776975994.652439, "events": [{"op": "set", "side": "bid", "price": 0.06, "size": 24.0}]}
{"t": 1776976002.718677, "events": [{"op": "set", "side": "bid", "price": 0.06, "size": 1500.0}, {"op": "set", "side": "bid", "price": 0.07, "size": 739.0}, {"op": "set", "side": "bid", "price": 0.05, "size": 200.0}, {"op": "set", "side": "ask", "price": 0.79, "size": 102.0}, {"op": "set", "side": "ask", "price": 0.82, "size": 202.56}, {"op": "set", "side": "ask", "price": 0.9, "size": 3035.99}, {"op": "set", "side": "ask", "price": 0.91, "size": 1279.0}]}
{"t": 1776976005.821455, "events": [{"op": "set", "side": "bid", "price": 0.06, "size": 802.0}, {"op": "set", "side": "bid", "price": 0.07, "size": 705.0}, {"op": "set", "side": "ask", "price": 0.82, "size": 376.56}, {"op": "set", "side": "ask", "price": 0.9, "size": 3228.99}, {"op": "set", "side": "ask", "price": 0.91, "size": 643.0}]}
{"t": 1776976011.8745532, "events": [{"op": "set", "side": "ask", "price": 0.9, "size": 3211.99}, {"op": "set", "side": "ask", "price": 0.91, "size": 628.0}]}
{"t": 1776976012.8924701, "events": [{"op": "set", "side": "ask", "price": 0.79, "size": 189.0}, {"op": "set", "side": "ask", "price": 0.82, "size": 456.56}]}
{"t": 1776976021.967751, "events": [{"op": "set", "side": "bid", "price": 0.06, "size": 803.0}, {"op": "set", "side": "ask", "price": 0.79, "size": 187.0}, {"op": "set", "side": "ask", "price": 0.82, "size": 449.56}, {"op": "set", "side": "ask", "price": 0.9, "size": 3206.99}, {"op": "set", "side": "ask", "price": 0.91, "size": 627.0}]}
{"t": 1776976028.033005, "events": [{"op": "set", "side": "bid", "price": 0.06, "size": 779.0}]}
{"t": 1776976029.046649, "events": [{"op": "set", "side": "bid", "price": 0.06, "size": 803.0}]}
{"t": 1776976030.0649989, "events": [{"op": "set", "side": "bid", "price": 0.07, "size": 703.0}, {"op": "set", "side": "ask", "price": 0.79, "size": 186.0}, {"op": "set", "side": "ask", "price": 0.82, "size": 445.56}, {"op": "set", "side": "ask", "price": 0.9, "size": 3204.99}]}
{"t": 1776976031.0763671, "events": [{"op": "set", "side": "bid", "price": 0.07, "size": 706.0}]}
{"t": 1776976033.0979562, "events": [{"op": "set", "side": "bid", "price": 0.06, "size": 779.0}]}
{"t": 1776976034.1065989, "events": [{"op": "set", "side": "bid", "price": 0.06, "size": 803.0}]}
{"t": 1776976038.1259038, "events": [{"op": "set", "side": "bid", "price": 0.06, "size": 779.0}]}
{"t": 1776976039.130999, "events": [{"op": "set", "side": "bid", "price": 0.06, "size": 24.0}, {"op": "set", "side": "ask", "price": 0.79, "size": 185.0}, {"op": "set", "side": "ask", "price": 0.82, "size": 444.56}, {"op": "set", "side": "ask", "price": 0.9, "size": 3203.99}]}
{"t": 1776976040.136569, "events": [{"op": "set", "side": "bid", "price": 0.05, "size": 979.0}]}
{"t": 1776976041.146323, "events": [{"op": "set", "side": "bid", "price": 0.07, "size": 703.0}, {"op": "set", "side": "bid", "price": 0.05, "size": 200.0}, {"op": "set", "side": "ask", "price": 0.79, "size": 102.0}, {"op": "set", "side": "ask", "price": 0.82, "size": 202.56}, {"op": "set", "side": "ask", "price": 0.9, "size": 3038.99}, {"op": "set", "side": "ask", "price": 0.91, "size": 626.0}]}
{"t": 1776976042.1519518, "events": [{"op": "set", "side": "bid", "price": 0.06, "size": 1500.0}, {"op": "set", "side": "bid", "price": 0.07, "size": 739.0}, {"op": "set", "side": "ask", "price": 0.91, "size": 1282.0}]}
{"t": 1776976043.1629992, "events": [{"op": "set", "side": "bid", "price": 0.06, "size": 1476.0}]}
{"t": 1776976044.185159, "events": [{"op": "set", "side": "bid", "price": 0.06, "size": 24.0}, {"op": "set", "side": "bid", "price": 0.07, "size": 215.0}, {"op": "set", "side": "ask", "price": 0.9, "size": 2580.99}, {"op": "set", "side": "ask", "price": 0.91, "size": 198.0}]}
{"t": 1776976047.209746, "events": [{"op": "set", "side": "bid", "price": 0.07, "size": 1215.0}, {"op": "set", "side": "ask", "price": 0.9, "size": 3104.99}, {"op": "set", "side": "ask", "price": 0.91, "size": 674.0}]}
{"t": 1776976048.218187, "events": [{"op": "delete", "side": "bid", "price": 0.06}]}
{"t": 1776976049.2295182, "events": [{"op": "set", "side": "bid", "price": 0.07, "size": 739.0}, {"op": "set", "side": "bid", "price": 0.06, "size": 24.0}, {"op": "set", "side": "ask", "price": 0.9, "size": 3039.99}]}
{"t": 1776976050.238752, "events": [{"op": "set", "side": "bid", "price": 0.05, "size": 1676.0}, {"op": "set", "side": "ask", "price": 0.91, "size": 965.0}]}
{"t": 1776976051.266421, "events": [{"op": "set", "side": "ask", "price": 0.91, "size": 1283.0}]}
{"t": 1776976053.276522, "events": [{"op": "delete", "side": "bid", "price": 0.06}]}
{"t": 1776976054.2832232, "events": [{"op": "set", "side": "bid", "price": 0.06, "size": 24.0}]}
{"t": 1776976058.306615, "events": [{"op": "set", "side": "bid", "price": 0.07, "size": 215.0}, {"op": "set", "side": "bid", "price": 0.05, "size": 200.0}, {"op": "set", "side": "ask", "price": 0.9, "size": 2580.99}, {"op": "set", "side": "ask", "price": 0.91, "size": 198.0}]}
{"t": 1776976061.337662, "events": [{"op": "set", "side": "bid", "price": 0.07, "size": 1215.0}, {"op": "set", "side": "ask", "price": 0.9, "size": 3104.99}, {"op": "set", "side": "ask", "price": 0.91, "size": 674.0}]}
{"t": 1776976063.365494, "events": [{"op": "delete", "side": "bid", "price": 0.06}]}
{"t": 1776976064.375992, "events": [{"op": "set", "side": "bid", "price": 0.06, "size": 24.0}]}
{"t": 1776976065.3873029, "events": [{"op": "set", "side": "bid", "price": 0.07, "size": 739.0}, {"op": "set", "side": "ask", "price": 0.9, "size": 3040.99}]}
{"t": 1776976066.397533, "events": [{"op": "set", "side": "bid", "price": 0.06, "size": 1500.0}, {"op": "set", "side": "ask", "price": 0.91, "size": 1284.0}]}
{"t": 1776976068.419334, "events": [{"op": "set", "side": "bid", "price": 0.06, "size": 1476.0}]}
{"t": 1776976069.436353, "events": [{"op": "set", "side": "bid", "price": 0.06, "size": 1500.0}]}
{"t": 1776976074.460224, "events": [{"op": "set", "side": "bid", "price": 0.06, "size": 805.0}, {"op": "set", "side": "bid", "price": 0.07, "size": 707.0}, {"op": "set", "side": "ask", "price": 0.91, "size": 646.0}]}
{"t": 1776976075.471221, "events": [{"op": "set", "side": "ask", "price": 0.82, "size": 376.56}, {"op": "set", "side": "ask", "price": 0.9, "size": 3231.99}]}
{"t": 1776976077.482344, "events": [{"op": "set", "side": "ask", "price": 0.9, "size": 3215.99}, {"op": "set", "side": "ask", "price": 0.91, "size": 632.0}]}
{"t": 1776976078.494921, "events": [{"op": "set", "side": "ask", "price": 0.79, "size": 189.0}, {"op": "set", "side": "ask", "price": 0.82, "size": 456.56}]}
{"t": 1776976083.531923, "events": [{"op": "set", "side": "bid", "price": 0.06, "size": 781.0}]}
{"t": 1776976084.54107, "events": [{"op": "set", "side": "bid", "price": 0.06, "size": 805.0}]}
{"t": 1776976085.548361, "events": [{"op": "set", "side": "bid", "price": 0.06, "size": 24.0}, {"op": "set", "side": "bid", "price": 0.07, "size": 215.0}, {"op": "set", "side": "ask", "price": 0.79, "size": 102.0}, {"op": "set", "side": "ask", "price": 0.82, "size": 202.56}, {"op": "set", "side": "ask", "price": 0.9, "size": 2580.99}, {"op": "set", "side": "ask", "price": 0.91, "size": 198.0}]}
{"t": 1776976089.58958, "events": [{"op": "set", "side": "bid", "price": 0.07, "size": 1215.0}, {"op": "set", "side": "ask", "price": 0.9, "size": 3104.99}, {"op": "set", "side": "ask", "price": 0.91, "size": 674.0}]}
{"t": 1776976092.6074328, "events": [{"op": "set", "side": "bid", "price": 0.07, "size": 739.0}, {"op": "set", "side": "ask", "price": 0.9, "size": 3042.99}]}
{"t": 1776976093.6152132, "events": [{"op": "set", "side": "bid", "price": 0.06, "size": 1500.0}, {"op": "set", "side": "ask", "price": 0.91, "size": 1285.0}]}
{"t": 1776976095.6349592, "events": [{"op": "set", "side": "ask", "price": 0.91, "size": 674.0}]}
{"t": 1776976096.652119, "events": [{"op": "set", "side": "bid", "price": 0.06, "size": 805.0}, {"op": "set", "side": "bid", "price": 0.07, "size": 708.0}, {"op": "set", "side": "ask", "price": 0.91, "size": 646.0}]}
{"t": 1776976097.657048, "events": [{"op": "set", "side": "ask", "price": 0.82, "size": 376.56}, {"op": "set", "side": "ask", "price": 0.9, "size": 3231.99}]}
{"t": 1776976100.698726, "events": [{"op": "set", "side": "ask", "price": 0.79, "size": 189.0}, {"op": "set", "side": "ask", "price": 0.82, "size": 456.56}, {"op": "set", "side": "ask", "price": 0.9, "size": 3216.99}, {"op": "set", "side": "ask", "price": 0.91, "size": 633.0}]}
{"t": 1776976113.775799, "events": [{"op": "set", "side": "bid", "price": 0.06, "size": 806.0}, {"op": "set", "side": "ask", "price": 0.79, "size": 187.0}, {"op": "set", "side": "ask", "price": 0.82, "size": 450.56}, {"op": "set", "side": "ask", "price": 0.9, "size": 3212.99}, {"op": "set", "side": "ask", "price": 0.91, "size": 632.0}]}
{"t": 1776976116.79982, "events": [{"op": "set", "side": "ask", "price": 0.79, "size": 186.0}, {"op": "set", "side": "ask", "price": 0.82, "size": 447.56}, {"op": "set", "side": "ask", "price": 0.9, "size": 3210.99}]}
{"t": 1776976118.820491, "events": [{"op": "set", "side": "bid", "price": 0.06, "size": 782.0}]}
{"t": 1776976119.83535, "events": [{"op": "set", "side": "bid", "price": 0.06, "size": 806.0}]}
{"t": 1776976128.8931751, "events": [{"op": "set", "side": "bid", "price": 0.07, "size": 709.0}, {"op": "set", "side": "ask", "price": 0.82, "size": 446.56}, {"op": "set", "side": "ask", "price": 0.9, "size": 3209.99}]}
{"t": 1776976130.9047801, "events": [{"op": "set", "side": "ask", "price": 0.82, "size": 445.56}]}
{"t": 1776976135.934583, "events": [{"op": "set", "side": "bid", "price": 0.06, "size": 24.0}, {"op": "set", "side": "bid", "price": 0.07, "size": 215.0}, {"op": "set", "side": "ask", "price": 0.79, "size": 102.0}, {"op": "set", "side": "ask", "price": 0.82, "size": 202.56}, {"op": "set", "side": "ask", "price": 0.9, "size": 2580.99}, {"op": "set", "side": "ask", "price": 0.91, "size": 198.0}]}
{"t": 1776976137.96097, "events": [{"op": "delete", "side": "bid", "price": 0.06}]}
{"t": 1776976138.9725718, "events": [{"op": "set", "side": "bid", "price": 0.06, "size": 24.0}]}
{"t": 1776976139.976351, "events": [{"op": "set", "side": "bid", "price": 0.07, "size": 1215.0}, {"op": "set", "side": "ask", "price": 0.9, "size": 3104.99}, {"op": "set", "side": "ask", "price": 0.91, "size": 674.0}]}
{"t": 1776976152.035327, "events": [{"op": "set", "side": "bid", "price": 0.07, "size": 215.0}, {"op": "set", "side": "ask", "price": 0.9, "size": 2580.99}, {"op": "set", "side": "ask", "price": 0.91, "size": 198.0}]}
{"t": 1776976153.054967, "events": [{"op": "set", "side": "bid", "price": 0.07, "size": 1215.0}]}
{"t": 1776976154.063997, "events": [{"op": "set", "side": "ask", "price": 0.9, "size": 3104.99}, {"op": "set", "side": "ask", "price": 0.91, "size": 674.0}]}
{"t": 1776976163.1601741, "events": [{"op": "delete", "side": "bid", "price": 0.06}]}
{"t": 1776976164.1660988, "events": [{"op": "set", "side": "bid", "price": 0.06, "size": 24.0}]}
{"t": 1776976168.185441, "events": [{"op": "delete", "side": "bid", "price": 0.06}]}
{"t": 1776976169.201382, "events": [{"op": "set", "side": "bid", "price": 0.06, "size": 24.0}]}
{"t": 1776976172.213068, "events": [{"op": "set", "side": "bid", "price": 0.07, "size": 739.0}, {"op": "set", "side": "ask", "price": 0.9, "size": 3047.99}]}
{"t": 1776976173.230133, "events": [{"op": "set", "side": "bid", "price": 0.06, "size": 1476.0}, {"op": "set", "side": "ask", "price": 0.91, "size": 972.0}]}
{"t": 1776976174.237823, "events": [{"op": "set", "side": "bid", "price": 0.06, "size": 1500.0}, {"op": "set", "side": "ask", "price": 0.91, "size": 1290.0}]}
{"t": 1776976175.24962, "events": [{"op": "set", "side": "ask", "price": 0.91, "size": 674.0}]}
{"t": 1776976177.2679732, "events": [{"op": "set", "side": "bid", "price": 0.06, "size": 808.0}, {"op": "set", "side": "bid", "price": 0.07, "size": 710.0}, {"op": "set", "side": "ask", "price": 0.82, "size": 376.56}, {"op": "set", "side": "ask", "price": 0.9, "size": 3234.99}, {"op": "set", "side": "ask", "price": 0.91, "size": 649.0}]}
{"t": 1776976178.273995, "events": [{"op": "set", "side": "bid", "price": 0.06, "size": 784.0}]}
{"t": 1776976179.287406, "events": [{"op": "set", "side": "bid", "price": 0.06, "size": 808.0}]}
{"t": 1776976183.318472, "events": [{"op": "set", "side": "bid", "price": 0.06, "size": 784.0}]}
{"t": 1776976184.330831, "events": [{"op": "set", "side": "bid", "price": 0.06, "size": 808.0}]}
{"t": 1776976188.349905, "events": [{"op": "set", "side": "bid", "price": 0.06, "size": 784.0}]}
{"t": 1776976189.36215, "events": [{"op": "set", "side": "bid", "price": 0.06, "size": 808.0}]}
{"t": 1776976193.395335, "events": [{"op": "set", "side": "bid", "price": 0.06, "size": 784.0}]}
{"t": 1776976194.405488, "events": [{"op": "set", "side": "bid", "price": 0.06, "size": 808.0}]}
{"t": 1776976197.420757, "events": [{"op": "set", "side": "ask", "price": 0.9, "size": 3221.99}, {"op": "set", "side": "ask", "price": 0.91, "size": 637.0}]}
{"t": 1776976198.435571, "events": [{"op": "set", "side": "bid", "price": 0.07, "size": 711.0}, {"op": "set", "side": "ask", "price": 0.79, "size": 189.0}, {"op": "set", "side": "ask", "price": 0.82, "size": 456.56}]}
{"t": 1776976203.4636748, "events": [{"op": "set", "side": "bid", "price": 0.06, "size": 784.0}]}
{"t": 1776976204.476952, "events": [{"op": "set", "side": "bid", "price": 0.06, "size": 24.0}, {"op": "set", "side": "bid", "price": 0.07, "size": 215.0}, {"op": "set", "side": "ask", "price": 0.79, "size": 102.0}, {"op": "set", "side": "ask", "price": 0.82, "size": 202.56}, {"op": "set", "side": "ask", "price": 0.9, "size": 2580.99}, {"op": "set", "side": "ask", "price": 0.91, "size": 198.0}]}
{"t": 1776976207.508864, "events": [{"op": "set", "side": "bid", "price": 0.07, "size": 1215.0}, {"op": "set", "side": "ask", "price": 0.9, "size": 3104.99}, {"op": "set", "side": "ask", "price": 0.91, "size": 674.0}]}
{"t": 1776976208.525941, "events": [{"op": "delete", "side": "bid", "price": 0.06}]}
{"t": 1776976209.539958, "events": [{"op": "set", "side": "bid", "price": 0.06, "size": 24.0}]}
{"t": 1776976215.5757089, "events": [{"op": "set", "side": "bid", "price": 0.06, "size": 1500.0}, {"op": "set", "side": "bid", "price": 0.07, "size": 739.0}, {"op": "set", "side": "ask", "price": 0.9, "size": 3050.99}, {"op": "set", "side": "ask", "price": 0.91, "size": 1293.0}]}
{"t": 1776976217.597552, "events": [{"op": "set", "side": "ask", "price": 0.91, "size": 674.0}]}
{"t": 1776976218.6080482, "events": [{"op": "set", "side": "bid", "price": 0.06, "size": 785.0}, {"op": "set", "side": "bid", "price": 0.07, "size": 712.0}, {"op": "set", "side": "ask", "price": 0.82, "size": 376.56}, {"op": "set", "side": "ask", "price": 0.9, "size": 3236.99}, {"op": "set", "side": "ask", "price": 0.91, "size": 650.0}]}
{"t": 1776976219.616928, "events": [{"op": "set", "side": "bid", "price": 0.06, "size": 809.0}]}
{"t": 1776976222.6332319, "events": [{"op": "set", "side": "ask", "price": 0.79, "size": 189.0}, {"op": "set", "side": "ask", "price": 0.82, "size": 456.56}, {"op": "set", "side": "ask", "price": 0.9, "size": 3222.99}, {"op": "set", "side": "ask", "price": 0.91, "size": 638.0}]}
{"t": 1776976223.6436858, "events": [{"op": "set", "side": "ask", "price": 0.79, "size": 188.0}, {"op": "set", "side": "ask", "price": 0.82, "size": 452.56}, {"op": "set", "side": "ask", "price": 0.9, "size": 3219.99}, {"op": "set", "side": "ask", "price": 0.91, "size": 637.0}]}
{"t": 1776976238.714187, "events": [{"op": "set", "side": "bid", "price": 0.06, "size": 785.0}]}
{"t": 1776976239.7258828, "events": [{"op": "set", "side": "bid", "price": 0.06, "size": 809.0}]}
{"t": 1776976253.8076642, "events": [{"op": "set", "side": "bid", "price": 0.06, "size": 785.0}]}
{"t": 1776976254.822479, "events": [{"op": "set", "side": "bid", "price": 0.06, "size": 809.0}]}
{"t": 1776976255.835129, "events": [{"op": "set", "side": "bid", "price": 0.06, "size": 810.0}, {"op": "set", "side": "bid", "price": 0.07, "size": 713.0}, {"op": "set", "side": "ask", "price": 0.79, "size": 187.0}, {"op": "set", "side": "ask", "price": 0.82, "size": 450.56}, {"op": "set", "side": "ask", "price": 0.91, "size": 638.0}]}
{"t": 1776976259.875783, "events": [{"op": "set", "side": "ask", "price": 0.79, "size": 165.0}, {"op": "set", "side": "ask", "price": 0.82, "size": 386.56}, {"op": "set", "side": "ask", "price": 0.9, "size": 3170.99}, {"op": "set", "side": "ask", "price": 0.91, "size": 630.0}]}
{"t": 1776976276.0147579, "events": [{"op": "set", "side": "bid", "price": 0.06, "size": 809.0}, {"op": "set", "side": "ask", "price": 0.79, "size": 159.0}, {"op": "set", "side": "ask", "price": 0.82, "size": 368.56}, {"op": "set", "side": "ask", "price": 0.9, "size": 3157.99}, {"op": "set", "side": "ask", "price": 0.91, "size": 628.0}]}
{"t": 1776976277.039475, "events": [{"op": "set", "side": "bid", "price": 0.06, "size": 811.0}]}
{"t": 1776976281.087897, "events": [{"op": "set", "side": "ask", "price": 0.79, "size": 157.0}, {"op": "set", "side": "ask", "price": 0.82, "size": 363.56}, {"op": "set", "side": "ask", "price": 0.9, "size": 3153.99}]}
{"t": 1776976285.139929, "events": [{"op": "set", "side": "bid", "price": 0.06, "size": 24.0}, {"op": "set", "side": "bid", "price": 0.07, "size": 215.0}, {"op": "set", "side": "ask", "price": 0.79, "size": 102.0}, {"op": "set", "side": "ask", "price": 0.82, "size": 202.56}, {"op": "set", "side": "ask", "price": 0.9, "size": 2580.99}, {"op": "set", "side": "ask", "price": 0.91, "size": 198.0}]}
{"t": 1776976288.1785212, "events": [{"op": "set", "side": "bid", "price": 0.07, "size": 1215.0}, {"op": "set", "side": "ask", "price": 0.9, "size": 3104.99}, {"op": "set", "side": "ask", "price": 0.91, "size": 674.0}]}
{"t": 1776976289.1844962, "events": [{"op": "delete", "side": "bid", "price": 0.06}]}
{"t": 1776976290.196137, "events": [{"op": "set", "side": "bid", "price": 0.06, "size": 24.0}]}
{"t": 1776976301.276474, "events": [{"op": "set", "side": "bid", "price": 0.07, "size": 215.0}, {"op": "set", "side": "ask", "price": 0.9, "size": 2580.99}, {"op": "set", "side": "ask", "price": 0.91, "size": 198.0}]}
{"t": 1776976303.3065321, "events": [{"op": "delete", "side": "bid", "price": 0.06}]}
{"t": 1776976304.313708, "events": [{"op": "set", "side": "bid", "price": 0.07, "size": 1215.0}, {"op": "set", "side": "bid", "price": 0.06, "size": 24.0}, {"op": "set", "side": "ask", "price": 0.9, "size": 3104.99}, {"op": "set", "side": "ask", "price": 0.91, "size": 674.0}]}
{"t": 1776976307.3653572, "events": [{"op": "set", "side": "bid", "price": 0.06, "size": 1500.0}, {"op": "set", "side": "bid", "price": 0.07, "size": 739.0}, {"op": "set", "side": "ask", "price": 0.9, "size": 3055.99}, {"op": "set", "side": "ask", "price": 0.91, "size": 979.0}]}
{"t": 1776976308.374354, "events": [{"op": "set", "side": "bid", "price": 0.06, "size": 1476.0}, {"op": "set", "side": "ask", "price": 0.91, "size": 1297.0}]}
{"t": 1776976309.386129, "events": [{"op": "set", "side": "bid", "price": 0.06, "size": 1500.0}]}
{"t": 1776976313.409361, "events": [{"op": "set", "side": "bid", "price": 0.06, "size": 1476.0}]}
{"t": 1776976314.4200819, "events": [{"op": "set", "side": "bid", "price": 0.06, "size": 1500.0}]}
{"t": 1776976318.442741, "events": [{"op": "set", "side": "bid", "price": 0.06, "size": 1476.0}]}
{"t": 1776976319.457519, "events": [{"op": "set", "side": "bid", "price": 0.06, "size": 1500.0}]}
{"t": 1776976323.4797351, "events": [{"op": "set", "side": "bid", "price": 0.06, "size": 812.0}, {"op": "set", "side": "bid", "price": 0.07, "size": 714.0}, {"op": "set", "side": "ask", "price": 0.91, "size": 642.0}]}
{"t": 1776976324.50117, "events": [{"op": "set", "side": "ask", "price": 0.79, "size": 189.0}, {"op": "set", "side": "ask", "price": 0.82, "size": 456.56}, {"op": "set", "side": "ask", "price": 0.9, "size": 3226.99}]}
{"t": 1776976333.587355, "events": [{"op": "set", "side": "bid", "price": 0.06, "size": 788.0}, {"op": "set", "side": "bid", "price": 0.07, "size": 715.0}, {"op": "set", "side": "ask", "price": 0.79, "size": 166.0}, {"op": "set", "side": "ask", "price": 0.82, "size": 388.56}, {"op": "set", "side": "ask", "price": 0.9, "size": 3175.99}, {"op": "set", "side": "ask", "price": 0.91, "size": 633.0}]}
{"t": 1776976334.603316, "events": [{"op": "set", "side": "bid", "price": 0.06, "size": 812.0}]}
{"t": 1776976335.619046, "events": [{"op": "set", "side": "bid", "price": 0.06, "size": 24.0}, {"op": "set", "side": "bid", "price": 0.05, "size": 988.0}, {"op": "set", "side": "ask", "price": 0.79, "size": 160.0}, {"op": "set", "side": "ask", "price": 0.82, "size": 370.56}, {"op": "set", "side": "ask", "price": 0.9, "size": 3161.99}, {"op": "set", "side": "ask", "price": 0.91, "size": 631.0}]}
{"t": 1776976339.6474261, "events": [{"op": "delete", "side": "bid", "price": 0.06}, {"op": "set", "side": "bid", "price": 0.05, "size": 200.0}, {"op": "set", "side": "ask", "price": 0.79, "size": 158.0}, {"op": "set", "side": "ask", "price": 0.82, "size": 364.56}, {"op": "set", "side": "ask", "price": 0.9, "size": 3157.99}]}
{"t": 1776976340.6580539, "events": [{"op": "set", "side": "bid", "price": 0.07, "size": 215.0}, {"op": "set", "side": "bid", "price": 0.06, "size": 24.0}, {"op": "set", "side": "ask", "price": 0.79, "size": 102.0}, {"op": "set", "side": "ask", "price": 0.82, "size": 202.56}, {"op": "set", "side": "ask", "price": 0.9, "size": 2580.99}, {"op": "set", "side": "ask", "price": 0.91, "size": 198.0}]}
{"t": 1776976341.674314, "events": [{"op": "set", "side": "bid", "price": 0.06, "size": 812.0}]}
{"t": 1776976342.686982, "events": [{"op": "set", "side": "bid", "price": 0.06, "size": 24.0}]}
{"t": 1776976348.738213, "events": [{"op": "set", "side": "bid", "price": 0.07, "size": 1215.0}, {"op": "set", "side": "ask", "price": 0.9, "size": 3104.99}, {"op": "set", "side": "ask", "price": 0.91, "size": 674.0}]}
{"t": 1776976351.775647, "events": [{"op": "delete", "side": "bid", "price": 0.06}, {"op": "set", "side": "bid", "price": 0.07, "size": 215.0}, {"op": "set", "side": "ask", "price": 0.9, "size": 2580.99}, {"op": "set", "side": "ask", "price": 0.91, "size": 198.0}]}
{"t": 1776976352.80179, "events": [{"op": "set", "side": "bid", "price": 0.06, "size": 24.0}]}
{"t": 1776976355.830212, "events": [{"op": "delete", "side": "bid", "price": 0.06}]}
{"t": 1776976356.839608, "events": [{"op": "set", "side": "bid", "price": 0.07, "size": 1215.0}, {"op": "set", "side": "bid", "price": 0.06, "size": 24.0}, {"op": "set", "side": "ask", "price": 0.9, "size": 3104.99}, {"op": "set", "side": "ask", "price": 0.91, "size": 674.0}]}
{"t": 1776976359.87871, "events": [{"op": "set", "side": "bid", "price": 0.07, "size": 739.0}, {"op": "set", "side": "ask", "price": 0.9, "size": 3057.99}]}
{"t": 1776976360.895073, "events": [{"op": "set", "side": "bid", "price": 0.06, "size": 1476.0}, {"op": "set", "side": "ask", "price": 0.91, "size": 1300.0}]}
{"t": 1776976362.91397, "events": [{"op": "set", "side": "bid", "price": 0.06, "size": 1500.0}, {"op": "set", "side": "bid", "price": 0.07, "size": 716.0}, {"op": "set", "side": "ask", "price": 0.91, "size": 674.0}]}
{"t": 1776976363.930155, "events": [{"op": "set", "side": "bid", "price": 0.06, "size": 812.0}, {"op": "set", "side": "ask", "price": 0.79, "size": 189.0}, {"op": "set", "side": "ask", "price": 0.82, "size": 456.56}, {"op": "set", "side": "ask", "price": 0.9, "size": 3228.99}, {"op": "set", "side": "ask", "price": 0.91, "size": 643.0}]}
{"t": 1776976364.937811, "events": [{"op": "set", "side": "bid", "price": 0.06, "size": 788.0}]}
{"t": 1776976365.9445639, "events": [{"op": "set", "side": "bid", "price": 0.06, "size": 812.0}]}
{"t": 1776976370.9749482, "events": [{"op": "set", "side": "bid", "price": 0.06, "size": 788.0}]}
{"t": 1776976371.985274, "events": [{"op": "set", "side": "bid", "price": 0.06, "size": 812.0}]}
{"t": 1776976375.010626, "events": [{"op": "set", "side": "bid", "price": 0.06, "size": 788.0}]}
{"t": 1776976376.01981, "events": [{"op": "set", "side": "bid", "price": 0.06, "size": 812.0}]}
{"t": 1776976385.0620549, "events": [{"op": "set", "side": "bid", "price": 0.06, "size": 788.0}]}
{"t": 1776976386.068693, "events": [{"op": "set", "side": "bid", "price": 0.06, "size": 812.0}]}
{"t": 1776976390.085834, "events": [{"op": "set", "side": "bid", "price": 0.06, "size": 789.0}, {"op": "set", "side": "bid", "price": 0.07, "size": 717.0}, {"op": "set", "side": "ask", "price": 0.79, "size": 166.0}, {"op": "set", "side": "ask", "price": 0.82, "size": 389.56}, {"op": "set", "side": "ask", "price": 0.9, "size": 3178.99}, {"op": "set", "side": "ask", "price": 0.91, "size": 636.0}]}
{"t": 1776976391.098208, "events": [{"op": "set", "side": "bid", "price": 0.06, "size": 813.0}]}
{"t": 1776976394.119156, "events": [{"op": "set", "side": "ask", "price": 0.79, "size": 160.0}, {"op": "set", "side": "ask", "price": 0.82, "size": 371.56}, {"op": "set", "side": "ask", "price": 0.9, "size": 3164.99}, {"op": "set", "side": "ask", "price": 0.91, "size": 634.0}]}
{"t": 1776976395.125777, "events": [{"op": "set", "side": "bid", "price": 0.06, "size": 789.0}]}
{"t": 1776976396.130979, "events": [{"op": "set", "side": "bid", "price": 0.06, "size": 813.0}]}
{"t": 1776976400.151349, "events": [{"op": "set", "side": "bid", "price": 0.06, "size": 789.0}]}
{"t": 1776976401.163003, "events": [{"op": "set", "side": "bid", "price": 0.06, "size": 813.0}]}
{"t": 1776976405.183253, "events": [{"op": "set", "side": "bid", "price": 0.06, "size": 789.0}]}
{"t": 1776976406.18958, "events": [{"op": "set", "side": "bid", "price": 0.06, "size": 813.0}]}
{"t": 1776976415.243485, "events": [{"op": "set", "side": "bid", "price": 0.06, "size": 788.0}, {"op": "set", "side": "ask", "price": 0.79, "size": 158.0}, {"op": "set", "side": "ask", "price": 0.82, "size": 365.56}, {"op": "set", "side": "ask", "price": 0.9, "size": 3162.99}]}
{"t": 1776976416.25911, "events": [{"op": "set", "side": "bid", "price": 0.06, "size": 814.0}]}
{"t": 1776976420.296268, "events": [{"op": "set", "side": "bid", "price": 0.06, "size": 790.0}]}
{"t": 1776976421.30323, "events": [{"op": "set", "side": "bid", "price": 0.06, "size": 814.0}]}
{"t": 1776976423.3098712, "events": [{"op": "set", "side": "ask", "price": 0.82, "size": 364.56}, {"op": "set", "side": "ask", "price": 0.9, "size": 3161.99}]}
{"t": 1776976425.340163, "events": [{"op": "set", "side": "bid", "price": 0.06, "size": 24.0}, {"op": "set", "side": "bid", "price": 0.07, "size": 215.0}, {"op": "set", "side": "ask", "price": 0.79, "size": 102.0}, {"op": "set", "side": "ask", "price": 0.82, "size": 202.56}, {"op": "set", "side": "ask", "price": 0.9, "size": 2580.99}, {"op": "set", "side": "ask", "price": 0.91, "size": 198.0}]}
{"t": 1776976428.364198, "events": [{"op": "set", "side": "bid", "price": 0.07, "size": 1215.0}, {"op": "set", "side": "ask", "price": 0.9, "size": 3104.99}, {"op": "set", "side": "ask", "price": 0.91, "size": 674.0}]}
{"t": 1776976430.376935, "events": [{"op": "delete", "side": "bid", "price": 0.06}]}
{"t": 1776976431.391558, "events": [{"op": "set", "side": "bid", "price": 0.07, "size": 739.0}, {"op": "set", "side": "bid", "price": 0.06, "size": 1500.0}, {"op": "set", "side": "ask", "price": 0.9, "size": 3061.99}, {"op": "set", "side": "ask", "price": 0.91, "size": 1303.0}]}
{"t": 1776976435.41402, "events": [{"op": "set", "side": "bid", "price": 0.06, "size": 1476.0}]}
{"t": 1776976436.4190028, "events": [{"op": "set", "side": "bid", "price": 0.06, "size": 24.0}, {"op": "set", "side": "bid", "price": 0.07, "size": 718.0}, {"op": "set", "side": "ask", "price": 0.91, "size": 645.0}]}
{"t": 1776976437.425882, "events": [{"op": "set", "side": "bid", "price": 0.05, "size": 990.0}, {"op": "set", "side": "ask", "price": 0.79, "size": 189.0}, {"op": "set", "side": "ask", "price": 0.82, "size": 456.56}, {"op": "set", "side": "ask", "price": 0.9, "size": 3230.99}]}
{"t": 1776976438.4467258, "events": [{"op": "set", "side": "bid", "price": 0.05, "size": 200.0}, {"op": "set", "side": "ask", "price": 0.79, "size": 102.0}, {"op": "set", "side": "ask", "price": 0.82, "size": 202.56}, {"op": "set", "side": "ask", "price": 0.9, "size": 3061.99}]}
{"t": 1776976439.456811, "events": [{"op": "set", "side": "bid", "price": 0.06, "size": 1500.0}, {"op": "set", "side": "bid", "price": 0.07, "size": 739.0}, {"op": "set", "side": "ask", "price": 0.91, "size": 1303.0}]}
{"t": 1776976442.480271, "events": [{"op": "set", "side": "bid", "price": 0.06, "size": 814.0}, {"op": "set", "side": "bid", "price": 0.07, "size": 718.0}, {"op": "set", "side": "ask", "price": 0.79, "size": 189.0}, {"op": "set", "side": "ask", "price": 0.82, "size": 456.56}, {"op": "set", "side": "ask", "price": 0.9, "size": 3231.99}, {"op": "set", "side": "ask", "price": 0.91, "size": 646.0}]}
{"t": 1776976443.4918458, "events": [{"op": "set", "side": "ask", "price": 0.79, "size": 166.0}, {"op": "set", "side": "ask", "price": 0.82, "size": 389.56}, {"op": "set", "side": "ask", "price": 0.9, "size": 3181.99}, {"op": "set", "side": "ask", "price": 0.91, "size": 638.0}]}
{"t": 1776976450.5300539, "events": [{"op": "set", "side": "bid", "price": 0.06, "size": 790.0}]}
{"t": 1776976451.535392, "events": [{"op": "set", "side": "bid", "price": 0.06, "size": 24.0}]}
{"t": 1776976452.543754, "events": [{"op": "set", "side": "ask", "price": 0.79, "size": 160.0}, {"op": "set", "side": "ask", "price": 0.82, "size": 371.56}, {"op": "set", "side": "ask", "price": 0.9, "size": 3168.99}, {"op": "set", "side": "ask", "price": 0.91, "size": 637.0}]}
{"t": 1776976453.5542011, "events": [{"op": "set", "side": "bid", "price": 0.05, "size": 990.0}]}
{"t": 1776976454.565593, "events": [{"op": "set", "side": "bid", "price": 0.05, "size": 200.0}]}
{"t": 1776976455.5719721, "events": [{"op": "set", "side": "bid", "price": 0.06, "size": 815.0}, {"op": "set", "side": "ask", "price": 0.79, "size": 159.0}, {"op": "set", "side": "ask", "price": 0.82, "size": 367.56}, {"op": "set", "side": "ask", "price": 0.9, "size": 3165.99}, {"op": "set", "side": "ask", "price": 0.91, "size": 636.0}]}
{"t": 1776976459.62, "events": [{"op": "set", "side": "ask", "price": 0.79, "size": 158.0}, {"op": "set", "side": "ask", "price": 0.82, "size": 365.56}, {"op": "set", "side": "ask", "price": 0.9, "size": 3164.99}]}
{"t": 1776976465.66493, "events": [{"op": "set", "side": "bid", "price": 0.06, "size": 24.0}, {"op": "set", "side": "bid", "price": 0.07, "size": 215.0}, {"op": "set", "side": "ask", "price": 0.79, "size": 102.0}, {"op": "set", "side": "ask", "price": 0.82, "size": 202.56}, {"op": "set", "side": "ask", "price": 0.9, "size": 2580.99}, {"op": "set", "side": "ask", "price": 0.91, "size": 198.0}]}
{"t": 1776976467.6886039, "events": [{"op": "set", "side": "bid", "price": 0.07, "size": 1215.0}, {"op": "set", "side": "ask", "price": 0.9, "size": 3104.99}, {"op": "set", "side": "ask", "price": 0.91, "size": 674.0}]}
{"t": 1776976472.725442, "events": [{"op": "set", "side": "bid", "price": 0.06, "size": 1500.0}, {"op": "set", "side": "bid", "price": 0.07, "size": 739.0}, {"op": "set", "side": "ask", "price": 0.9, "size": 3063.99}, {"op": "set", "side": "ask", "price": 0.91, "size": 986.0}]}
{"t": 1776976473.738061, "events": [{"op": "set", "side": "ask", "price": 0.91, "size": 1304.0}]}
{"t": 1776976474.742902, "events": [{"op": "set", "side": "bid", "price": 0.06, "size": 1476.0}]}
{"t": 1776976475.752197, "events": [{"op": "set", "side": "bid", "price": 0.06, "size": 1500.0}]}
{"t": 1776976477.761339, "events": [{"op": "set", "side": "bid", "price": 0.06, "size": 24.0}, {"op": "set", "side": "bid", "price": 0.07, "size": 215.0}, {"op": "set", "side": "ask", "price": 0.9, "size": 2580.99}, {"op": "set", "side": "ask", "price": 0.91, "size": 198.0}]}
{"t": 1776976479.7830348, "events": [{"op": "delete", "side": "bid", "price": 0.06}]}
{"t": 1776976480.793513, "events": [{"op": "set", "side": "bid", "price": 0.07, "size": 1215.0}, {"op": "set", "side": "bid", "price": 0.06, "size": 24.0}, {"op": "set", "side": "ask", "price": 0.9, "size": 3104.99}, {"op": "set", "side": "ask", "price": 0.91, "size": 674.0}]}
{"t": 1776976484.820907, "events": [{"op": "set", "side": "bid", "price": 0.07, "size": 739.0}, {"op": "set", "side": "ask", "price": 0.9, "size": 3063.99}]}
{"t": 1776976485.858399, "events": [{"op": "set", "side": "bid", "price": 0.06, "size": 1500.0}, {"op": "set", "side": "ask", "price": 0.91, "size": 1305.0}]}
{"t": 1776976489.887844, "events": [{"op": "set", "side": "bid", "price": 0.06, "size": 1476.0}]}
{"t": 1776976490.901129, "events": [{"op": "set", "side": "bid", "price": 0.06, "size": 24.0}, {"op": "set", "side": "ask", "price": 0.91, "size": 674.0}]}
{"t": 1776976491.914994, "events": [{"op": "set", "side": "bid", "price": 0.07, "size": 719.0}, {"op": "set", "side": "bid", "price": 0.05, "size": 991.0}, {"op": "set", "side": "ask", "price": 0.79, "size": 189.0}, {"op": "set", "side": "ask", "price": 0.82, "size": 456.56}, {"op": "set", "side": "ask", "price": 0.9, "size": 3232.99}, {"op": "set", "side": "ask", "price": 0.91, "size": 647.0}]}
{"t": 1776976499.969461, "events": [{"op": "delete", "side": "bid", "price": 0.06}]}
{"t": 1776976500.976686, "events": [{"op": "set", "side": "bid", "price": 0.06, "size": 24.0}]}
{"t": 1776976504.995602, "events": [{"op": "delete", "side": "bid", "price": 0.06}, {"op": "set", "side": "bid", "price": 0.05, "size": 200.0}, {"op": "set", "side": "ask", "price": 0.79, "size": 102.0}, {"op": "set", "side": "ask", "price": 0.82, "size": 202.56}]}
{"t": 1776976506.004798, "events": [{"op": "set", "side": "bid", "price": 0.07, "size": 739.0}, {"op": "set", "side": "bid", "price": 0.06, "size": 1500.0}, {"op": "set", "side": "ask", "price": 0.9, "size": 3064.99}, {"op": "set", "side": "ask", "price": 0.91, "size": 1306.0}]}
{"t": 1776976510.0364318, "events": [{"op": "set", "side": "bid", "price": 0.06, "size": 1476.0}]}
{"t": 1776976511.044847, "events": [{"op": "set", "side": "bid", "price": 0.06, "size": 1500.0}]}
{"t": 1776976516.090231, "events": [{"op": "set", "side": "bid", "price": 0.01, "size": 2581.0}, {"op": "set", "side": "ask", "price": 0.51, "size": 3043.0}]}
{"t": 1776976520.122738, "events": [{"op": "set", "side": "bid", "price": 0.06, "size": 1476.0}]}
{"t": 1776976521.1357608, "events": [{"op": "set", "side": "bid", "price": 0.06, "size": 24.0}, {"op": "set", "side": "bid", "price": 0.07, "size": 719.0}, {"op": "set", "side": "ask", "price": 0.9, "size": 3063.99}, {"op": "set", "side": "ask", "price": 0.91, "size": 648.0}]}
{"t": 1776976522.1437619, "events": [{"op": "set", "side": "bid", "price": 0.05, "size": 992.0}, {"op": "set", "side": "ask", "price": 0.79, "size": 189.0}, {"op": "set", "side": "ask", "price": 0.82, "size": 456.56}, {"op": "set", "side": "ask", "price": 0.9, "size": 3233.99}]}
{"t": 1776976525.156095, "events": [{"op": "delete", "side": "bid", "price": 0.06}]}
{"t": 1776976526.162179, "events": [{"op": "set", "side": "bid", "price": 0.06, "size": 24.0}]}
{"t": 1776976535.199321, "events": [{"op": "delete", "side": "bid", "price": 0.06}]}
{"t": 1776976536.203557, "events": [{"op": "set", "side": "bid", "price": 0.07, "size": 215.0}, {"op": "set", "side": "bid", "price": 0.05, "size": 200.0}, {"op": "set", "side": "bid", "price": 0.06, "size": 24.0}, {"op": "set", "side": "ask", "price": 0.79, "size": 102.0}, {"op": "set", "side": "ask", "price": 0.82, "size": 202.56}, {"op": "set", "side": "ask", "price": 0.9, "size": 2580.99}, {"op": "set", "side": "ask", "price": 0.91, "size": 198.0}]}
{"t": 1776976537.216504, "events": [{"op": "set", "side": "bid", "price": 0.07, "size": 1215.0}, {"op": "set", "side": "ask", "price": 0.9, "size": 3104.99}, {"op": "set", "side": "ask", "price": 0.91, "size": 674.0}]}
{"t": 1776976540.237312, "events": [{"op": "delete", "side": "bid", "price": 0.06}]}
{"t": 1776976541.245595, "events": [{"op": "set", "side": "bid", "price": 0.07, "size": 739.0}, {"op": "set", "side": "bid", "price": 0.06, "size": 24.0}, {"op": "set", "side": "ask", "price": 0.9, "size": 3066.99}]}
{"t": 1776976544.27052, "events": [{"op": "set", "side": "bid", "price": 0.06, "size": 1500.0}, {"op": "set", "side": "ask", "price": 0.91, "size": 989.0}]}
{"t": 1776976545.305117, "events": [{"op": "set", "side": "bid", "price": 0.06, "size": 816.0}, {"op": "set", "side": "bid", "price": 0.07, "size": 720.0}, {"op": "set", "side": "ask", "price": 0.91, "size": 649.0}]}
{"t": 1776976546.315924, "events": [{"op": "set", "side": "ask", "price": 0.79, "size": 189.0}, {"op": "set", "side": "ask", "price": 0.82, "size": 456.56}, {"op": "set", "side": "ask", "price": 0.9, "size": 3234.99}]}
{"t": 1776976548.331649, "events": [{"op": "set", "side": "ask", "price": 0.82, "size": 390.56}]}
{"t": 1776976549.3694139, "events": [{"op": "set", "side": "ask", "price": 0.79, "size": 167.0}, {"op": "set", "side": "ask", "price": 0.9, "size": 3186.99}, {"op": "set", "side": "ask", "price": 0.91, "size": 643.0}]}
{"t": 1776976552.38733, "events": [{"op": "set", "side": "ask", "price": 0.79, "size": 161.0}, {"op": "set", "side": "ask", "price": 0.82, "size": 373.56}, {"op": "set", "side": "ask", "price": 0.9, "size": 3173.99}, {"op": "set", "side": "ask", "price": 0.91, "size": 641.0}]}
{"t": 1776976553.394047, "events": [{"op": "set", "side": "bid", "price": 0.06, "size": 817.0}]}
{"t": 1776976555.404792, "events": [{"op": "set", "side": "bid", "price": 0.06, "size": 793.0}]}
{"t": 1776976556.4166641, "events": [{"op": "set", "side": "bid", "price": 0.08, "size": 51.0}, {"op": "set", "side": "bid", "price": 0.06, "size": 817.0}]}
{"t": 1776976560.430049, "events": [{"op": "set", "side": "bid", "price": 0.06, "size": 792.0}, {"op": "set", "side": "ask", "price": 0.79, "size": 102.0}, {"op": "set", "side": "ask", "price": 0.82, "size": 202.56}, {"op": "set", "side": "ask", "price": 0.9, "size": 3026.99}]}
{"t": 1776976561.438821, "events": [{"op": "set", "side": "bid", "price": 0.06, "size": 850.0}, {"op": "set", "side": "bid", "price": 0.07, "size": 739.0}, {"op": "set", "side": "bid", "price": 0.05, "size": 851.0}, {"op": "set", "side": "ask", "price": 0.91, "size": 1271.0}]}
{"t": 1776976565.468847, "events": [{"op": "set", "side": "bid", "price": 0.06, "size": 774.0}, {"op": "set", "side": "bid", "price": 0.07, "size": 700.0}, {"op": "set", "side": "bid", "price": 0.05, "size": 200.0}, {"op": "set", "side": "ask", "price": 0.91, "size": 639.0}]}
{"t": 1776976566.4827142, "events": [{"op": "set", "side": "bid", "price": 0.06, "size": 798.0}, {"op": "set", "side": "ask", "price": 0.82, "size": 376.56}, {"op": "set", "side": "ask", "price": 0.9, "size": 3223.99}]}
{"t": 1776976569.49947, "events": [{"op": "set", "side": "bid", "price": 0.06, "size": 24.0}, {"op": "set", "side": "bid", "price": 0.07, "size": 215.0}, {"op": "set", "side": "ask", "price": 0.82, "size": 202.56}, {"op": "set", "side": "ask", "price": 0.9, "size": 2580.99}, {"op": "set", "side": "ask", "price": 0.91, "size": 198.0}]}
{"t": 1776976570.521151, "events": [{"op": "set", "side": "bid", "price": 0.06, "size": 23.0}]}
{"t": 1776976571.5276349, "events": [{"op": "set", "side": "bid", "price": 0.06, "size": 1499.0}, {"op": "set", "side": "bid", "price": 0.07, "size": 739.0}, {"op": "set", "side": "ask", "price": 0.9, "size": 3104.99}, {"op": "set", "side": "ask", "price": 0.91, "size": 1198.0}]}
{"t": 1776976572.538016, "events": [{"op": "set", "side": "ask", "price": 0.91, "size": 1674.0}]}
{"t": 1776976573.54511, "events": [{"op": "set", "side": "ask", "price": 0.91, "size": 1198.0}]}
{"t": 1776976574.550605, "events": [{"op": "set", "side": "ask", "price": 0.91, "size": 1674.0}]}
{"t": 1776976575.5694778, "events": [{"op": "set", "side": "bid", "price": 0.06, "size": 1476.0}]}
{"t": 1776976576.575867, "events": [{"op": "set", "side": "bid", "price": 0.06, "size": 1500.0}, {"op": "set", "side": "ask", "price": 0.91, "size": 1198.0}]}
{"t": 1776976578.5899022, "events": [{"op": "set", "side": "ask", "price": 0.91, "size": 1674.0}]}
{"t": 1776976579.598368, "events": [{"op": "set", "side": "ask", "price": 0.91, "size": 1198.0}]}
{"t": 1776976580.610691, "events": [{"op": "set", "side": "ask", "price": 0.91, "size": 1674.0}]}
{"t": 1776976582.626801, "events": [{"op": "set", "side": "ask", "price": 0.91, "size": 1198.0}]}
{"t": 1776976583.6361852, "events": [{"op": "set", "side": "ask", "price": 0.91, "size": 1674.0}]}
{"t": 1776976587.65838, "events": [{"op": "set", "side": "ask", "price": 0.91, "size": 1198.0}]}
{"t": 1776976588.667841, "events": [{"op": "delete", "side": "bid", "price": 0.08}, {"op": "set", "side": "ask", "price": 0.91, "size": 1674.0}]}
{"t": 1776976592.712306, "events": [{"op": "set", "side": "ask", "price": 0.91, "size": 1198.0}, {"op": "set", "side": "ask", "price": 0.92, "size": 476.0}]}
{"t": 1776976593.717815, "events": [{"op": "set", "side": "ask", "price": 0.91, "size": 1200.0}]}
{"t": 1776976595.7320058, "events": [{"op": "set", "side": "bid", "price": 0.06, "size": 1499.0}]}
{"t": 1776976602.766146, "events": [{"op": "set", "side": "bid", "price": 0.07, "size": 476.0}]}
{"t": 1776976605.780865, "events": [{"op": "delete", "side": "bid", "price": 0.07}, {"op": "set", "side": "bid", "price": 0.06, "size": 546.0}, {"op": "set", "side": "bid", "price": 0.05, "size": 1676.0}, {"op": "set", "side": "ask", "price": 0.9, "size": 2580.99}, {"op": "set", "side": "ask", "price": 0.91, "size": 449.0}, {"op": "set", "side": "ask", "price": 0.92, "size": 789.0}, {"op": "set", "side": "ask", "price": 0.93, "size": 318.0}]}
{"t": 1776976607.800011, "events": [{"op": "set", "side": "bid", "price": 0.06, "size": 371.0}, {"op": "set", "side": "bid", "price": 0.05, "size": 989.0}, {"op": "set", "side": "ask", "price": 0.9, "size": 3031.99}, {"op": "delete", "side": "ask", "price": 0.91}, {"op": "set", "side": "ask", "price": 0.92, "size": 791.0}]}
{"t": 1776976610.818959, "events": [{"op": "set", "side": "bid", "price": 0.06, "size": 349.0}, {"op": "set", "side": "bid", "price": 0.05, "size": 1012.0}, {"op": "set", "side": "ask", "price": 0.92, "size": 760.0}, {"op": "set", "side": "ask", "price": 0.91, "size": 37.0}]}
{"t": 1776976615.853365, "events": [{"op": "set", "side": "ask", "price": 0.91, "size": 16.0}, {"op": "set", "side": "ask", "price": 0.92, "size": 794.0}]}
{"t": 1776976617.867709, "events": [{"op": "set", "side": "bid", "price": 0.06, "size": 449.0}]}
{"t": 1776976619.87493, "events": [{"op": "set", "side": "bid", "price": 0.05, "size": 989.0}, {"op": "set", "side": "ask", "price": 0.92, "size": 760.0}]}
{"t": 1776976620.890514, "events": [{"op": "set", "side": "bid", "price": 0.05, "size": 1012.0}, {"op": "set", "side": "ask", "price": 0.92, "size": 794.0}]}
{"t": 1776976622.908661, "events": [{"op": "set", "side": "ask", "price": 0.9, "size": 3121.99}, {"op": "set", "side": "ask", "price": 0.87, "size": 90.0}]}
{"t": 1776976624.9222841, "events": [{"op": "set", "side": "bid", "price": 0.05, "size": 751.0}, {"op": "set", "side": "bid", "price": 0.04, "size": 624.0}, {"op": "set", "side": "ask", "price": 0.9, "size": 2844.99}, {"op": "set", "side": "ask", "price": 0.91, "size": 488.0}, {"op": "set", "side": "ask", "price": 0.92, "size": 669.0}]}
{"t": 1776976627.946018, "events": [{"op": "set", "side": "bid", "price": 0.06, "size": 100.0}, {"op": "set", "side": "bid", "price": 0.05, "size": 223.0}, {"op": "set", "side": "bid", "price": 0.04, "size": 100.0}, {"op": "set", "side": "ask", "price": 0.9, "size": 2670.99}, {"op": "set", "side": "ask", "price": 0.91, "size": 16.0}, {"op": "set", "side": "ask", "price": 0.92, "size": 34.0}, {"op": "delete", "side": "ask", "price": 0.93}]}
{"t": 1776976629.966581, "events": [{"op": "set", "side": "bid", "price": 0.05, "size": 200.0}, {"op": "set", "side": "bid", "price": 0.01, "size": 2533.0}, {"op": "delete", "side": "bid", "price": 0.02}]}
{"t": 1776976630.9735959, "events": [{"op": "set", "side": "bid", "price": 0.05, "size": 224.0}, {"op": "set", "side": "ask", "price": 0.91, "size": 52.0}, {"op": "delete", "side": "ask", "price": 0.92}]}
{"t": 1776976631.9891021, "events": [{"op": "set", "side": "bid", "price": 0.06, "size": 484.0}, {"op": "set", "side": "bid", "price": 0.05, "size": 907.0}, {"op": "set", "side": "ask", "price": 0.9, "size": 2844.99}, {"op": "set", "side": "ask", "price": 0.91, "size": 595.0}, {"op": "set", "side": "ask", "price": 0.92, "size": 350.0}]}
{"t": 1776976636.012798, "events": [{"op": "set", "side": "bid", "price": 0.01, "size": 2585.0}, {"op": "set", "side": "bid", "price": 0.02, "size": 54.0}, {"op": "set", "side": "ask", "price": 0.91, "size": 559.0}, {"op": "set", "side": "ask", "price": 0.92, "size": 382.0}]}
{"t": 1776976637.021386, "events": [{"op": "set", "side": "bid", "price": 0.06, "size": 449.0}, {"op": "set", "side": "bid", "price": 0.05, "size": 751.0}, {"op": "set", "side": "bid", "price": 0.04, "size": 624.0}, {"op": "set", "side": "ask", "price": 0.9, "size": 2827.99}, {"op": "set", "side": "ask", "price": 0.91, "size": 473.0}, {"op": "set", "side": "ask", "price": 0.92, "size": 580.0}, {"op": "set", "side": "ask", "price": 0.93, "size": 238.0}]}
{"t": 1776976640.0406752, "events": [{"op": "set", "side": "bid", "price": 0.05, "size": 727.0}, {"op": "set", "side": "ask", "price": 0.92, "size": 548.0}]}
{"t": 1776976641.045354, "events": [{"op": "set", "side": "bid", "price": 0.05, "size": 751.0}, {"op": "set", "side": "ask", "price": 0.92, "size": 582.0}]}
{"t": 1776976645.071788, "events": [{"op": "set", "side": "ask", "price": 0.92, "size": 548.0}]}
{"t": 1776976646.075077, "events": [{"op": "set", "side": "ask", "price": 0.92, "size": 582.0}]}
{"t": 1776976648.087174, "events": [{"op": "set", "side": "bid", "price": 0.06, "size": 443.0}, {"op": "set", "side": "bid", "price": 0.05, "size": 753.0}, {"op": "set", "side": "bid", "price": 0.04, "size": 627.0}, {"op": "set", "side": "ask", "price": 0.9, "size": 2841.99}, {"op": "set", "side": "ask", "price": 0.91, "size": 487.0}, {"op": "set", "side": "ask", "price": 0.92, "size": 669.0}, {"op": "set", "side": "ask", "price": 0.93, "size": 324.0}]}
{"t": 1776976650.106755, "events": [{"op": "set", "side": "bid", "price": 0.05, "size": 729.0}, {"op": "set", "side": "ask", "price": 0.92, "size": 635.0}]}
{"t": 1776976651.118593, "events": [{"op": "set", "side": "bid", "price": 0.05, "size": 752.0}, {"op": "set", "side": "ask", "price": 0.92, "size": 669.0}]}
{"t": 1776976655.139762, "events": [{"op": "set", "side": "bid", "price": 0.05, "size": 729.0}, {"op": "set", "side": "ask", "price": 0.92, "size": 635.0}]}
{"t": 1776976656.145735, "events": [{"op": "set", "side": "bid", "price": 0.05, "size": 752.0}, {"op": "set", "side": "ask", "price": 0.92, "size": 669.0}]}
{"t": 1776976661.1799512, "events": [{"op": "set", "side": "bid", "price": 0.05, "size": 729.0}, {"op": "set", "side": "ask", "price": 0.92, "size": 635.0}]}
{"t": 1776976662.1883461, "events": [{"op": "set", "side": "bid", "price": 0.05, "size": 752.0}, {"op": "set", "side": "ask", "price": 0.92, "size": 669.0}]}
{"t": 1776976665.228876, "events": [{"op": "set", "side": "bid", "price": 0.05, "size": 729.0}, {"op": "set", "side": "ask", "price": 0.92, "size": 635.0}]}
{"t": 1776976666.242671, "events": [{"op": "set", "side": "bid", "price": 0.05, "size": 752.0}, {"op": "set", "side": "ask", "price": 0.92, "size": 669.0}]}
{"t": 1776976670.27538, "events": [{"op": "set", "side": "bid", "price": 0.05, "size": 729.0}, {"op": "set", "side": "ask", "price": 0.92, "size": 635.0}]}
{"t": 1776976671.281625, "events": [{"op": "set", "side": "bid", "price": 0.05, "size": 752.0}, {"op": "set", "side": "ask", "price": 0.92, "size": 669.0}]}
{"t": 1776976675.3047261, "events": [{"op": "set", "side": "bid", "price": 0.05, "size": 729.0}, {"op": "set", "side": "ask", "price": 0.92, "size": 635.0}]}
{"t": 1776976676.313505, "events": [{"op": "set", "side": "bid", "price": 0.05, "size": 752.0}, {"op": "set", "side": "ask", "price": 0.92, "size": 669.0}]}
{"t": 1776976680.334271, "events": [{"op": "set", "side": "bid", "price": 0.05, "size": 729.0}, {"op": "set", "side": "ask", "price": 0.92, "size": 635.0}]}
{"t": 1776976681.3585122, "events": [{"op": "set", "side": "bid", "price": 0.05, "size": 752.0}, {"op": "set", "side": "ask", "price": 0.92, "size": 669.0}]}
{"t": 1776976688.379301, "events": [{"op": "set", "side": "bid", "price": 0.05, "size": 751.0}, {"op": "set", "side": "bid", "price": 0.04, "size": 626.0}, {"op": "set", "side": "ask", "price": 0.91, "size": 473.0}, {"op": "set", "side": "ask", "price": 0.92, "size": 384.0}]}
{"t": 1776976689.3868952, "events": [{"op": "set", "side": "ask", "price": 0.91, "size": 488.0}, {"op": "set", "side": "ask", "price": 0.92, "size": 670.0}]}
{"t": 1776976690.397115, "events": [{"op": "set", "side": "bid", "price": 0.05, "size": 728.0}, {"op": "set", "side": "ask", "price": 0.92, "size": 636.0}]}
{"t": 1776976691.417778, "events": [{"op": "set", "side": "bid", "price": 0.05, "size": 751.0}, {"op": "set", "side": "ask", "price": 0.92, "size": 670.0}]}
{"t": 1776976694.6291242, "events": [{"op": "set", "side": "bid", "price": 0.06, "size": 100.0}, {"op": "set", "side": "bid", "price": 0.05, "size": 223.0}, {"op": "set", "side": "bid", "price": 0.04, "size": 100.0}, {"op": "set", "side": "ask", "price": 0.9, "size": 2670.99}, {"op": "set", "side": "ask", "price": 0.91, "size": 16.0}, {"op": "set", "side": "ask", "price": 0.92, "size": 34.0}, {"op": "delete", "side": "ask", "price": 0.93}]}
{"t": 1776976695.801642, "events": [{"op": "set", "side": "bid", "price": 0.05, "size": 200.0}, {"op": "set", "side": "bid", "price": 0.01, "size": 2533.0}, {"op": "delete", "side": "bid", "price": 0.02}, {"op": "set", "side": "ask", "price": 0.91, "size": 53.0}, {"op": "delete", "side": "ask", "price": 0.92}]}
{"t": 1776976696.810546, "events": [{"op": "set", "side": "bid", "price": 0.05, "size": 224.0}]}
{"t": 1776976698.8431628, "events": [{"op": "set", "side": "bid", "price": 0.06, "size": 474.0}, {"op": "set", "side": "bid", "price": 0.05, "size": 912.0}, {"op": "set", "side": "ask", "price": 0.9, "size": 2841.99}, {"op": "set", "side": "ask", "price": 0.91, "size": 589.0}, {"op": "set", "side": "ask", "price": 0.92, "size": 355.0}]}
{"t": 1776976702.870096, "events": [{"op": "set", "side": "bid", "price": 0.05, "size": 888.0}, {"op": "set", "side": "bid", "price": 0.01, "size": 2583.0}, {"op": "set", "side": "bid", "price": 0.02, "size": 49.0}, {"op": "set", "side": "ask", "price": 0.91, "size": 552.0}]}
{"t": 1776976703.879584, "events": [{"op": "set", "side": "bid", "price": 0.06, "size": 443.0}, {"op": "set", "side": "bid", "price": 0.05, "size": 751.0}, {"op": "set", "side": "bid", "price": 0.04, "size": 625.0}, {"op": "set", "side": "ask", "price": 0.87, "size": 176.0}, {"op": "set", "side": "ask", "price": 0.9, "size": 2922.99}, {"op": "set", "side": "ask", "price": 0.91, "size": 505.0}, {"op": "set", "side": "ask", "price": 0.92, "size": 341.0}]}
{"t": 1776976721.023626, "events": [{"op": "set", "side": "bid", "price": 0.06, "size": 427.0}, {"op": "set", "side": "bid", "price": 0.05, "size": 705.0}, {"op": "set", "side": "bid", "price": 0.04, "size": 429.0}, {"op": "set", "side": "ask", "price": 0.87, "size": 161.0}, {"op": "set", "side": "ask", "price": 0.9, "size": 2903.99}, {"op": "set", "side": "ask", "price": 0.91, "size": 492.0}, {"op": "set", "side": "ask", "price": 0.92, "size": 334.0}]}
{"t": 1776976725.0786262, "events": [{"op": "set", "side": "bid", "price": 0.05, "size": 681.0}]}
{"t": 1776976728.131846, "events": [{"op": "set", "side": "bid", "price": 0.05, "size": 705.0}]}
{"t": 1776976729.136172, "events": [{"op": "set", "side": "ask", "price": 0.87, "size": 157.0}, {"op": "set", "side": "ask", "price": 0.9, "size": 2898.99}, {"op": "set", "side": "ask", "price": 0.91, "size": 489.0}, {"op": "set", "side": "ask", "price": 0.92, "size": 332.0}]}
{"t": 1776976732.18078, "events": [{"op": "set", "side": "bid", "price": 0.05, "size": 681.0}]}
{"t": 1776976736.203402, "events": [{"op": "set", "side": "bid", "price": 0.05, "size": 705.0}]}
{"t": 1776976738.2212422, "events": [{"op": "set", "side": "ask", "price": 0.87, "size": 156.0}, {"op": "set", "side": "ask", "price": 0.9, "size": 2896.99}, {"op": "set", "side": "ask", "price": 0.91, "size": 488.0}]}
{"t": 1776976740.2347279, "events": [{"op": "set", "side": "ask", "price": 0.87, "size": 155.0}]}
{"t": 1776976746.492167, "events": [{"op": "set", "side": "bid", "price": 0.05, "size": 681.0}]}
{"t": 1776976752.540415, "events": [{"op": "set", "side": "bid", "price": 0.06, "size": 428.0}, {"op": "set", "side": "bid", "price": 0.05, "size": 705.0}]}
{"t": 1776976755.570341, "events": [{"op": "set", "side": "bid", "price": 0.05, "size": 681.0}]}
{"t": 1776976756.580106, "events": [{"op": "set", "side": "bid", "price": 0.05, "size": 705.0}]}
{"t": 1776976765.655814, "events": [{"op": "set", "side": "bid", "price": 0.05, "size": 681.0}]}
{"t": 1776976766.6620412, "events": [{"op": "set", "side": "bid", "price": 0.05, "size": 705.0}]}
{"t": 1776976770.703775, "events": [{"op": "set", "side": "bid", "price": 0.05, "size": 681.0}, {"op": "set", "side": "ask", "price": 0.91, "size": 489.0}, {"op": "set", "side": "ask", "price": 0.92, "size": 333.0}]}
{"t": 1776976771.725236, "events": [{"op": "set", "side": "bid", "price": 0.05, "size": 705.0}]}
{"t": 1776976775.7824068, "events": [{"op": "set", "side": "bid", "price": 0.02, "size": 99.0}, {"op": "set", "side": "ask", "price": 0.91, "size": 539.0}]}
{"t": 1776976780.8084228, "events": [{"op": "set", "side": "bid", "price": 0.05, "size": 681.0}]}
{"t": 1776976781.81758, "events": [{"op": "set", "side": "bid", "price": 0.05, "size": 705.0}]}
{"t": 1776976785.8373, "events": [{"op": "set", "side": "bid", "price": 0.05, "size": 681.0}]}
{"t": 1776976786.846972, "events": [{"op": "set", "side": "bid", "price": 0.05, "size": 705.0}]}
{"t": 1776976788.865946, "events": [{"op": "set", "side": "ask", "price": 0.91, "size": 538.0}]}
{"t": 1776976789.882459, "events": [{"op": "set", "side": "bid", "price": 0.05, "size": 706.0}, {"op": "set", "side": "ask", "price": 0.91, "size": 540.0}]}
{"t": 1776976790.891396, "events": [{"op": "set", "side": "bid", "price": 0.05, "size": 682.0}]}
{"t": 1776976791.9012082, "events": [{"op": "set", "side": "bid", "price": 0.05, "size": 706.0}]}
{"t": 1776976792.913603, "events": [{"op": "set", "side": "ask", "price": 0.9, "size": 2841.99}]}
{"t": 1776976793.92892, "events": [{"op": "set", "side": "ask", "price": 0.87, "size": 156.0}, {"op": "set", "side": "ask", "price": 0.9, "size": 2897.99}]}
{"t": 1776976798.966105, "events": [{"op": "set", "side": "bid", "price": 0.06, "size": 100.0}, {"op": "set", "side": "bid", "price": 0.05, "size": 224.0}, {"op": "set", "side": "bid", "price": 0.04, "size": 100.0}, {"op": "set", "side": "ask", "price": 0.87, "size": 90.0}, {"op": "set", "side": "ask", "price": 0.9, "size": 2670.99}, {"op": "set", "side": "ask", "price": 0.91, "size": 66.0}, {"op": "set", "side": "ask", "price": 0.92, "size": 32.0}]}
{"t": 1776976802.004491, "events": [{"op": "set", "side": "bid", "price": 0.01, "size": 2533.0}, {"op": "set", "side": "bid", "price": 0.02, "size": 50.0}]}
{"t": 1776976803.02252, "events": [{"op": "set", "side": "bid", "price": 0.06, "size": 443.0}, {"op": "set", "side": "bid", "price": 0.05, "size": 992.0}, {"op": "set", "side": "ask", "price": 0.9, "size": 2841.99}, {"op": "set", "side": "ask", "price": 0.91, "size": 571.0}, {"op": "set", "side": "ask", "price": 0.92, "size": 873.0}, {"op": "set", "side": "ask", "price": 0.93, "size": 486.0}]}
{"t": 1776976806.063827, "events": [{"op": "set", "side": "bid", "price": 0.05, "size": 724.0}, {"op": "set", "side": "bid", "price": 0.01, "size": 2583.0}, {"op": "set", "side": "bid", "price": 0.02, "size": 95.0}, {"op": "set", "side": "ask", "price": 0.91, "size": 542.0}, {"op": "set", "side": "ask", "price": 0.92, "size": 640.0}, {"op": "set", "side": "ask", "price": 0.93, "size": 324.0}]}
{"t": 1776976807.082735, "events": [{"op": "set", "side": "bid", "price": 0.05, "size": 747.0}, {"op": "set", "side": "ask", "price": 0.92, "size": 674.0}]}
{"t": 1776976808.091316, "events": [{"op": "set", "side": "bid", "price": 0.04, "size": 622.0}]}
{"t": 1776976811.119054, "events": [{"op": "set", "side": "bid", "price": 0.05, "size": 724.0}, {"op": "set", "side": "ask", "price": 0.92, "size": 640.0}]}
{"t": 1776976812.1601799, "events": [{"op": "set", "side": "bid", "price": 0.05, "size": 747.0}, {"op": "set", "side": "ask", "price": 0.92, "size": 674.0}, {"op": "delete", "side": "ask", "price": 0.93}]}
{"t": 1776976813.173311, "events": [{"op": "set", "side": "ask", "price": 0.92, "size": 345.0}]}
{"t": 1776976814.181136, "events": [{"op": "set", "side": "ask", "price": 0.87, "size": 176.0}, {"op": "set", "side": "ask", "price": 0.9, "size": 2922.99}, {"op": "set", "side": "ask", "price": 0.91, "size": 556.0}]}
{"t": 1776976816.192041, "events": [{"op": "set", "side": "bid", "price": 0.06, "size": 429.0}, {"op": "set", "side": "bid", "price": 0.05, "size": 705.0}, {"op": "set", "side": "bid", "price": 0.04, "size": 429.0}, {"op": "set", "side": "ask", "price": 0.87, "size": 161.0}, {"op": "set", "side": "ask", "price": 0.9, "size": 2904.99}, {"op": "set", "side": "ask", "price": 0.91, "size": 545.0}, {"op": "set", "side": "ask", "price": 0.92, "size": 338.0}]}
{"t": 1776976817.207639, "events": [{"op": "set", "side": "bid", "price": 0.05, "size": 682.0}, {"op": "set", "side": "bid", "price": 0.02, "size": 111.0}]}
{"t": 1776976818.228111, "events": [{"op": "set", "side": "bid", "price": 0.05, "size": 706.0}]}
{"t": 1776976820.246989, "events": [{"op": "set", "side": "ask", "price": 0.91, "size": 542.0}]}
{"t": 1776976821.2622788, "events": [{"op": "set", "side": "ask", "price": 0.87, "size": 157.0}, {"op": "set", "side": "ask", "price": 0.9, "size": 2899.99}, {"op": "set", "side": "ask", "price": 0.92, "size": 337.0}]}
{"t": 1776976823.281095, "events": [{"op": "set", "side": "bid", "price": 0.06, "size": 100.0}, {"op": "set", "side": "bid", "price": 0.05, "size": 224.0}, {"op": "set", "side": "bid", "price": 0.04, "size": 100.0}, {"op": "set", "side": "bid", "price": 0.02, "size": 95.0}, {"op": "set", "side": "ask", "price": 0.87, "size": 90.0}, {"op": "set", "side": "ask", "price": 0.9, "size": 2670.99}, {"op": "set", "side": "ask", "price": 0.91, "size": 66.0}, {"op": "set", "side": "ask", "price": 0.92, "size": 34.0}]}
{"t": 1776976826.322222, "events": [{"op": "set", "side": "bid", "price": 0.06, "size": 443.0}, {"op": "set", "side": "bid", "price": 0.05, "size": 989.0}, {"op": "set", "side": "bid", "price": 0.01, "size": 2533.0}, {"op": "set", "side": "bid", "price": 0.02, "size": 50.0}, {"op": "set", "side": "ask", "price": 0.9, "size": 2841.99}, {"op": "set", "side": "ask", "price": 0.91, "size": 571.0}, {"op": "set", "side": "ask", "price": 0.92, "size": 838.0}, {"op": "set", "side": "ask", "price": 0.93, "size": 486.0}]}
{"t": 1776976827.333923, "events": [{"op": "set", "side": "ask", "price": 0.92, "size": 873.0}]}
{"t": 1776976830.3663218, "events": [{"op": "set", "side": "bid", "price": 0.05, "size": 747.0}, {"op": "set", "side": "bid", "price": 0.01, "size": 2591.0}, {"op": "set", "side": "bid", "price": 0.02, "size": 114.0}, {"op": "set", "side": "ask", "price": 0.91, "size": 543.0}, {"op": "set", "side": "ask", "price": 0.92, "size": 676.0}, {"op": "set", "side": "ask", "price": 0.93, "size": 324.0}]}
{"t": 1776976831.380969, "events": [{"op": "set", "side": "bid", "price": 0.05, "size": 746.0}, {"op": "set", "side": "bid", "price": 0.04, "size": 621.0}, {"op": "set", "side": "ask", "price": 0.92, "size": 675.0}]}
{"t": 1776976832.395662, "events": [{"op": "set", "side": "bid", "price": 0.02, "size": 98.0}, {"op": "set", "side": "ask", "price": 0.91, "size": 527.0}]}
{"t": 1776976836.4244428, "events": [{"op": "set", "side": "bid", "price": 0.05, "size": 723.0}, {"op": "set", "side": "ask", "price": 0.92, "size": 641.0}]}
{"t": 1776976837.434342, "events": [{"op": "set", "side": "bid", "price": 0.05, "size": 746.0}, {"op": "set", "side": "ask", "price": 0.92, "size": 675.0}]}
{"t": 1776976846.5011148, "events": [{"op": "set", "side": "ask", "price": 0.92, "size": 641.0}]}
{"t": 1776976847.510041, "events": [{"op": "set", "side": "ask", "price": 0.92, "size": 675.0}]}
{"t": 1776976857.581012, "events": [{"op": "set", "side": "bid", "price": 0.05, "size": 745.0}, {"op": "set", "side": "bid", "price": 0.04, "size": 620.0}, {"op": "set", "side": "ask", "price": 0.91, "size": 528.0}, {"op": "set", "side": "ask", "price": 0.92, "size": 676.0}]}
{"t": 1776976873.730138, "events": [{"op": "set", "side": "bid", "price": 0.06, "size": 100.0}, {"op": "set", "side": "bid", "price": 0.05, "size": 223.0}, {"op": "set", "side": "bid", "price": 0.04, "size": 100.0}, {"op": "delete", "side": "bid", "price": 0.02}, {"op": "set", "side": "ask", "price": 0.9, "size": 2670.99}, {"op": "set", "side": "ask", "price": 0.91, "size": 50.0}, {"op": "set", "side": "ask", "price": 0.92, "size": 34.0}, {"op": "delete", "side": "ask", "price": 0.93}]}
{"t": 1776976876.771445, "events": [{"op": "set", "side": "bid", "price": 0.06, "size": 469.0}, {"op": "set", "side": "bid", "price": 0.05, "size": 906.0}, {"op": "set", "side": "bid", "price": 0.01, "size": 2533.0}, {"op": "set", "side": "ask", "price": 0.9, "size": 2841.99}, {"op": "set", "side": "ask", "price": 0.91, "size": 581.0}, {"op": "set", "side": "ask", "price": 0.92, "size": 383.0}]}
{"t": 1776976880.821571, "events": [{"op": "set", "side": "bid", "price": 0.06, "size": 443.0}, {"op": "set", "side": "bid", "price": 0.05, "size": 746.0}, {"op": "set", "side": "bid", "price": 0.01, "size": 2593.0}, {"op": "set", "side": "bid", "price": 0.02, "size": 100.0}, {"op": "set", "side": "ask", "price": 0.9, "size": 2828.99}, {"op": "set", "side": "ask", "price": 0.91, "size": 516.0}]}
{"t": 1776976881.847991, "events": [{"op": "set", "side": "bid", "price": 0.05, "size": 745.0}, {"op": "set", "side": "bid", "price": 0.04, "size": 620.0}, {"op": "set", "side": "ask", "price": 0.92, "size": 590.0}, {"op": "set", "side": "ask", "price": 0.93, "size": 243.0}]}
{"t": 1776976885.872129, "events": [{"op": "set", "side": "ask", "price": 0.92, "size": 383.0}]}
{"t": 1776976886.884876, "events": [{"op": "set", "side": "ask", "price": 0.9, "size": 2841.99}, {"op": "set", "side": "ask", "price": 0.91, "size": 528.0}, {"op": "set", "side": "ask", "price": 0.92, "size": 676.0}, {"op": "set", "side": "ask", "price": 0.93, "size": 324.0}]}
{"t": 1776976889.923457, "events": [{"op": "set", "side": "bid", "price": 0.05, "size": 744.0}, {"op": "set", "side": "bid", "price": 0.04, "size": 619.0}, {"op": "set", "side": "ask", "price": 0.91, "size": 516.0}, {"op": "set", "side": "ask", "price": 0.92, "size": 383.0}]}
{"t": 1776976890.94024, "events": [{"op": "set", "side": "ask", "price": 0.91, "size": 529.0}, {"op": "set", "side": "ask", "price": 0.92, "size": 677.0}]}
{"t": 1776976897.036383, "events": [{"op": "set", "side": "bid", "price": 0.05, "size": 721.0}, {"op": "set", "side": "ask", "price": 0.92, "size": 643.0}]}
{"t": 1776976899.057378, "events": [{"op": "set", "side": "bid", "price": 0.05, "size": 744.0}, {"op": "set", "side": "ask", "price": 0.92, "size": 677.0}]}
{"t": 1776976907.188873, "events": [{"op": "set", "side": "bid", "price": 0.05, "size": 721.0}, {"op": "set", "side": "ask", "price": 0.92, "size": 643.0}]}
{"t": 1776976908.196084, "events": [{"op": "set", "side": "bid", "price": 0.05, "size": 744.0}, {"op": "set", "side": "ask", "price": 0.92, "size": 677.0}]}
{"t": 1776976912.4020412, "events": [{"op": "set", "side": "bid", "price": 0.05, "size": 721.0}, {"op": "set", "side": "ask", "price": 0.92, "size": 643.0}]}
{"t": 1776976917.458861, "events": [{"op": "set", "side": "bid", "price": 0.05, "size": 744.0}, {"op": "set", "side": "ask", "price": 0.92, "size": 677.0}]}
{"t": 1776976922.498913, "events": [{"op": "set", "side": "bid", "price": 0.05, "size": 721.0}, {"op": "set", "side": "ask", "price": 0.92, "size": 643.0}]}
{"t": 1776976923.513997, "events": [{"op": "set", "side": "bid", "price": 0.05, "size": 744.0}, {"op": "set", "side": "ask", "price": 0.92, "size": 677.0}]}
{"t": 1776976926.536787, "events": [{"op": "set", "side": "bid", "price": 0.05, "size": 721.0}, {"op": "set", "side": "ask", "price": 0.92, "size": 643.0}]}
{"t": 1776976927.551632, "events": [{"op": "set", "side": "bid", "price": 0.05, "size": 744.0}]}
{"t": 1776976928.569657, "events": [{"op": "set", "side": "ask", "price": 0.92, "size": 677.0}]}
{"t": 1776976929.578751, "events": [{"op": "set", "side": "bid", "price": 0.05, "size": 743.0}, {"op": "set", "side": "bid", "price": 0.04, "size": 618.0}, {"op": "set", "side": "ask", "price": 0.91, "size": 516.0}, {"op": "set", "side": "ask", "price": 0.92, "size": 383.0}]}
{"t": 1776976930.605024, "events": [{"op": "set", "side": "ask", "price": 0.91, "size": 530.0}, {"op": "set", "side": "ask", "price": 0.92, "size": 678.0}]}
{"t": 1776976931.623748, "events": [{"op": "set", "side": "bid", "price": 0.05, "size": 720.0}, {"op": "set", "side": "ask", "price": 0.92, "size": 644.0}]}
{"t": 1776976932.637355, "events": [{"op": "set", "side": "bid", "price": 0.05, "size": 743.0}, {"op": "set", "side": "ask", "price": 0.92, "size": 678.0}]}
{"t": 1776976936.672655, "events": [{"op": "set", "side": "bid", "price": 0.05, "size": 720.0}, {"op": "set", "side": "ask", "price": 0.92, "size": 644.0}]}
{"t": 1776976938.691734, "events": [{"op": "set", "side": "bid", "price": 0.05, "size": 743.0}, {"op": "set", "side": "ask", "price": 0.87, "size": 176.0}, {"op": "set", "side": "ask", "price": 0.9, "size": 2922.99}, {"op": "set", "side": "ask", "price": 0.91, "size": 542.0}, {"op": "set", "side": "ask", "price": 0.92, "size": 347.0}, {"op": "delete", "side": "ask", "price": 0.93}]}
{"t": 1776976941.7294898, "events": [{"op": "set", "side": "bid", "price": 0.05, "size": 720.0}]}
{"t": 1776976942.738662, "events": [{"op": "set", "side": "bid", "price": 0.05, "size": 744.0}]}
{"t": 1776976943.753908, "events": [{"op": "set", "side": "bid", "price": 0.02, "size": 50.0}, {"op": "set", "side": "ask", "price": 0.91, "size": 492.0}]}
{"t": 1776976946.774417, "events": [{"op": "set", "side": "bid", "price": 0.05, "size": 720.0}]}
{"t": 1776976947.781201, "events": [{"op": "set", "side": "bid", "price": 0.05, "size": 744.0}]}
{"t": 1776976961.860786, "events": [{"op": "set", "side": "bid", "price": 0.05, "size": 720.0}]}
{"t": 1776976962.8689432, "events": [{"op": "set", "side": "bid", "price": 0.05, "size": 744.0}]}
{"t": 1776976966.893217, "events": [{"op": "set", "side": "bid", "price": 0.05, "size": 720.0}]}
{"t": 1776976967.899841, "events": [{"op": "set", "side": "bid", "price": 0.05, "size": 744.0}]}
{"t": 1776976970.939878, "events": [{"op": "set", "side": "bid", "price": 0.05, "size": 743.0}, {"op": "set", "side": "bid", "price": 0.04, "size": 617.0}, {"op": "set", "side": "ask", "price": 0.87, "size": 146.0}, {"op": "set", "side": "ask", "price": 0.9, "size": 3181.99}, {"op": "delete", "side": "ask", "price": 0.91}, {"op": "set", "side": "ask", "price": 0.92, "size": 601.0}, {"op": "set", "side": "ask", "price": 0.93, "size": 158.0}]}
{"t": 1776976971.962135, "events": [{"op": "set", "side": "bid", "price": 0.05, "size": 719.0}, {"op": "set", "side": "ask", "price": 0.91, "size": 37.0}]}
{"t": 1776976972.975918, "events": [{"op": "set", "side": "bid", "price": 0.05, "size": 742.0}]}
{"t": 1776976976.001222, "events": [{"op": "set", "side": "ask", "price": 0.87, "size": 90.0}, {"op": "delete", "side": "ask", "price": 0.93}]}
{"t": 1776976977.017309, "events": [{"op": "set", "side": "bid", "price": 0.05, "size": 719.0}, {"op": "set", "side": "ask", "price": 0.9, "size": 2841.99}, {"op": "set", "side": "ask", "price": 0.91, "size": 528.0}, {"op": "set", "side": "ask", "price": 0.92, "size": 347.0}]}
{"t": 1776976978.030357, "events": [{"op": "set", "side": "bid", "price": 0.05, "size": 743.0}, {"op": "set", "side": "ask", "price": 0.92, "size": 379.0}]}
{"t": 1776976979.055949, "events": [{"op": "set", "side": "ask", "price": 0.9, "size": 2828.99}, {"op": "delete", "side": "ask", "price": 0.91}, {"op": "set", "side": "ask", "price": 0.92, "size": 345.0}]}
{"t": 1776976980.067904, "events": [{"op": "set", "side": "ask", "price": 0.87, "size": 176.0}, {"op": "set", "side": "ask", "price": 0.9, "size": 3218.99}, {"op": "set", "side": "ask", "price": 0.92, "size": 731.0}, {"op": "set", "side": "ask", "price": 0.93, "size": 243.0}]}
{"t": 1776976982.084939, "events": [{"op": "set", "side": "bid", "price": 0.05, "size": 719.0}, {"op": "set", "side": "ask", "price": 0.92, "size": 699.0}, {"op": "set", "side": "ask", "price": 0.91, "size": 37.0}]}
{"t": 1776976983.09333, "events": [{"op": "set", "side": "bid", "price": 0.05, "size": 742.0}]}
{"t": 1776976987.12725, "events": [{"op": "set", "side": "bid", "price": 0.05, "size": 719.0}, {"op": "delete", "side": "ask", "price": 0.91}]}
{"t": 1776976988.13999, "events": [{"op": "set", "side": "bid", "price": 0.05, "size": 742.0}, {"op": "set", "side": "ask", "price": 0.91, "size": 37.0}]}
{"t": 1776976992.1589901, "events": [{"op": "set", "side": "bid", "price": 0.05, "size": 719.0}, {"op": "set", "side": "ask", "price": 0.87, "size": 90.0}, {"op": "set", "side": "ask", "price": 0.9, "size": 2841.99}, {"op": "set", "side": "ask", "price": 0.91, "size": 528.0}, {"op": "set", "side": "ask", "price": 0.92, "size": 346.0}, {"op": "delete", "side": "ask", "price": 0.93}]}
{"t": 1776976993.171943, "events": [{"op": "set", "side": "bid", "price": 0.05, "size": 743.0}, {"op": "set", "side": "ask", "price": 0.92, "size": 379.0}]}
{"t": 1776976997.2072861, "events": [{"op": "set", "side": "ask", "price": 0.87, "size": 176.0}, {"op": "set", "side": "ask", "price": 0.9, "size": 3219.99}, {"op": "delete", "side": "ask", "price": 0.91}, {"op": "set", "side": "ask", "price": 0.92, "size": 732.0}, {"op": "set", "side": "ask", "price": 0.93, "size": 243.0}]}
{"t": 1776976998.230459, "events": [{"op": "set", "side": "bid", "price": 0.05, "size": 719.0}]}
{"t": 1776976999.238602, "events": [{"op": "set", "side": "bid", "price": 0.05, "size": 742.0}, {"op": "set", "side": "ask", "price": 0.92, "size": 699.0}, {"op": "set", "side": "ask", "price": 0.91, "size": 37.0}]}
{"t": 1776977009.313969, "events": [{"op": "set", "side": "bid", "price": 0.05, "size": 741.0}, {"op": "set", "side": "bid", "price": 0.04, "size": 616.0}, {"op": "set", "side": "ask", "price": 0.87, "size": 90.0}, {"op": "set", "side": "ask", "price": 0.9, "size": 2841.99}, {"op": "set", "side": "ask", "price": 0.91, "size": 564.0}, {"op": "set", "side": "ask", "price": 0.92, "size": 346.0}, {"op": "delete", "side": "ask", "price": 0.93}]}
{"t": 1776977012.346987, "events": [{"op": "set", "side": "bid", "price": 0.05, "size": 718.0}, {"op": "set", "side": "ask", "price": 0.91, "size": 527.0}]}
{"t": 1776977013.4125519, "events": [{"op": "set", "side": "bid", "price": 0.05, "size": 742.0}, {"op": "set", "side": "ask", "price": 0.92, "size": 378.0}]}
{"t": 1776977017.440346, "events": [{"op": "set", "side": "bid", "price": 0.05, "size": 718.0}]}
{"t": 1776977019.458981, "events": [{"op": "set", "side": "bid", "price": 0.05, "size": 742.0}]}
{"t": 1776977022.481051, "events": [{"op": "set", "side": "ask", "price": 0.9, "size": 2828.99}, {"op": "delete", "side": "ask", "price": 0.91}, {"op": "set", "side": "ask", "price": 0.92, "size": 345.0}]}
{"t": 1776977023.497673, "events": [{"op": "set", "side": "ask", "price": 0.87, "size": 176.0}, {"op": "set", "side": "ask", "price": 0.9, "size": 3220.99}, {"op": "set", "side": "ask", "price": 0.92, "size": 701.0}, {"op": "set", "side": "ask", "price": 0.93, "size": 243.0}, {"op": "set", "side": "ask", "price": 0.91, "size": 37.0}]}
{"t": 1776977024.50718, "events": [{"op": "set", "side": "ask", "price": 0.87, "size": 90.0}, {"op": "delete", "side": "ask", "price": 0.93}]}
{"t": 1776977025.520211, "events": [{"op": "set", "side": "ask", "price": 0.9, "size": 2841.99}, {"op": "set", "side": "ask", "price": 0.91, "size": 564.0}, {"op": "set", "side": "ask", "price": 0.92, "size": 345.0}]}
{"t": 1776977027.54447, "events": [{"op": "set", "side": "bid", "price": 0.06, "size": 100.0}, {"op": "set", "side": "bid", "price": 0.05, "size": 200.0}, {"op": "set", "side": "bid", "price": 0.01, "size": 2533.0}, {"op": "set", "side": "bid", "price": 0.04, "size": 100.0}, {"op": "delete", "side": "bid", "price": 0.02}, {"op": "set", "side": "ask", "price": 0.9, "size": 2867.99}, {"op": "delete", "side": "ask", "price": 0.91}, {"op": "delete", "side": "ask", "price": 0.92}]}
{"t": 1776977028.556958, "events": [{"op": "set", "side": "bid", "price": 0.05, "size": 224.0}, {"op": "set", "side": "ask", "price": 0.91, "size": 37.0}]}
{"t": 1776977032.5981371, "events": [{"op": "set", "side": "bid", "price": 0.06, "size": 465.0}, {"op": "set", "side": "bid", "price": 0.05, "size": 878.0}, {"op": "set", "side": "ask", "price": 0.9, "size": 2841.99}, {"op": "set", "side": "ask", "price": 0.91, "size": 527.0}, {"op": "set", "side": "ask", "price": 0.92, "size": 345.0}]}
{"t": 1776977033.6091561, "events": [{"op": "set", "side": "bid", "price": 0.05, "size": 902.0}, {"op": "set", "side": "bid", "price": 0.01, "size": 2585.0}, {"op": "set", "side": "bid", "price": 0.02, "size": 54.0}, {"op": "set", "side": "ask", "price": 0.92, "size": 377.0}]}
{"t": 1776977036.641244, "events": [{"op": "set", "side": "bid", "price": 0.06, "size": 443.0}, {"op": "set", "side": "bid", "price": 0.05, "size": 742.0}, {"op": "delete", "side": "ask", "price": 0.91}]}
{"t": 1776977037.65825, "events": [{"op": "set", "side": "bid", "price": 0.05, "size": 741.0}, {"op": "set", "side": "bid", "price": 0.04, "size": 616.0}, {"op": "set", "side": "ask", "price": 0.87, "size": 176.0}, {"op": "set", "side": "ask", "price": 0.9, "size": 3221.99}, {"op": "set", "side": "ask", "price": 0.92, "size": 701.0}, {"op": "set", "side": "ask", "price": 0.93, "size": 243.0}, {"op": "set", "side": "ask", "price": 0.91, "size": 37.0}]}
{"t": 1776977052.744798, "events": [{"op": "set", "side": "bid", "price": 0.05, "size": 717.0}, {"op": "set", "side": "bid", "price": 0.04, "size": 615.0}, {"op": "set", "side": "ask", "price": 0.87, "size": 90.0}, {"op": "set", "side": "ask", "price": 0.9, "size": 2841.99}, {"op": "delete", "side": "ask", "price": 0.91}, {"op": "set", "side": "ask", "price": 0.92, "size": 345.0}, {"op": "delete", "side": "ask", "price": 0.93}]}
{"t": 1776977053.757576, "events": [{"op": "set", "side": "bid", "price": 0.05, "size": 741.0}, {"op": "set", "side": "ask", "price": 0.91, "size": 562.0}]}
{"t": 1776977057.7837021, "events": [{"op": "set", "side": "bid", "price": 0.06, "size": 432.0}, {"op": "set", "side": "bid", "price": 0.05, "size": 709.0}, {"op": "set", "side": "bid", "price": 0.04, "size": 429.0}, {"op": "set", "side": "ask", "price": 0.91, "size": 494.0}, {"op": "set", "side": "ask", "price": 0.92, "size": 314.0}]}
{"t": 1776977058.819532, "events": [{"op": "set", "side": "ask", "price": 0.87, "size": 176.0}, {"op": "set", "side": "ask", "price": 0.9, "size": 2922.99}, {"op": "set", "side": "ask", "price": 0.92, "size": 346.0}]}
{"t": 1776977075.923553, "events": [{"op": "set", "side": "ask", "price": 0.9, "size": 2841.99}, {"op": "delete", "side": "ask", "price": 0.91}]}
{"t": 1776977076.963868, "events": [{"op": "set", "side": "ask", "price": 0.87, "size": 146.0}]}
{"t": 1776977079.006007, "events": [{"op": "set", "side": "bid", "price": 0.06, "size": 443.0}, {"op": "set", "side": "bid", "price": 0.05, "size": 730.0}, {"op": "set", "side": "bid", "price": 0.04, "size": 605.0}, {"op": "set", "side": "ask", "price": 0.9, "size": 3187.99}, {"op": "set", "side": "ask", "price": 0.92, "size": 607.0}, {"op": "set", "side": "ask", "price": 0.93, "size": 159.0}, {"op": "set", "side": "ask", "price": 0.91, "size": 37.0}]}
{"t": 1776977088.161928, "events": [{"op": "set", "side": "bid", "price": 0.05, "size": 741.0}, {"op": "set", "side": "bid", "price": 0.04, "size": 615.0}, {"op": "set", "side": "ask", "price": 0.87, "size": 90.0}, {"op": "set", "side": "ask", "price": 0.9, "size": 2841.99}, {"op": "set", "side": "ask", "price": 0.91, "size": 561.0}, {"op": "set", "side": "ask", "price": 0.92, "size": 344.0}, {"op": "delete", "side": "ask", "price": 0.93}]}
{"t": 1776977092.223785, "events": [{"op": "set", "side": "bid", "price": 0.05, "size": 717.0}, {"op": "set", "side": "ask", "price": 0.91, "size": 525.0}]}
{"t": 1776977093.235487, "events": [{"op": "set", "side": "bid", "price": 0.05, "size": 741.0}, {"op": "set", "side": "ask", "price": 0.92, "size": 376.0}]}
{"t": 1776977094.2532868, "events": [{"op": "set", "side": "bid", "price": 0.06, "size": 432.0}, {"op": "set", "side": "bid", "price": 0.05, "size": 710.0}, {"op": "set", "side": "bid", "price": 0.04, "size": 429.0}, {"op": "set", "side": "ask", "price": 0.91, "size": 467.0}, {"op": "set", "side": "ask", "price": 0.92, "size": 32.0}]}
{"t": 1776977095.277729, "events": [{"op": "set", "side": "ask", "price": 0.87, "size": 261.0}, {"op": "set", "side": "ask", "price": 0.9, "size": 3325.99}]}
{"t": 1776977097.301329, "events": [{"op": "set", "side": "bid", "price": 0.05, "size": 686.0}]}
{"t": 1776977098.3066041, "events": [{"op": "set", "side": "bid", "price": 0.05, "size": 710.0}]}
{"t": 1776977102.3221838, "events": [{"op": "set", "side": "bid", "price": 0.05, "size": 686.0}]}
{"t": 1776977103.330272, "events": [{"op": "set", "side": "bid", "price": 0.05, "size": 710.0}]}
{"t": 1776977107.342998, "events": [{"op": "set", "side": "bid", "price": 0.05, "size": 686.0}]}
{"t": 1776977108.387475, "events": [{"op": "set", "side": "bid", "price": 0.05, "size": 710.0}]}
{"t": 1776977109.418417, "events": [{"op": "set", "side": "ask", "price": 0.87, "size": 90.0}, {"op": "set", "side": "ask", "price": 0.9, "size": 3184.99}]}
{"t": 1776977111.429607, "events": [{"op": "set", "side": "ask", "price": 0.91, "size": 1000.0}, {"op": "set", "side": "ask", "price": 0.92, "size": 518.0}]}
{"t": 1776977113.45841, "events": [{"op": "set", "side": "bid", "price": 0.05, "size": 709.0}, {"op": "delete", "side": "ask", "price": 0.91}]}
{"t": 1776977114.464504, "events": [{"op": "set", "side": "ask", "price": 0.9, "size": 3143.99}]}
{"t": 1776977115.483753, "events": [{"op": "set", "side": "bid", "price": 0.06, "size": 443.0}, {"op": "set", "side": "bid", "price": 0.05, "size": 730.0}, {"op": "set", "side": "bid", "price": 0.04, "size": 605.0}, {"op": "set", "side": "ask", "price": 0.92, "size": 791.0}, {"op": "set", "side": "ask", "price": 0.93, "size": 324.0}]}
{"t": 1776977116.493232, "events": [{"op": "set", "side": "ask", "price": 0.91, "size": 37.0}]}
{"t": 1776977117.496323, "events": [{"op": "set", "side": "bid", "price": 0.05, "size": 706.0}, {"op": "delete", "side": "ask", "price": 0.91}]}
{"t": 1776977118.500858, "events": [{"op": "set", "side": "bid", "price": 0.05, "size": 729.0}, {"op": "set", "side": "ask", "price": 0.91, "size": 37.0}]}
{"t": 1776977122.517152, "events": [{"op": "set", "side": "bid", "price": 0.05, "size": 706.0}, {"op": "delete", "side": "ask", "price": 0.91}]}
{"t": 1776977123.525151, "events": [{"op": "set", "side": "bid", "price": 0.05, "size": 729.0}, {"op": "set", "side": "ask", "price": 0.91, "size": 37.0}]}
{"t": 1776977127.5465631, "events": [{"op": "set", "side": "bid", "price": 0.05, "size": 706.0}, {"op": "delete", "side": "ask", "price": 0.91}]}
{"t": 1776977128.558957, "events": [{"op": "set", "side": "bid", "price": 0.05, "size": 729.0}, {"op": "set", "side": "ask", "price": 0.91, "size": 37.0}]}
{"t": 1776977130.577865, "events": [{"op": "set", "side": "bid", "price": 0.06, "size": 100.0}, {"op": "set", "side": "bid", "price": 0.05, "size": 223.0}, {"op": "set", "side": "bid", "price": 0.04, "size": 100.0}, {"op": "set", "side": "ask", "price": 0.9, "size": 2670.99}, {"op": "delete", "side": "ask", "price": 0.92}, {"op": "delete", "side": "ask", "price": 0.93}]}
{"t": 1776977132.614957, "events": [{"op": "set", "side": "bid", "price": 0.05, "size": 224.0}, {"op": "set", "side": "bid", "price": 0.01, "size": 2533.0}, {"op": "delete", "side": "bid", "price": 0.02}]}
{"t": 1776977137.645556, "events": [{"op": "set", "side": "bid", "price": 0.05, "size": 200.0}]}
{"t": 1776977138.660905, "events": [{"op": "set", "side": "bid", "price": 0.05, "size": 224.0}]}
{"t": 1776977142.697314, "events": [{"op": "set", "side": "bid", "price": 0.05, "size": 200.0}]}
{"t": 1776977143.710815, "events": [{"op": "set", "side": "bid", "price": 0.05, "size": 224.0}]}
{"t": 1776977162.883772, "events": [{"op": "set", "side": "bid", "price": 0.05, "size": 200.0}]}
{"t": 1776977163.902998, "events": [{"op": "set", "side": "bid", "price": 0.05, "size": 224.0}]}
{"t": 1776977172.967772, "events": [{"op": "set", "side": "bid", "price": 0.05, "size": 200.0}]}
{"t": 1776977173.988137, "events": [{"op": "set", "side": "bid", "price": 0.05, "size": 224.0}]}
{"t": 1776977178.0147588, "events": [{"op": "set", "side": "bid", "price": 0.05, "size": 200.0}]}
{"t": 1776977179.031447, "events": [{"op": "set", "side": "bid", "price": 0.05, "size": 224.0}]}
{"t": 1776977188.102825, "events": [{"op": "set", "side": "bid", "price": 0.05, "size": 200.0}]}
{"t": 1776977189.113677, "events": [{"op": "set", "side": "bid", "price": 0.05, "size": 224.0}]}
{"t": 1776977193.131026, "events": [{"op": "set", "side": "bid", "price": 0.05, "size": 200.0}]}
{"t": 1776977194.136759, "events": [{"op": "set", "side": "bid", "price": 0.05, "size": 224.0}]}
{"t": 1776977267.688226, "events": [{"op": "set", "side": "bid", "price": 0.05, "size": 200.0}]}
{"t": 1776977268.70748, "events": [{"op": "set", "side": "bid", "price": 0.05, "size": 224.0}]}
{"t": 1776977272.737962, "events": [{"op": "set", "side": "bid", "price": 0.05, "size": 200.0}]}
{"t": 1776977273.756143, "events": [{"op": "set", "side": "bid", "price": 0.05, "size": 224.0}]}
{"t": 1776977277.790047, "events": [{"op": "set", "side": "bid", "price": 0.05, "size": 200.0}]}
{"t": 1776977278.801497, "events": [{"op": "set", "side": "bid", "price": 0.05, "size": 224.0}]}
{"t": 1776977282.825737, "events": [{"op": "set", "side": "bid", "price": 0.05, "size": 200.0}]}
{"t": 1776977283.8374531, "events": [{"op": "set", "side": "bid", "price": 0.05, "size": 224.0}]}
{"t": 1776977287.8663838, "events": [{"op": "set", "side": "bid", "price": 0.05, "size": 200.0}]}
{"t": 1776977288.873503, "events": [{"op": "set", "side": "bid", "price": 0.05, "size": 224.0}]}
{"t": 1776977292.904264, "events": [{"op": "delete", "side": "ask", "price": 0.87}, {"op": "set", "side": "ask", "price": 0.9, "size": 2580.99}]}
{"t": 1776977293.908301, "events": [{"op": "set", "side": "ask", "price": 0.03, "size": 176.0}, {"op": "set", "side": "ask", "price": 0.48, "size": 90.0}]}
{"t": 1776977302.961094, "events": [{"op": "set", "side": "bid", "price": 0.05, "size": 200.0}]}
{"t": 1776977303.9781928, "events": [{"op": "set", "side": "bid", "price": 0.05, "size": 224.0}]}
{"t": 1776977308.005868, "events": [{"op": "set", "side": "bid", "price": 0.05, "size": 200.0}]}
{"t": 1776977309.012993, "events": [{"op": "set", "side": "bid", "price": 0.05, "size": 224.0}]}
{"t": 1776977313.034815, "events": [{"op": "set", "side": "bid", "price": 0.05, "size": 200.0}]}
{"t": 1776977314.045404, "events": [{"op": "set", "side": "bid", "price": 0.05, "size": 224.0}]}
{"t": 1776977318.0772748, "events": [{"op": "set", "side": "bid", "price": 0.05, "size": 200.0}]}
{"t": 1776977319.093371, "events": [{"op": "set", "side": "bid", "price": 0.05, "size": 224.0}]}
{"t": 1776977323.1296482, "events": [{"op": "set", "side": "bid", "price": 0.05, "size": 200.0}]}
{"t": 1776977324.143703, "events": [{"op": "set", "side": "bid", "price": 0.05, "size": 224.0}]}
{"t": 1776977332.199743, "events": [{"op": "set", "side": "ask", "price": 0.91, "size": 211.0}]}
{"t": 1776977333.203201, "events": [{"op": "set", "side": "bid", "price": 0.05, "size": 200.0}]}
{"t": 1776977334.2134001, "events": [{"op": "set", "side": "bid", "price": 0.05, "size": 224.0}]}
{"t": 1776977355.3246999, "events": [{"op": "delete", "side": "ask", "price": 0.48}, {"op": "set", "side": "ask", "price": 0.03, "size": 86.0}]}
{"t": 1776977356.3345, "events": [{"op": "set", "side": "ask", "price": 0.49, "size": 90.0}, {"op": "set", "side": "ask", "price": 0.04, "size": 90.0}]}
{"t":1776978858.741338,"e":[[1,0,0.05,200.0],[1,0,0.01,2533.0],[0,0,0.02]]}
{"t":1776978859.757362,"e":[[1,0,0.06,354.89],[1,0,0.05,794.0],[1,1,0.9,2708.99],[1,1,0.92,663.0],[1,1,0.93,365.0],[1,1,0.91,550.0]]}
{"t":1776978862.78689,"e":[[1,0,0.05,615.0],[1,0,0.01,2574.0],[1,0,0.04,491.0],[1,0,0.02,52.0],[1,1,0.92,516.0],[1,1,0.93,243.0],[1,1,0.91,530.0]]}
{"t":1776978863.79263,"e":[[1,1,0.92,481.0]]}
{"t":1776978864.8198452,"e":[[1,1,0.92,515.0]]}
{"t":1776978868.847336,"e":[[1,0,0.05,592.0],[1,1,0.92,481.0]]}
{"t":1776978869.856717,"e":[[1,0,0.06,97.88999999999999],[1,0,0.05,223.0],[1,0,0.04,100.0],[1,1,0.9,2580.99],[1,1,0.92,34.0],[0,1,0.93],[1,1,0.91,172.0]]}
{"t":1776978872.894586,"e":[[1,0,0.06,354.89],[1,0,0.05,793.0],[0,0,0.02],[1,1,0.9,2708.99],[1,1,0.92,662.0],[1,1,0.93,365.0],[1,1,0.91,550.0]]}
{"t":1776978873.903151,"e":[[1,0,0.02,53.0],[1,1,0.92,663.0]]}
{"t":1776978877.9296901,"e":[[1,1,0.93,355.0]]}
{"t":1776978878.933455,"e":[[1,0,0.05,770.0],[1,1,0.92,628.0]]}
{"t":1776978879.942566,"e":[[1,0,0.06,97.88999999999999],[1,0,0.05,793.0],[1,1,0.9,2580.99],[1,1,0.92,663.0]]}
{"t":1776978880.958843,"e":[[1,0,0.05,723.0],[1,0,0.04,677.0],[1,1,0.92,285.0],[1,1,0.93,500.0],[1,1,0.91,922.0]]}
{"t":1776978883.9935749,"e":[[1,0,0.05,700.0],[1,0,0.03,26.0],[1,1,0.92,250.0],[1,1,0.93,531.0]]}
{"t":1776978892.061598,"e":[[1,0,0.04,350.0],[0,1,0.92],[1,1,0.93,281.0],[1,1,0.91,422.0]]}
{"t":1776978893.067925,"e":[[1,1,0.92,36.0],[1,1,0.93,250.0]]}
{"t":1776978894.083298,"e":[[1,0,0.05,723.0],[0,0,0.03],[1,0,0.04,676.0],[1,1,0.9,2645.99],[1,1,0.92,165.0],[1,1,0.93,163.0],[1,1,0.91,724.0]]}
{"t":1776978901.116956,"e":[[1,1,0.91,422.0]]}
{"t":1776978902.12876,"e":[[1,0,0.04,675.0],[1,1,0.9,2649.99],[1,1,0.92,240.0],[1,1,0.93,273.0],[1,1,0.91,737.0]]}
{"t":1776978904.1533298,"e":[[1,0,0.05,700.0],[1,1,0.92,206.0]]}
{"t":1776978905.168921,"e":[[1,0,0.05,723.0],[1,1,0.9,2580.99],[1,1,0.92,166.0],[1,1,0.93,163.0],[1,1,0.91,422.0]]}
{"t":1776978906.199552,"e":[[1,1,0.92,285.0],[1,1,0.93,500.0],[1,1,0.91,922.0]]}
{"t":1776978909.223537,"e":[[1,0,0.05,223.0],[1,0,0.04,100.0],[0,0,0.02],[0,1,0.92],[1,1,0.93,30.0],[1,1,0.91,172.0]]}
{"t":1776978910.24915,"e":[[1,0,0.01,2533.0],[1,0,0.02,750.0],[1,1,0.93,405.0]]}
{"t":1776978911.2565901,"e":[[0,0,0.02],[1,1,0.93,280.0]]}
{"t":1776978914.3329191,"e":[[1,0,0.05,200.0],[1,0,0.02,27.0]]}
{"t":1776978915.3441558,"e":[[1,0,0.05,700.0],[1,0,0.04,1100.0],[1,1,0.93,750.0],[1,1,0.91,422.0]]}
{"t":1776978916.3533041,"e":[[1,1,0.92,35.0]]}
{"t":1776978919.371219,"e":[[1,0,0.05,722.0],[1,0,0.01,2580.0],[1,0,0.02,48.0]]}
{"t":1776978924.409956,"e":[[1,0,0.05,700.0],[1,0,0.03,26.0],[1,0,0.04,673.0],[1,1,0.92,786.0],[1,1,0.91,172.0]]}
{"t":1776978929.4566789,"e":[[1,0,0.03,25.0],[1,1,0.92,750.0],[1,1,0.93,782.0]]}
{"t":1776978930.468961,"e":[[1,0,0.03,775.0],[1,0,0.04,350.0]]}
{"t":1776978933.487251,"e":[[1,0,0.05,200.0],[0,0,0.03],[1,0,0.01,2533.0],[1,0,0.04,100.0],[0,0,0.02],[0,1,0.92],[0,1,0.93]]}
{"t":1776978934.500247,"e":[[1,0,0.05,1118.0],[1,1,0.92,34.0],[1,1,0.93,1250.0],[1,1,0.91,422.0]]}
{"t":1776978937.528013,"e":[[1,0,0.01,2584.0],[1,0,0.02,46.0],[1,1,0.92,784.0],[1,1,0.93,750.0],[1,1,0.91,172.0]]}
{"t":1776978939.546706,"e":[[1,0,0.05,1095.0],[1,0,0.03,26.0],[1,1,0.92,750.0],[1,1,0.93,32.0]]}
{"t":1776978940.554606,"e":[[1,0,0.05,700.0],[1,0,0.04,1100.0],[1,1,0.91,922.0]]}
{"t":1776978942.8010938,"e":[[1,0,0.04,672.0],[1,1,0.92,250.0],[1,1,0.91,422.0]]}
{"t":1776978943.870709,"e":[[1,0,0.03,25.0],[1,1,0.93,1032.0]]}
{"t":1776978944.886556,"e":[[1,1,0.93,532.0]]}
{"t":1776978945.9015749,"e":[[1,1,0.92,134.0],[1,1,0.93,949.0],[1,1,0.91,273.0]]}
{"t":1776978948.94264,"e":[[0,0,0.03]]}
{"t":1776978949.955148,"e":[[1,0,0.03,26.0]]}
{"t":1776978958.996638,"e":[[1,1,0.93,199.0]]}
{"t":1776978960.003504,"e":[[1,0,0.04,671.0],[1,1,0.92,125.0],[1,1,0.93,864.0],[1,1,0.91,240.0]]}
{"t":1776978963.0350468,"e":[[1,1,0.93,114.0]]}
{"t":1776978964.042811,"e":[[1,0,0.05,723.0],[0,0,0.03],[1,0,0.04,670.0],[1,1,0.9,2596.99],[1,1,0.92,82.0],[1,1,0.93,65.0],[1,1,0.91,720.0]]}
{"t":1776978975.102098,"e":[[1,0,0.05,1042.0],[1,0,0.04,100.0],[1,1,0.82,257.56],[0,1,0.93],[1,1,0.91,760.0]]}
{"t":1776978976.111923,"e":[[1,1,0.9,2690.99],[1,1,0.92,255.0]]}
{"t":1776978979.146398,"e":[[1,0,0.05,200.0],[1,1,0.82,202.56],[1,1,0.9,2580.99],[1,1,0.92,34.0],[1,1,0.91,172.0]]}
{"t":1776978980.1624022,"e":[[1,0,0.05,223.0],[1,0,0.01,2533.0],[0,0,0.02]]}
{"t":1776978982.174557,"e":[[1,0,0.05,1111.0],[1,1,0.92,750.0],[1,1,0.93,781.0]]}
{"t":1776978984.203895,"e":[[1,0,0.05,1088.0],[1,0,0.03,26.0],[1,0,0.01,2580.0],[1,0,0.02,46.0]]}
{"t":1776978987.2190342,"e":[[1,0,0.05,700.0],[1,1,0.92,32.0],[0,1,0.93]]}
{"t":1776978988.237164,"e":[[1,0,0.04,1100.0],[1,1,0.93,750.0]]}
{"t":1776978989.257904,"e":[[1,0,0.05,722.0],[0,0,0.03],[1,1,0.92,35.0]]}
{"t":1776978995.287495,"e":[[1,0,0.04,668.0]]}
{"t":1776978996.2944121,"e":[[1,1,0.92,785.0]]}
{"t":1776978999.3208299,"e":[[1,0,0.05,700.0],[1,0,0.03,25.0],[1,0,0.04,350.0],[1,0,0.02,796.0],[1,1,0.92,750.0],[1,1,0.93,782.0]]}
{"t":1776979001.330666,"e":[[1,0,0.03,775.0],[1,0,0.02,46.0],[0,1,0.92]]}
{"t":1776979004.3611479,"e":[[1,0,0.03,750.0],[1,0,0.04,374.0]]}
{"t":1776979005.3668659,"e":[[0,0,0.03]]}
{"t":1776979006.375099,"e":[[1,0,0.05,200.0],[1,0,0.04,124.0],[0,0,0.02],[0,1,0.93]]}
{"t":1776979007.3899689,"e":[[1,0,0.01,2533.0],[1,1,0.92,34.0]]}
{"t":1776979008.3985898,"e":[[1,0,0.04,100.0]]}
{"t":1776979009.408774,"e":[[1,0,0.05,1107.0],[1,1,0.92,784.0],[1,1,0.93,750.0]]}
{"t":1776979010.423535,"e":[[1,1,0.92,750.0],[1,1,0.93,781.0]]}
{"t":1776979011.428853,"e":[[0,1,0.92],[1,1,0.93,31.0]]}
{"t":1776979012.437783,"e":[[1,0,0.05,723.0],[1,0,0.01,2586.0],[1,0,0.04,1100.0],[1,0,0.02,46.0]]}
{"t":1776979013.4490461,"e":[[1,1,0.93,781.0]]}
{"t":1776979014.457608,"e":[[1,0,0.05,722.0],[1,0,0.04,666.0]]}
{"t":1776979016.473633,"e":[[1,1,0.93,1531.0]]}
{"t":1776979019.489304,"e":[[1,0,0.05,700.0],[1,0,0.03,25.0]]}
{"t":1776979021.503144,"e":[[1,0,0.05,200.0],[1,0,0.04,100.0],[1,1,0.92,34.0],[0,1,0.93]]}
{"t":1776979023.5258439,"e":[[1,0,0.05,1081.0],[0,0,0.02],[1,1,0.92,784.0],[1,1,0.93,750.0]]}
{"t":1776979024.5338361,"e":[[0,0,0.03],[1,0,0.02,27.0],[1,1,0.92,750.0],[1,1,0.93,782.0]]}
{"t":1776979028.569408,"e":[[0,0,0.02]]}
{"t":1776979029.587926,"e":[[1,0,0.03,26.0],[1,0,0.02,54.0],[0,1,0.92],[0,1,0.93]]}
{"t":1776979030.603501,"e":[[1,0,0.05,700.0],[1,0,0.04,1100.0],[1,1,0.92,32.0],[1,1,0.93,750.0]]}
{"t":1776979033.631568,"e":[[0,0,0.03],[1,0,0.04,665.0],[1,1,0.92,750.0]]}
{"t":1776979034.644863,"e":[[1,0,0.03,26.0],[1,1,0.93,782.0]]}
{"t":1776979038.681684,"e":[[0,0,0.03]]}
{"t":1776979039.688419,"e":[[1,0,0.03,25.0],[1,0,0.04,350.0],[0,1,0.92],[0,1,0.93]]}
{"t":1776979040.7005498,"e":[[1,0,0.02,804.0],[1,1,0.92,32.0],[1,1,0.93,750.0]]}
{"t":1776979041.708986,"e":[[1,0,0.02,54.0]]}
{"t":1776979042.716481,"e":[[1,0,0.04,664.0],[1,1,0.92,782.0]]}
{"t":1776979043.7256699,"e":[[1,1,0.92,750.0],[1,1,0.93,782.0]]}
{"t":1776979046.756191,"e":[[1,0,0.04,350.0],[0,1,0.92],[1,1,0.93,32.0]]}
{"t":1776979047.772817,"e":[[1,0,0.03,775.0],[1,1,0.93,782.0]]}
{"t":1776979048.783055,"e":[[0,0,0.03]]}
{"t":1776979049.796087,"e":[[1,0,0.03,26.0],[1,0,0.04,664.0],[1,1,0.93,1532.0]]}
{"t":1776979050.810624,"e":[[1,1,0.93,782.0]]}
{"t":1776979051.816988,"e":[[1,1,0.93,1532.0]]}
{"t":1776979053.8394592,"e":[[1,0,0.03,25.0]]}
{"t":1776979058.879385,"e":[[0,0,0.03]]}
{"t":1776979059.897089,"e":[[1,0,0.03,25.0]]}
{"t":1776979063.923606,"e":[[1,0,0.03,26.0],[1,0,0.04,663.0],[1,1,0.93,782.0]]}
{"t":1776979064.9312482,"e":[[1,1,0.93,1532.0]]}
{"t":1776979066.949738,"e":[[1,1,0.93,782.0]]}
{"t":1776979067.955457,"e":[[1,1,0.93,1532.0]]}
{"t":1776979068.960734,"e":[[1,0,0.03,25.0],[1,1,0.93,782.0]]}
{"t":1776979069.968309,"e":[[1,0,0.04,662.0],[1,1,0.93,1532.0]]}
{"t":1776979073.985497,"e":[[0,0,0.03]]}
{"t":1776979074.997067,"e":[[1,0,0.03,25.0],[1,1,0.93,782.0]]}
{"t":1776979076.0149,"e":[[1,1,0.93,1532.0]]}
{"t":1776979077.01964,"e":[[1,1,0.93,782.0]]}
{"t":1776979078.0877068,"e":[[1,1,0.93,1532.0]]}
{"t":1776979079.104359,"e":[[1,1,0.93,782.0]]}
{"t":1776979080.118677,"e":[[1,1,0.93,1532.0]]}
{"t":1776979081.134896,"e":[[1,0,0.05,200.0],[1,0,0.04,100.0],[0,0,0.02],[1,1,0.93,32.0]]}
{"t":1776979082.147449,"e":[[1,0,0.01,2533.0],[1,1,0.92,34.0],[0,1,0.93]]}
{"t":1776979083.1631098,"e":[[1,1,0.93,750.0]]}
{"t":1776979084.171616,"e":[[0,0,0.03],[1,0,0.02,26.0],[1,1,0.92,37.0]]}
{"t":1776979085.186368,"e":[[1,0,0.05,700.0],[1,0,0.04,1100.0],[1,1,0.92,787.0]]}
{"t":1776979089.221153,"e":[[1,0,0.01,2590.0],[1,0,0.02,43.0],[1,1,0.92,750.0]]}
