{"t": 1776975854.366905, "events": [{"op": "set", "side": "ask", "price": 0.15, "size": 41.0}]}
{"t": 1776975855.3857431, "events": [{"op": "set", "side": "bid", "price": 0.77, "size": 184.0}, {"op": "set", "side": "bid", "price": 0.76, "size": 1552.81}, {"op": "set", "side": "bid", "price": 0.58, "size": 16.0}, {"op": "set", "side": "bid", "price": 0.75, "size": 2500.0}, {"op": "set", "side": "ask", "price": 0.14, "size": 150.0}, {"op": "delete", "side": "ask", "price": 0.19}, {"op": "delete", "side": "ask", "price": 0.2}]}
{"t": 1776975856.396708, "events": [{"op": "set", "side": "bid", "price": 0.78, "size": 389.0}, {"op": "set", "side": "bid", "price": 0.77, "size": 1000.0}, {"op": "set", "side": "ask", "price": 0.15, "size": 310.0}, {"op": "set", "side": "ask", "price": 0.16, "size": 424.0}]}
{"t": 1776975858.419916, "events": [{"op": "set", "side": "ask", "price": 0.15, "size": 269.0}, {"op": "set", "side": "ask", "price": 0.17, "size": 34.0}]}
{"t": 1776975859.432927, "events": [{"op": "set", "side": "bid", "price": 0.78, "size": 25.0}, {"op": "set", "side": "bid", "price": 0.77, "size": 363.0}, {"op": "set", "side": "ask", "price": 0.14, "size": 143.0}, {"op": "delete", "side": "ask", "price": 0.15}, {"op": "delete", "side": "ask", "price": 0.16}]}
{"t": 1776975860.4405582, "events": [{"op": "set", "side": "bid", "price": 0.76, "size": 1672.81}, {"op": "set", "side": "bid", "price": 0.58, "size": 122.0}, {"op": "set", "side": "bid", "price": 0.75, "size": 2773.0}, {"op": "set", "side": "ask", "price": 0.17, "size": 98.0}, {"op": "set", "side": "ask", "price": 0.18, "size": 45.0}]}
{"t": 1776975861.4545841, "events": [{"op": "set", "side": "ask", "price": 0.17, "size": 80.0}]}
{"t": 1776975863.466253, "events": [{"op": "set", "side": "ask", "price": 0.17, "size": 46.0}, {"op": "set", "side": "ask", "price": 0.18, "size": 95.0}]}
{"t": 1776975866.4869819, "events": [{"op": "set", "side": "bid", "price": 0.78, "size": 389.0}, {"op": "set", "side": "bid", "price": 0.77, "size": 1000.0}, {"op": "set", "side": "bid", "price": 0.76, "size": 1552.81}, {"op": "set", "side": "bid", "price": 0.58, "size": 16.0}, {"op": "set", "side": "bid", "price": 0.75, "size": 2500.0}, {"op": "set", "side": "ask", "price": 0.14, "size": 158.0}, {"op": "delete", "side": "ask", "price": 0.17}, {"op": "set", "side": "ask", "price": 0.18, "size": 106.0}, {"op": "set", "side": "ask", "price": 0.19, "size": 45.0}]}
{"t": 1776975868.5054138, "events": [{"op": "set", "side": "ask", "price": 0.18, "size": 74.0}]}
{"t": 1776975869.519797, "events": [{"op": "set", "side": "bid", "price": 0.78, "size": 25.0}, {"op": "delete", "side": "ask", "price": 0.18}, {"op": "set", "side": "ask", "price": 0.19, "size": 18.0}, {"op": "set", "side": "ask", "price": 0.15, "size": 40.0}]}
{"t": 1776975870.536895, "events": [{"op": "set", "side": "bid", "price": 0.77, "size": 363.0}, {"op": "set", "side": "bid", "price": 0.76, "size": 1672.81}, {"op": "set", "side": "bid", "price": 0.58, "size": 122.0}, {"op": "set", "side": "bid", "price": 0.75, "size": 2773.0}, {"op": "set", "side": "ask", "price": 0.14, "size": 150.0}, {"op": "set", "side": "ask", "price": 0.15, "size": 308.0}, {"op": "set", "side": "ask", "price": 0.16, "size": 424.0}]}
{"t": 1776975873.562508, "events": [{"op": "set", "side": "ask", "price": 0.15, "size": 268.0}, {"op": "set", "side": "ask", "price": 0.17, "size": 36.0}]}
{"t": 1776975878.59487, "events": [{"op": "delete", "side": "bid", "price": 0.78}, {"op": "set", "side": "bid", "price": 0.77, "size": 27.0}, {"op": "set", "side": "bid", "price": 0.76, "size": 916.81}, {"op": "set", "side": "bid", "price": 0.58, "size": 16.0}, {"op": "set", "side": "bid", "price": 0.75, "size": 2500.0}, {"op": "set", "side": "bid", "price": 0.38, "size": 46.0}, {"op": "set", "side": "bid", "price": 0.1, "size": 16.0}, {"op": "delete", "side": "bid", "price": 0.11}, {"op": "delete", "side": "ask", "price": 0.06}, {"op": "set", "side": "ask", "price": 0.14, "size": 109.0}, {"op": "set", "side": "ask", "price": 0.15, "size": 39.0}, {"op": "delete", "side": "ask", "price": 0.16}, {"op": "delete", "side": "ask", "price": 0.17}, {"op": "set", "side": "ask", "price": 0.01, "size": 214.0}]}
{"t": 1776975882.637974, "events": [{"op": "set", "side": "bid", "price": 0.77, "size": 574.0}, {"op": "set", "side": "bid", "price": 0.76, "size": 1128.81}, {"op": "set", "side": "bid", "price": 0.78, "size": 243.0}, {"op": "set", "side": "ask", "price": 0.15, "size": 58.0}, {"op": "set", "side": "ask", "price": 0.19, "size": 273.0}, {"op": "set", "side": "ask", "price": 0.2, "size": 424.0}]}
{"t": 1776975883.6573179, "events": [{"op": "set", "side": "bid", "price": 0.78, "size": 266.0}, {"op": "set", "side": "bid", "price": 0.77, "size": 547.0}, {"op": "set", "side": "ask", "price": 0.15, "size": 19.0}, {"op": "set", "side": "ask", "price": 0.16, "size": 40.0}]}
{"t": 1776975884.672483, "events": [{"op": "set", "side": "ask", "price": 0.19, "size": 255.0}]}
{"t": 1776975889.700941, "events": [{"op": "set", "side": "bid", "price": 0.78, "size": 23.0}, {"op": "set", "side": "bid", "price": 0.77, "size": 363.0}, {"op": "set", "side": "bid", "price": 0.76, "size": 1672.81}, {"op": "set", "side": "bid", "price": 0.58, "size": 122.0}, {"op": "set", "side": "bid", "price": 0.75, "size": 2773.0}, {"op": "set", "side": "ask", "price": 0.14, "size": 150.0}, {"op": "delete", "side": "ask", "price": 0.15}, {"op": "set", "side": "ask", "price": 0.16, "size": 308.0}, {"op": "delete", "side": "ask", "price": 0.19}, {"op": "delete", "side": "ask", "price": 0.2}, {"op": "set", "side": "ask", "price": 0.17, "size": 424.0}]}
{"t": 1776975892.7351732, "events": [{"op": "set", "side": "ask", "price": 0.17, "size": 442.0}]}
{"t": 1776975893.74344, "events": [{"op": "set", "side": "ask", "price": 0.16, "size": 268.0}, {"op": "set", "side": "ask", "price": 0.18, "size": 33.0}]}
{"t": 1776975897.769999, "events": [{"op": "set", "side": "ask", "price": 0.17, "size": 424.0}]}
{"t": 1776975898.775449, "events": [{"op": "set", "side": "ask", "price": 0.18, "size": 51.0}]}
{"t": 1776975913.861079, "events": [{"op": "set", "side": "bid", "price": 0.76, "size": 1552.81}, {"op": "set", "side": "bid", "price": 0.58, "size": 16.0}, {"op": "set", "side": "bid", "price": 0.75, "size": 2500.0}, {"op": "delete", "side": "ask", "price": 0.16}, {"op": "delete", "side": "ask", "price": 0.17}, {"op": "set", "side": "ask", "price": 0.18, "size": 18.0}, {"op": "set", "side": "ask", "price": 0.06, "size": 16.0}, {"op": "set", "side": "ask", "price": 0.15, "size": 38.0}, {"op": "set", "side": "ask", "price": 0.01, "size": 200.0}]}
{"t": 1776975914.8911412, "events": [{"op": "set", "side": "bid", "price": 0.78, "size": 387.0}, {"op": "set", "side": "bid", "price": 0.77, "size": 1000.0}, {"op": "set", "side": "ask", "price": 0.14, "size": 161.0}, {"op": "set", "side": "ask", "price": 0.18, "size": 293.0}, {"op": "set", "side": "ask", "price": 0.19, "size": 424.0}]}
{"t": 1776975916.9452019, "events": [{"op": "set", "side": "bid", "price": 0.78, "size": 23.0}, {"op": "set", "side": "bid", "price": 0.77, "size": 363.0}, {"op": "set", "side": "bid", "price": 0.76, "size": 1128.81}, {"op": "set", "side": "bid", "price": 0.38, "size": 14.0}, {"op": "set", "side": "bid", "price": 0.1, "size": 51.0}, {"op": "set", "side": "ask", "price": 0.14, "size": 109.0}, {"op": "set", "side": "ask", "price": 0.18, "size": 163.0}, {"op": "set", "side": "ask", "price": 0.19, "size": 99.0}]}
{"t": 1776975917.960892, "events": [{"op": "set", "side": "bid", "price": 0.76, "size": 1672.81}, {"op": "set", "side": "bid", "price": 0.58, "size": 122.0}, {"op": "set", "side": "bid", "price": 0.75, "size": 2773.0}, {"op": "set", "side": "ask", "price": 0.15, "size": 181.0}]}
{"t": 1776975918.9692569, "events": [{"op": "set", "side": "ask", "price": 0.15, "size": 143.0}, {"op": "set", "side": "ask", "price": 0.16, "size": 39.0}]}
{"t": 1776975919.982924, "events": [{"op": "set", "side": "ask", "price": 0.18, "size": 145.0}]}
{"t": 1776975920.987811, "events": [{"op": "set", "side": "ask", "price": 0.19, "size": 117.0}]}
{"t": 1776975940.061205, "events": [{"op": "delete", "side": "bid", "price": 0.78}, {"op": "set", "side": "bid", "price": 0.77, "size": 27.0}, {"op": "set", "side": "bid", "price": 0.76, "size": 916.81}, {"op": "set", "side": "bid", "price": 0.58, "size": 16.0}, {"op": "set", "side": "bid", "price": 0.75, "size": 2500.0}, {"op": "delete", "side": "ask", "price": 0.06}, {"op": "delete", "side": "ask", "price": 0.15}, {"op": "delete", "side": "ask", "price": 0.18}, {"op": "set", "side": "ask", "price": 0.19, "size": 18.0}, {"op": "set", "side": "ask", "price": 0.01, "size": 214.0}]}
{"t": 1776975942.095907, "events": [{"op": "set", "side": "bid", "price": 0.77, "size": 574.0}, {"op": "set", "side": "bid", "price": 0.76, "size": 1128.81}, {"op": "set", "side": "bid", "price": 0.78, "size": 243.0}, {"op": "set", "side": "ask", "price": 0.16, "size": 58.0}, {"op": "set", "side": "ask", "price": 0.19, "size": 273.0}, {"op": "set", "side": "ask", "price": 0.2, "size": 424.0}]}
{"t": 1776975943.110956, "events": [{"op": "set", "side": "bid", "price": 0.77, "size": 547.0}, {"op": "set", "side": "ask", "price": 0.16, "size": 19.0}]}
{"t": 1776975944.1347961, "events": [{"op": "set", "side": "bid", "price": 0.78, "size": 266.0}, {"op": "set", "side": "ask", "price": 0.17, "size": 39.0}]}
{"t": 1776975945.176098, "events": [{"op": "set", "side": "bid", "price": 0.78, "size": 23.0}, {"op": "set", "side": "bid", "price": 0.77, "size": 363.0}, {"op": "delete", "side": "ask", "price": 0.16}, {"op": "set", "side": "ask", "price": 0.19, "size": 152.0}, {"op": "set", "side": "ask", "price": 0.2, "size": 92.0}]}
{"t": 1776975948.2322109, "events": [{"op": "set", "side": "bid", "price": 0.76, "size": 1672.81}, {"op": "set", "side": "bid", "price": 0.58, "size": 122.0}, {"op": "set", "side": "bid", "price": 0.75, "size": 2773.0}, {"op": "set", "side": "ask", "price": 0.17, "size": 133.0}, {"op": "set", "side": "ask", "price": 0.19, "size": 134.0}]}
{"t": 1776975949.255933, "events": [{"op": "set", "side": "ask", "price": 0.18, "size": 36.0}]}
{"t": 1776975951.2976189, "events": [{"op": "delete", "side": "bid", "price": 0.78}, {"op": "delete", "side": "bid", "price": 0.77}, {"op": "set", "side": "bid", "price": 0.76, "size": 916.81}, {"op": "set", "side": "bid", "price": 0.58, "size": 16.0}, {"op": "set", "side": "bid", "price": 0.75, "size": 2500.0}, {"op": "delete", "side": "ask", "price": 0.17}, {"op": "delete", "side": "ask", "price": 0.19}, {"op": "delete", "side": "ask", "price": 0.2}]}
{"t": 1776975952.314472, "events": [{"op": "set", "side": "bid", "price": 0.77, "size": 28.0}, {"op": "set", "side": "ask", "price": 0.19, "size": 53.0}]}
{"t": 1776975953.32274, "events": [{"op": "delete", "side": "ask", "price": 0.18}, {"op": "set", "side": "ask", "price": 0.19, "size": 71.0}, {"op": "set", "side": "ask", "price": 0.15, "size": 39.0}]}
{"t": 1776975954.332581, "events": [{"op": "set", "side": "bid", "price": 0.77, "size": 547.0}, {"op": "set", "side": "bid", "price": 0.76, "size": 1128.81}, {"op": "set", "side": "bid", "price": 0.78, "size": 243.0}, {"op": "set", "side": "ask", "price": 0.19, "size": 357.0}, {"op": "set", "side": "ask", "price": 0.18, "size": 70.0}, {"op": "set", "side": "ask", "price": 0.2, "size": 424.0}]}
{"t": 1776975955.341995, "events": [{"op": "set", "side": "bid", "price": 0.78, "size": 267.0}]}
{"t": 1776975959.372451, "events": [{"op": "set", "side": "bid", "price": 0.78, "size": 24.0}, {"op": "set", "side": "bid", "price": 0.77, "size": 363.0}, {"op": "set", "side": "bid", "price": 0.76, "size": 1672.81}, {"op": "set", "side": "bid", "price": 0.58, "size": 122.0}, {"op": "set", "side": "bid", "price": 0.75, "size": 2773.0}, {"op": "set", "side": "ask", "price": 0.15, "size": 189.0}, {"op": "delete", "side": "ask", "price": 0.18}, {"op": "set", "side": "ask", "price": 0.19, "size": 221.0}, {"op": "set", "side": "ask", "price": 0.2, "size": 134.0}]}
{"t": 1776975963.398977, "events": [{"op": "set", "side": "ask", "price": 0.15, "size": 148.0}]}
{"t": 1776975964.407889, "events": [{"op": "delete", "side": "bid", "price": 0.38}, {"op": "set", "side": "bid", "price": 0.11, "size": 14.0}, {"op": "set", "side": "ask", "price": 0.06, "size": 15.0}, {"op": "set", "side": "ask", "price": 0.16, "size": 40.0}, {"op": "set", "side": "ask", "price": 0.01, "size": 200.0}]}
{"t": 1776975968.4348412, "events": [{"op": "set", "side": "ask", "price": 0.16, "size": 39.0}]}
{"t": 1776975971.450849, "events": [{"op": "set", "side": "bid", "price": 0.76, "size": 1552.81}, {"op": "set", "side": "bid", "price": 0.58, "size": 16.0}, {"op": "set", "side": "bid", "price": 0.75, "size": 2500.0}, {"op": "set", "side": "bid", "price": 0.38, "size": 24.0}, {"op": "set", "side": "bid", "price": 0.1, "size": 16.0}, {"op": "delete", "side": "ask", "price": 0.15}, {"op": "set", "side": "ask", "price": 0.19, "size": 156.0}, {"op": "set", "side": "ask", "price": 0.2, "size": 85.0}]}
{"t": 1776975973.468818, "events": [{"op": "delete", "side": "ask", "price": 0.16}]}
{"t": 1776975974.486274, "events": [{"op": "set", "side": "bid", "price": 0.78, "size": 388.0}, {"op": "set", "side": "bid", "price": 0.77, "size": 1000.0}, {"op": "set", "side": "ask", "price": 0.15, "size": 40.0}, {"op": "set", "side": "ask", "price": 0.16, "size": 88.0}]}
{"t": 1776975977.5051599, "events": [{"op": "set", "side": "bid", "price": 0.78, "size": 24.0}, {"op": "set", "side": "bid", "price": 0.77, "size": 363.0}, {"op": "set", "side": "bid", "price": 0.76, "size": 1128.81}, {"op": "delete", "side": "ask", "price": 0.16}]}
{"t": 1776975978.524107, "events": [{"op": "set", "side": "bid", "price": 0.76, "size": 1672.81}, {"op": "set", "side": "bid", "price": 0.58, "size": 122.0}, {"op": "set", "side": "bid", "price": 0.75, "size": 2773.0}, {"op": "set", "side": "ask", "price": 0.15, "size": 54.0}, {"op": "set", "side": "ask", "price": 0.19, "size": 120.0}, {"op": "set", "side": "ask", "price": 0.2, "size": 60.0}]}
{"t": 1776975979.530004, "events": [{"op": "set", "side": "ask", "price": 0.16, "size": 39.0}]}
{"t": 1776975989.593303, "events": [{"op": "set", "side": "bid", "price": 0.78, "size": 388.0}, {"op": "set", "side": "bid", "price": 0.77, "size": 1000.0}, {"op": "set", "side": "bid", "price": 0.76, "size": 1552.81}, {"op": "set", "side": "bid", "price": 0.58, "size": 16.0}, {"op": "set", "side": "bid", "price": 0.75, "size": 2500.0}, {"op": "set", "side": "ask", "price": 0.14, "size": 161.0}, {"op": "delete", "side": "ask", "price": 0.15}, {"op": "set", "side": "ask", "price": 0.19, "size": 115.0}, {"op": "set", "side": "ask", "price": 0.2, "size": 53.0}]}
{"t": 1776975993.639185, "events": [{"op": "delete", "side": "ask", "price": 0.16}]}
{"t": 1776975994.652439, "events": [{"op": "set", "side": "ask", "price": 0.15, "size": 40.0}]}
{"t": 1776976002.718677, "events": [{"op": "set", "side": "bid", "price": 0.78, "size": 24.0}, {"op": "set", "side": "bid", "price": 0.77, "size": 363.0}, {"op": "set", "side": "bid", "price": 0.76, "size": 1672.81}, {"op": "set", "side": "bid", "price": 0.58, "size": 122.0}, {"op": "set", "side": "bid", "price": 0.75, "size": 2773.0}, {"op": "set", "side": "bid", "price": 0.1, "size": 40.0}, {"op": "delete", "side": "bid", "price": 0.11}, {"op": "set", "side": "ask", "price": 0.14, "size": 109.0}, {"op": "set", "side": "ask", "price": 0.15, "size": 92.0}, {"op": "set", "side": "ask", "price": 0.19, "size": 114.0}, {"op": "set", "side": "ask", "price": 0.2, "size": 52.0}]}
{"t": 1776976003.738184, "events": [{"op": "set", "side": "ask", "price": 0.15, "size": 52.0}, {"op": "set", "side": "ask", "price": 0.16, "size": 39.0}]}
{"t": 1776976005.821455, "events": [{"op": "set", "side": "bid", "price": 0.78, "size": 388.0}, {"op": "set", "side": "bid", "price": 0.77, "size": 1000.0}, {"op": "set", "side": "bid", "price": 0.76, "size": 1552.81}, {"op": "set", "side": "bid", "price": 0.58, "size": 16.0}, {"op": "set", "side": "bid", "price": 0.75, "size": 2500.0}, {"op": "delete", "side": "ask", "price": 0.15}, {"op": "set", "side": "ask", "price": 0.16, "size": 91.0}, {"op": "set", "side": "ask", "price": 0.2, "size": 51.0}]}
{"t": 1776976008.8495371, "events": [{"op": "delete", "side": "bid", "price": 0.38}, {"op": "set", "side": "bid", "price": 0.11, "size": 24.0}, {"op": "set", "side": "ask", "price": 0.16, "size": 52.0}, {"op": "set", "side": "ask", "price": 0.17, "size": 37.0}]}
{"t": 1776976011.8745532, "events": [{"op": "set", "side": "bid", "price": 0.78, "size": 24.0}, {"op": "set", "side": "bid", "price": 0.77, "size": 363.0}, {"op": "set", "side": "bid", "price": 0.76, "size": 1128.81}, {"op": "delete", "side": "ask", "price": 0.16}]}
{"t": 1776976012.8924701, "events": [{"op": "set", "side": "bid", "price": 0.76, "size": 1672.81}, {"op": "set", "side": "bid", "price": 0.58, "size": 122.0}, {"op": "set", "side": "bid", "price": 0.75, "size": 2773.0}, {"op": "set", "side": "ask", "price": 0.17, "size": 89.0}]}
{"t": 1776976013.8963861, "events": [{"op": "set", "side": "ask", "price": 0.17, "size": 52.0}, {"op": "set", "side": "ask", "price": 0.18, "size": 35.0}]}
{"t": 1776976016.9275122, "events": [{"op": "set", "side": "ask", "price": 0.19, "size": 61.0}]}
{"t": 1776976021.967751, "events": [{"op": "set", "side": "bid", "price": 0.78, "size": 388.0}, {"op": "set", "side": "bid", "price": 0.77, "size": 1000.0}, {"op": "set", "side": "bid", "price": 0.76, "size": 1552.81}, {"op": "set", "side": "bid", "price": 0.58, "size": 16.0}, {"op": "set", "side": "bid", "price": 0.75, "size": 2500.0}, {"op": "set", "side": "ask", "price": 0.14, "size": 145.0}, {"op": "delete", "side": "ask", "price": 0.17}, {"op": "set", "side": "ask", "price": 0.18, "size": 300.0}, {"op": "set", "side": "ask", "price": 0.19, "size": 424.0}, {"op": "delete", "side": "ask", "price": 0.2}]}
{"t": 1776976023.989538, "events": [{"op": "set", "side": "ask", "price": 0.18, "size": 265.0}, {"op": "set", "side": "ask", "price": 0.15, "size": 40.0}]}
{"t": 1776976027.025457, "events": [{"op": "set", "side": "ask", "price": 0.19, "size": 442.0}]}
{"t": 1776976028.033005, "events": [{"op": "delete", "side": "ask", "price": 0.15}]}
{"t": 1776976029.046649, "events": [{"op": "set", "side": "ask", "price": 0.15, "size": 40.0}]}
{"t": 1776976030.0649989, "events": [{"op": "set", "side": "bid", "price": 0.78, "size": 24.0}, {"op": "set", "side": "bid", "price": 0.77, "size": 363.0}, {"op": "set", "side": "bid", "price": 0.76, "size": 1128.81}, {"op": "set", "side": "bid", "price": 0.38, "size": 24.0}, {"op": "set", "side": "bid", "price": 0.1, "size": 16.0}, {"op": "set", "side": "ask", "price": 0.14, "size": 109.0}, {"op": "delete", "side": "ask", "price": 0.18}, {"op": "set", "side": "ask", "price": 0.19, "size": 237.0}]}
{"t": 1776976031.0763671, "events": [{"op": "set", "side": "bid", "price": 0.76, "size": 1672.81}, {"op": "set", "side": "bid", "price": 0.58, "size": 122.0}, {"op": "set", "side": "bid", "price": 0.75, "size": 2773.0}, {"op": "set", "side": "ask", "price": 0.15, "size": 259.0}, {"op": "set", "side": "ask", "price": 0.2, "size": 146.0}]}
{"t": 1776976033.0979562, "events": [{"op": "set", "side": "ask", "price": 0.15, "size": 219.0}]}
{"t": 1776976034.1065989, "events": [{"op": "set", "side": "ask", "price": 0.16, "size": 40.0}]}
{"t": 1776976038.1259038, "events": [{"op": "delete", "side": "ask", "price": 0.16}, {"op": "set", "side": "ask", "price": 0.19, "size": 219.0}]}
{"t": 1776976039.130999, "events": [{"op": "set", "side": "bid", "price": 0.76, "size": 1552.81}, {"op": "set", "side": "bid", "price": 0.58, "size": 16.0}, {"op": "set", "side": "bid", "price": 0.75, "size": 2500.0}, {"op": "delete", "side": "ask", "price": 0.19}, {"op": "delete", "side": "ask", "price": 0.2}, {"op": "set", "side": "ask", "price": 0.16, "size": 40.0}]}
{"t": 1776976040.136569, "events": [{"op": "set", "side": "bid", "price": 0.78, "size": 388.0}, {"op": "set", "side": "bid", "price": 0.77, "size": 1000.0}, {"op": "set", "side": "ask", "price": 0.08, "size": 108.0}, {"op": "set", "side": "ask", "price": 0.14, "size": 418.0}, {"op": "set", "side": "ask", "price": 0.15, "size": 424.0}]}
{"t": 1776976041.146323, "events": [{"op": "set", "side": "bid", "price": 0.78, "size": 24.0}, {"op": "set", "side": "bid", "price": 0.77, "size": 363.0}, {"op": "set", "side": "bid", "price": 0.76, "size": 1128.81}, {"op": "set", "side": "ask", "price": 0.08, "size": 1.0}, {"op": "set", "side": "ask", "price": 0.14, "size": 149.0}, {"op": "delete", "side": "ask", "price": 0.15}]}
{"t": 1776976042.1519518, "events": [{"op": "set", "side": "bid", "price": 0.76, "size": 1672.81}, {"op": "set", "side": "bid", "price": 0.58, "size": 122.0}, {"op": "set", "side": "bid", "price": 0.75, "size": 2773.0}, {"op": "set", "side": "ask", "price": 0.16, "size": 97.0}, {"op": "set", "side": "ask", "price": 0.17, "size": 58.0}]}
{"t": 1776976043.1629992, "events": [{"op": "set", "side": "ask", "price": 0.16, "size": 57.0}]}
{"t": 1776976044.185159, "events": [{"op": "delete", "side": "bid", "price": 0.78}, {"op": "delete", "side": "bid", "price": 0.77}, {"op": "set", "side": "bid", "price": 0.76, "size": 916.81}, {"op": "set", "side": "bid", "price": 0.58, "size": 16.0}, {"op": "set", "side": "bid", "price": 0.75, "size": 2500.0}, {"op": "delete", "side": "ask", "price": 0.06}, {"op": "set", "side": "ask", "price": 0.14, "size": 109.0}, {"op": "delete", "side": "ask", "price": 0.16}, {"op": "set", "side": "ask", "price": 0.17, "size": 33.0}]}
{"t": 1776976045.204722, "events": [{"op": "set", "side": "bid", "price": 0.77, "size": 28.0}]}
{"t": 1776976047.209746, "events": [{"op": "set", "side": "ask", "price": 0.17, "size": 51.0}]}
{"t": 1776976048.218187, "events": [{"op": "set", "side": "bid", "price": 0.77, "size": 547.0}, {"op": "set", "side": "bid", "price": 0.76, "size": 1128.81}, {"op": "set", "side": "bid", "price": 0.1, "size": 36.0}, {"op": "delete", "side": "bid", "price": 0.11}, {"op": "set", "side": "bid", "price": 0.78, "size": 243.0}, {"op": "set", "side": "ask", "price": 0.14, "size": 142.0}, {"op": "set", "side": "ask", "price": 0.17, "size": 282.0}, {"op": "set", "side": "ask", "price": 0.06, "size": 13.0}, {"op": "set", "side": "ask", "price": 0.18, "size": 424.0}]}
{"t": 1776976049.2295182, "events": [{"op": "delete", "side": "bid", "price": 0.78}, {"op": "set", "side": "bid", "price": 0.77, "size": 363.0}, {"op": "set", "side": "bid", "price": 0.79, "size": 23.0}, {"op": "set", "side": "ask", "price": 0.14, "size": 109.0}, {"op": "set", "side": "ask", "price": 0.17, "size": 237.0}, {"op": "set", "side": "ask", "price": 0.18, "size": 279.0}]}
{"t": 1776976050.238752, "events": [{"op": "set", "side": "bid", "price": 0.76, "size": 1672.81}, {"op": "set", "side": "bid", "price": 0.58, "size": 122.0}, {"op": "set", "side": "bid", "price": 0.75, "size": 2773.0}, {"op": "set", "side": "ask", "price": 0.17, "size": 219.0}, {"op": "set", "side": "ask", "price": 0.19, "size": 192.0}]}
{"t": 1776976053.276522, "events": [{"op": "delete", "side": "bid", "price": 0.79}, {"op": "set", "side": "ask", "price": 0.18, "size": 245.0}]}
{"t": 1776976054.2832232, "events": [{"op": "set", "side": "bid", "price": 0.78, "size": 24.0}, {"op": "set", "side": "ask", "price": 0.19, "size": 223.0}]}
{"t": 1776976058.306615, "events": [{"op": "delete", "side": "bid", "price": 0.78}, {"op": "delete", "side": "bid", "price": 0.77}, {"op": "set", "side": "bid", "price": 0.76, "size": 916.81}, {"op": "set", "side": "bid", "price": 0.58, "size": 16.0}, {"op": "set", "side": "bid", "price": 0.75, "size": 2500.0}, {"op": "delete", "side": "ask", "price": 0.17}, {"op": "delete", "side": "ask", "price": 0.18}, {"op": "delete", "side": "ask", "price": 0.19}]}
{"t": 1776976059.3257349, "events": [{"op": "set", "side": "bid", "price": 0.77, "size": 28.0}, {"op": "set", "side": "ask", "price": 0.15, "size": 34.0}]}
{"t": 1776976061.337662, "events": [{"op": "set", "side": "bid", "price": 0.77, "size": 575.0}, {"op": "set", "side": "bid", "price": 0.76, "size": 1128.81}, {"op": "set", "side": "bid", "price": 0.78, "size": 243.0}, {"op": "set", "side": "ask", "price": 0.14, "size": 144.0}, {"op": "set", "side": "ask", "price": 0.15, "size": 299.0}, {"op": "set", "side": "ask", "price": 0.16, "size": 424.0}]}
{"t": 1776976063.365494, "events": [{"op": "set", "side": "bid", "price": 0.77, "size": 547.0}, {"op": "set", "side": "ask", "price": 0.15, "size": 265.0}]}
{"t": 1776976064.375992, "events": [{"op": "set", "side": "bid", "price": 0.79, "size": 25.0}, {"op": "set", "side": "ask", "price": 0.17, "size": 32.0}]}
{"t": 1776976065.3873029, "events": [{"op": "delete", "side": "bid", "price": 0.78}, {"op": "delete", "side": "ask", "price": 0.15}, {"op": "delete", "side": "ask", "price": 0.16}]}
{"t": 1776976066.397533, "events": [{"op": "set", "side": "bid", "price": 0.77, "size": 363.0}, {"op": "set", "side": "bid", "price": 0.76, "size": 1672.81}, {"op": "set", "side": "bid", "price": 0.58, "size": 122.0}, {"op": "set", "side": "bid", "price": 0.75, "size": 2773.0}, {"op": "set", "side": "ask", "price": 0.14, "size": 142.0}, {"op": "set", "side": "ask", "price": 0.17, "size": 296.0}, {"op": "set", "side": "ask", "price": 0.18, "size": 424.0}]}
{"t": 1776976068.419334, "events": [{"op": "delete", "side": "bid", "price": 0.79}, {"op": "set", "side": "ask", "price": 0.17, "size": 264.0}]}
{"t": 1776976069.436353, "events": [{"op": "set", "side": "bid", "price": 0.78, "size": 25.0}, {"op": "set", "side": "ask", "price": 0.18, "size": 458.0}]}
{"t": 1776976074.460224, "events": [{"op": "set", "side": "bid", "price": 0.76, "size": 1552.81}, {"op": "set", "side": "bid", "price": 0.58, "size": 16.0}, {"op": "set", "side": "bid", "price": 0.75, "size": 2500.0}, {"op": "delete", "side": "ask", "price": 0.17}, {"op": "set", "side": "ask", "price": 0.18, "size": 258.0}]}
{"t": 1776976075.471221, "events": [{"op": "set", "side": "bid", "price": 0.78, "size": 389.0}, {"op": "set", "side": "bid", "price": 0.77, "size": 1000.0}, {"op": "delete", "side": "bid", "price": 0.38}, {"op": "set", "side": "bid", "price": 0.11, "size": 23.0}, {"op": "set", "side": "ask", "price": 0.14, "size": 328.0}, {"op": "set", "side": "ask", "price": 0.18, "size": 224.0}, {"op": "set", "side": "ask", "price": 0.15, "size": 40.0}, {"op": "set", "side": "ask", "price": 0.19, "size": 155.0}]}
{"t": 1776976077.482344, "events": [{"op": "set", "side": "bid", "price": 0.78, "size": 25.0}, {"op": "set", "side": "bid", "price": 0.77, "size": 363.0}, {"op": "set", "side": "bid", "price": 0.76, "size": 1672.81}, {"op": "set", "side": "bid", "price": 0.58, "size": 122.0}, {"op": "set", "side": "bid", "price": 0.38, "size": 26.0}, {"op": "set", "side": "bid", "price": 0.1, "size": 16.0}, {"op": "set", "side": "ask", "price": 0.14, "size": 150.0}, {"op": "delete", "side": "ask", "price": 0.18}, {"op": "delete", "side": "ask", "price": 0.19}]}
{"t": 1776976078.494921, "events": [{"op": "set", "side": "bid", "price": 0.75, "size": 2773.0}, {"op": "set", "side": "ask", "price": 0.15, "size": 268.0}, {"op": "set", "side": "ask", "price": 0.16, "size": 424.0}, {"op": "set", "side": "ask", "price": 0.17, "size": 35.0}]}
{"t": 1776976080.514966, "events": [{"op": "set", "side": "ask", "price": 0.18, "size": 53.0}]}
{"t": 1776976083.531923, "events": [{"op": "delete", "side": "ask", "price": 0.17}]}
{"t": 1776976084.54107, "events": [{"op": "set", "side": "ask", "price": 0.17, "size": 36.0}]}
{"t": 1776976085.548361, "events": [{"op": "delete", "side": "bid", "price": 0.78}, {"op": "set", "side": "bid", "price": 0.77, "size": 27.0}, {"op": "set", "side": "bid", "price": 0.76, "size": 916.81}, {"op": "set", "side": "bid", "price": 0.58, "size": 16.0}, {"op": "set", "side": "bid", "price": 0.75, "size": 2500.0}, {"op": "set", "side": "ask", "price": 0.14, "size": 109.0}, {"op": "delete", "side": "ask", "price": 0.15}, {"op": "delete", "side": "ask", "price": 0.16}]}
{"t": 1776976088.582797, "events": [{"op": "set", "side": "bid", "price": 0.77, "size": 547.0}, {"op": "set", "side": "bid", "price": 0.76, "size": 1128.81}, {"op": "set", "side": "bid", "price": 0.79, "size": 23.0}, {"op": "set", "side": "bid", "price": 0.78, "size": 243.0}, {"op": "set", "side": "ask", "price": 0.17, "size": 53.0}, {"op": "set", "side": "ask", "price": 0.18, "size": 362.0}, {"op": "set", "side": "ask", "price": 0.19, "size": 424.0}]}
{"t": 1776976091.599458, "events": [{"op": "delete", "side": "ask", "price": 0.17}]}
{"t": 1776976092.6074328, "events": [{"op": "set", "side": "bid", "price": 0.78, "size": 364.0}, {"op": "set", "side": "bid", "price": 0.76, "size": 1552.81}, {"op": "set", "side": "bid", "price": 0.77, "size": 1000.0}, {"op": "set", "side": "ask", "price": 0.18, "size": 255.0}, {"op": "set", "side": "ask", "price": 0.19, "size": 140.0}]}
{"t": 1776976093.6152132, "events": [{"op": "set", "side": "ask", "price": 0.14, "size": 252.0}, {"op": "set", "side": "ask", "price": 0.18, "size": 221.0}, {"op": "set", "side": "ask", "price": 0.15, "size": 40.0}]}
{"t": 1776976095.6349592, "events": [{"op": "set", "side": "ask", "price": 0.14, "size": 109.0}, {"op": "set", "side": "ask", "price": 0.18, "size": 156.0}, {"op": "set", "side": "ask", "price": 0.19, "size": 85.0}]}
{"t": 1776976097.657048, "events": [{"op": "set", "side": "ask", "price": 0.15, "size": 128.0}]}
{"t": 1776976098.6700659, "events": [{"op": "set", "side": "ask", "price": 0.15, "size": 88.0}, {"op": "set", "side": "ask", "price": 0.16, "size": 38.0}]}
{"t": 1776976099.67869, "events": [{"op": "delete", "side": "ask", "price": 0.15}, {"op": "set", "side": "ask", "price": 0.18, "size": 120.0}, {"op": "set", "side": "ask", "price": 0.19, "size": 60.0}]}
{"t": 1776976100.698726, "events": [{"op": "set", "side": "ask", "price": 0.16, "size": 92.0}]}
{"t": 1776976103.7164748, "events": [{"op": "set", "side": "ask", "price": 0.16, "size": 54.0}, {"op": "set", "side": "ask", "price": 0.17, "size": 36.0}]}
{"t": 1776976113.775799, "events": [{"op": "delete", "side": "bid", "price": 0.38}, {"op": "set", "side": "bid", "price": 0.1, "size": 40.0}, {"op": "delete", "side": "ask", "price": 0.16}, {"op": "set", "side": "ask", "price": 0.17, "size": 52.0}, {"op": "set", "side": "ask", "price": 0.18, "size": 115.0}, {"op": "set", "side": "ask", "price": 0.19, "size": 53.0}, {"op": "set", "side": "ask", "price": 0.15, "size": 39.0}]}
{"t": 1776976116.79982, "events": [{"op": "delete", "side": "bid", "price": 0.79}, {"op": "set", "side": "bid", "price": 0.78, "size": 25.0}, {"op": "set", "side": "bid", "price": 0.76, "size": 1672.81}, {"op": "set", "side": "bid", "price": 0.75, "size": 2773.0}, {"op": "set", "side": "bid", "price": 0.77, "size": 363.0}, {"op": "set", "side": "bid", "price": 0.58, "size": 122.0}, {"op": "set", "side": "bid", "price": 0.38, "size": 26.0}, {"op": "delete", "side": "bid", "price": 0.11}, {"op": "set", "side": "ask", "price": 0.15, "size": 91.0}, {"op": "delete", "side": "ask", "price": 0.17}, {"op": "set", "side": "ask", "price": 0.18, "size": 114.0}, {"op": "set", "side": "ask", "price": 0.19, "size": 52.0}]}
{"t": 1776976118.820491, "events": [{"op": "set", "side": "ask", "price": 0.15, "size": 52.0}]}
{"t": 1776976119.83535, "events": [{"op": "set", "side": "ask", "price": 0.16, "size": 38.0}]}
{"t": 1776976128.8931751, "events": [{"op": "set", "side": "bid", "price": 0.78, "size": 389.0}, {"op": "set", "side": "bid", "price": 0.77, "size": 1000.0}, {"op": "set", "side": "bid", "price": 0.76, "size": 1552.81}, {"op": "set", "side": "bid", "price": 0.58, "size": 16.0}, {"op": "set", "side": "bid", "price": 0.75, "size": 2500.0}, {"op": "delete", "side": "ask", "price": 0.15}, {"op": "set", "side": "ask", "price": 0.16, "size": 52.0}, {"op": "set", "side": "ask", "price": 0.19, "size": 51.0}, {"op": "set", "side": "ask", "price": 0.17, "size": 34.0}]}
{"t": 1776976130.9047801, "events": [{"op": "delete", "side": "ask", "price": 0.16}, {"op": "set", "side": "ask", "price": 0.17, "size": 86.0}]}
{"t": 1776976133.922157, "events": [{"op": "set", "side": "ask", "price": 0.17, "size": 52.0}, {"op": "set", "side": "ask", "price": 0.18, "size": 145.0}]}
{"t": 1776976135.934583, "events": [{"op": "set", "side": "bid", "price": 0.78, "size": 25.0}, {"op": "delete", "side": "bid", "price": 0.77}, {"op": "set", "side": "bid", "price": 0.76, "size": 916.81}, {"op": "delete", "side": "ask", "price": 0.17}, {"op": "set", "side": "ask", "price": 0.18, "size": 84.0}, {"op": "delete", "side": "ask", "price": 0.19}]}
{"t": 1776976136.9557, "events": [{"op": "delete", "side": "bid", "price": 0.78}, {"op": "set", "side": "bid", "price": 0.77, "size": 27.0}]}
{"t": 1776976137.96097, "events": [{"op": "set", "side": "ask", "price": 0.18, "size": 53.0}]}
{"t": 1776976138.9725718, "events": [{"op": "delete", "side": "ask", "price": 0.06}, {"op": "set", "side": "ask", "price": 0.15, "size": 38.0}]}
{"t": 1776976139.976351, "events": [{"op": "set", "side": "bid", "price": 0.77, "size": 547.0}, {"op": "set", "side": "bid", "price": 0.76, "size": 1128.81}, {"op": "set", "side": "bid", "price": 0.79, "size": 24.0}, {"op": "set", "side": "bid", "price": 0.78, "size": 243.0}, {"op": "set", "side": "ask", "price": 0.15, "size": 91.0}, {"op": "set", "side": "ask", "price": 0.18, "size": 328.0}, {"op": "set", "side": "ask", "price": 0.06, "size": 14.0}, {"op": "set", "side": "ask", "price": 0.19, "size": 424.0}]}
{"t": 1776976143.994279, "events": [{"op": "set", "side": "ask", "price": 0.15, "size": 53.0}, {"op": "set", "side": "ask", "price": 0.16, "size": 39.0}]}
{"t": 1776976145.000753, "events": [{"op": "set", "side": "ask", "price": 0.18, "size": 275.0}]}
{"t": 1776976152.035327, "events": [{"op": "delete", "side": "bid", "price": 0.79}, {"op": "delete", "side": "bid", "price": 0.78}, {"op": "set", "side": "bid", "price": 0.76, "size": 916.81}, {"op": "delete", "side": "bid", "price": 0.77}, {"op": "delete", "side": "ask", "price": 0.15}, {"op": "delete", "side": "ask", "price": 0.18}, {"op": "delete", "side": "ask", "price": 0.19}]}
{"t": 1776976153.054967, "events": [{"op": "set", "side": "bid", "price": 0.77, "size": 28.0}]}
{"t": 1776976154.063997, "events": [{"op": "set", "side": "bid", "price": 0.77, "size": 392.0}, {"op": "set", "side": "bid", "price": 0.76, "size": 1552.81}, {"op": "set", "side": "ask", "price": 0.14, "size": 148.0}, {"op": "set", "side": "ask", "price": 0.16, "size": 267.0}, {"op": "set", "side": "ask", "price": 0.17, "size": 457.0}]}
{"t": 1776976169.201382, "events": [{"op": "set", "side": "ask", "price": 0.17, "size": 475.0}]}
{"t": 1776976172.213068, "events": [{"op": "set", "side": "bid", "price": 0.76, "size": 1127.81}, {"op": "delete", "side": "ask", "price": 0.16}, {"op": "set", "side": "ask", "price": 0.17, "size": 281.0}]}
{"t": 1776976173.230133, "events": [{"op": "set", "side": "bid", "price": 0.77, "size": 544.0}, {"op": "set", "side": "bid", "price": 0.79, "size": 182.0}, {"op": "set", "side": "bid", "price": 0.8, "size": 24.0}, {"op": "set", "side": "bid", "price": 0.78, "size": 560.0}, {"op": "set", "side": "ask", "price": 0.14, "size": 328.0}, {"op": "set", "side": "ask", "price": 0.17, "size": 248.0}, {"op": "set", "side": "ask", "price": 0.15, "size": 38.0}, {"op": "set", "side": "ask", "price": 0.18, "size": 165.0}]}
{"t": 1776976175.24962, "events": [{"op": "delete", "side": "bid", "price": 0.79}, {"op": "set", "side": "bid", "price": 0.77, "size": 364.0}, {"op": "set", "side": "ask", "price": 0.14, "size": 109.0}]}
{"t": 1776976177.2679732, "events": [{"op": "set", "side": "bid", "price": 0.78, "size": 364.0}, {"op": "set", "side": "ask", "price": 0.17, "size": 122.0}, {"op": "set", "side": "ask", "price": 0.18, "size": 85.0}]}
{"t": 1776976178.273995, "events": [{"op": "delete", "side": "bid", "price": 0.8}, {"op": "set", "side": "bid", "price": 0.76, "size": 1552.81}, {"op": "set", "side": "bid", "price": 0.77, "size": 1000.0}, {"op": "set", "side": "ask", "price": 0.15, "size": 119.0}]}
{"t": 1776976179.287406, "events": [{"op": "set", "side": "bid", "price": 0.79, "size": 25.0}, {"op": "set", "side": "ask", "price": 0.16, "size": 36.0}]}
{"t": 1776976180.3032708, "events": [{"op": "set", "side": "ask", "price": 0.18, "size": 103.0}]}
{"t": 1776976183.318472, "events": [{"op": "delete", "side": "ask", "price": 0.16}]}
{"t": 1776976184.330831, "events": [{"op": "set", "side": "ask", "price": 0.16, "size": 36.0}]}
{"t": 1776976188.349905, "events": [{"op": "delete", "side": "ask", "price": 0.16}]}
{"t": 1776976189.36215, "events": [{"op": "set", "side": "ask", "price": 0.16, "size": 36.0}]}
{"t": 1776976193.395335, "events": [{"op": "delete", "side": "ask", "price": 0.16}]}
{"t": 1776976194.405488, "events": [{"op": "set", "side": "ask", "price": 0.16, "size": 36.0}]}
{"t": 1776976197.420757, "events": [{"op": "delete", "side": "bid", "price": 0.38}, {"op": "set", "side": "bid", "price": 0.11, "size": 26.0}, {"op": "delete", "side": "ask", "price": 0.15}, {"op": "delete", "side": "ask", "price": 0.17}, {"op": "set", "side": "ask", "price": 0.18, "size": 67.0}]}
{"t": 1776976198.435571, "events": [{"op": "set", "side": "ask", "price": 0.16, "size": 45.0}, {"op": "set", "side": "ask", "price": 0.17, "size": 34.0}, {"op": "set", "side": "ask", "price": 0.19, "size": 38.0}]}
{"t": 1776976200.4496331, "events": [{"op": "set", "side": "ask", "price": 0.18, "size": 49.0}]}
{"t": 1776976203.4636748, "events": [{"op": "delete", "side": "ask", "price": 0.17}]}
{"t": 1776976204.476952, "events": [{"op": "delete", "side": "bid", "price": 0.79}, {"op": "delete", "side": "bid", "price": 0.78}, {"op": "set", "side": "bid", "price": 0.76, "size": 916.81}, {"op": "delete", "side": "bid", "price": 0.77}, {"op": "set", "side": "bid", "price": 0.1, "size": 16.0}, {"op": "delete", "side": "ask", "price": 0.06}, {"op": "delete", "side": "ask", "price": 0.16}, {"op": "delete", "side": "ask", "price": 0.18}, {"op": "delete", "side": "ask", "price": 0.19}, {"op": "set", "side": "ask", "price": 0.17, "size": 34.0}, {"op": "set", "side": "ask", "price": 0.01, "size": 214.0}]}
{"t": 1776976205.4979851, "events": [{"op": "set", "side": "bid", "price": 0.77, "size": 28.0}]}
{"t": 1776976207.508864, "events": [{"op": "set", "side": "bid", "price": 0.77, "size": 575.0}, {"op": "set", "side": "bid", "price": 0.76, "size": 1128.81}, {"op": "set", "side": "bid", "price": 0.38, "size": 22.0}, {"op": "set", "side": "bid", "price": 0.78, "size": 243.0}, {"op": "set", "side": "ask", "price": 0.14, "size": 143.0}, {"op": "set", "side": "ask", "price": 0.17, "size": 298.0}, {"op": "set", "side": "ask", "price": 0.18, "size": 424.0}]}
{"t": 1776976208.525941, "events": [{"op": "set", "side": "bid", "price": 0.77, "size": 547.0}, {"op": "set", "side": "ask", "price": 0.17, "size": 264.0}]}
{"t": 1776976209.539958, "events": [{"op": "set", "side": "bid", "price": 0.79, "size": 37.0}, {"op": "set", "side": "ask", "price": 0.18, "size": 454.0}, {"op": "set", "side": "ask", "price": 0.19, "size": 68.0}]}
{"t": 1776976213.5675368, "events": [{"op": "set", "side": "ask", "price": 0.18, "size": 455.0}]}
{"t": 1776976214.569775, "events": [{"op": "delete", "side": "bid", "price": 0.78}, {"op": "set", "side": "ask", "price": 0.14, "size": 109.0}, {"op": "delete", "side": "ask", "price": 0.17}]}
{"t": 1776976215.5757089, "events": [{"op": "set", "side": "bid", "price": 0.79, "size": 12.0}, {"op": "set", "side": "bid", "price": 0.77, "size": 363.0}, {"op": "set", "side": "bid", "price": 0.76, "size": 1672.81}, {"op": "set", "side": "bid", "price": 0.58, "size": 122.0}, {"op": "set", "side": "bid", "price": 0.75, "size": 2773.0}, {"op": "set", "side": "bid", "price": 0.78, "size": 25.0}, {"op": "set", "side": "ask", "price": 0.18, "size": 98.0}, {"op": "set", "side": "ask", "price": 0.19, "size": 209.0}, {"op": "set", "side": "ask", "price": 0.2, "size": 176.0}]}
{"t": 1776976217.597552, "events": [{"op": "set", "side": "bid", "price": 0.75, "size": 2500.0}, {"op": "set", "side": "bid", "price": 0.58, "size": 16.0}]}
{"t": 1776976218.6080482, "events": [{"op": "set", "side": "bid", "price": 0.78, "size": 389.0}, {"op": "set", "side": "bid", "price": 0.76, "size": 1552.81}, {"op": "set", "side": "bid", "price": 0.77, "size": 1000.0}, {"op": "set", "side": "ask", "price": 0.18, "size": 74.0}, {"op": "set", "side": "ask", "price": 0.19, "size": 162.0}, {"op": "set", "side": "ask", "price": 0.2, "size": 85.0}, {"op": "set", "side": "ask", "price": 0.15, "size": 40.0}]}
{"t": 1776976220.6215591, "events": [{"op": "delete", "side": "ask", "price": 0.18}]}
{"t": 1776976222.6332319, "events": [{"op": "set", "side": "ask", "price": 0.15, "size": 106.0}, {"op": "set", "side": "ask", "price": 0.19, "size": 149.0}, {"op": "set", "side": "ask", "price": 0.2, "size": 71.0}]}
{"t": 1776976223.6436858, "events": [{"op": "set", "side": "ask", "price": 0.15, "size": 66.0}, {"op": "set", "side": "ask", "price": 0.19, "size": 148.0}, {"op": "set", "side": "ask", "price": 0.2, "size": 69.0}, {"op": "set", "side": "ask", "price": 0.16, "size": 38.0}]}
{"t": 1776976238.714187, "events": [{"op": "delete", "side": "ask", "price": 0.16}]}
{"t": 1776976239.7258828, "events": [{"op": "set", "side": "ask", "price": 0.16, "size": 38.0}]}
{"t": 1776976253.8076642, "events": [{"op": "delete", "side": "ask", "price": 0.16}]}
{"t": 1776976254.822479, "events": [{"op": "delete", "side": "ask", "price": 0.15}, {"op": "set", "side": "ask", "price": 0.16, "size": 38.0}]}
{"t": 1776976255.835129, "events": [{"op": "delete", "side": "bid", "price": 0.38}, {"op": "set", "side": "bid", "price": 0.1, "size": 65.0}, {"op": "delete", "side": "bid", "price": 0.11}, {"op": "set", "side": "ask", "price": 0.16, "size": 104.0}, {"op": "set", "side": "ask", "price": 0.19, "size": 147.0}, {"op": "set", "side": "ask", "price": 0.2, "size": 66.0}, {"op": "set", "side": "ask", "price": 0.06, "size": 15.0}, {"op": "set", "side": "ask", "price": 0.01, "size": 200.0}]}
{"t": 1776976258.864931, "events": [{"op": "set", "side": "ask", "price": 0.16, "size": 66.0}, {"op": "set", "side": "ask", "price": 0.17, "size": 36.0}]}
{"t": 1776976259.875783, "events": [{"op": "delete", "side": "ask", "price": 0.16}, {"op": "set", "side": "ask", "price": 0.19, "size": 146.0}]}
{"t": 1776976260.885631, "events": [{"op": "set", "side": "ask", "price": 0.17, "size": 102.0}]}
{"t": 1776976263.909769, "events": [{"op": "set", "side": "ask", "price": 0.17, "size": 66.0}, {"op": "set", "side": "ask", "price": 0.18, "size": 33.0}]}
{"t": 1776976272.989215, "events": [{"op": "delete", "side": "bid", "price": 0.79}, {"op": "set", "side": "ask", "price": 0.19, "size": 78.0}]}
{"t": 1776976273.996962, "events": [{"op": "set", "side": "ask", "price": 0.18, "size": 32.0}]}
{"t": 1776976276.0147579, "events": [{"op": "delete", "side": "ask", "price": 0.17}, {"op": "delete", "side": "ask", "price": 0.2}]}
{"t": 1776976277.039475, "events": [{"op": "set", "side": "ask", "price": 0.14, "size": 142.0}, {"op": "set", "side": "ask", "price": 0.18, "size": 295.0}, {"op": "set", "side": "ask", "price": 0.19, "size": 424.0}]}
{"t": 1776976279.0620182, "events": [{"op": "set", "side": "ask", "price": 0.18, "size": 263.0}, {"op": "set", "side": "ask", "price": 0.15, "size": 40.0}]}
{"t": 1776976280.070851, "events": [{"op": "delete", "side": "ask", "price": 0.06}, {"op": "delete", "side": "ask", "price": 0.18}, {"op": "delete", "side": "ask", "price": 0.19}]}
{"t": 1776976281.087897, "events": [{"op": "set", "side": "ask", "price": 0.14, "size": 149.0}, {"op": "set", "side": "ask", "price": 0.15, "size": 307.0}, {"op": "set", "side": "ask", "price": 0.06, "size": 15.0}, {"op": "set", "side": "ask", "price": 0.16, "size": 424.0}]}
{"t": 1776976283.1201952, "events": [{"op": "set", "side": "ask", "price": 0.16, "size": 442.0}]}
{"t": 1776976284.125754, "events": [{"op": "set", "side": "ask", "price": 0.15, "size": 267.0}, {"op": "set", "side": "ask", "price": 0.17, "size": 32.0}]}
{"t": 1776976285.139929, "events": [{"op": "set", "side": "bid", "price": 0.78, "size": 25.0}, {"op": "delete", "side": "bid", "price": 0.77}, {"op": "set", "side": "bid", "price": 0.76, "size": 916.81}, {"op": "set", "side": "ask", "price": 0.14, "size": 109.0}, {"op": "delete", "side": "ask", "price": 0.15}, {"op": "set", "side": "ask", "price": 0.16, "size": 18.0}]}
{"t": 1776976286.152321, "events": [{"op": "delete", "side": "bid", "price": 0.78}, {"op": "set", "side": "bid", "price": 0.1, "size": 16.0}, {"op": "set", "side": "bid", "price": 0.38, "size": 47.0}, {"op": "set", "side": "bid", "price": 0.77, "size": 28.0}]}
{"t": 1776976287.161626, "events": [{"op": "set", "side": "bid", "price": 0.77, "size": 574.0}, {"op": "set", "side": "bid", "price": 0.76, "size": 1128.81}, {"op": "set", "side": "bid", "price": 0.78, "size": 243.0}, {"op": "set", "side": "ask", "price": 0.16, "size": 51.0}, {"op": "set", "side": "ask", "price": 0.17, "size": 295.0}, {"op": "set", "side": "ask", "price": 0.18, "size": 424.0}]}
{"t": 1776976289.1844962, "events": [{"op": "set", "side": "bid", "price": 0.77, "size": 546.0}, {"op": "set", "side": "ask", "price": 0.17, "size": 263.0}]}
{"t": 1776976290.196137, "events": [{"op": "set", "side": "bid", "price": 0.79, "size": 25.0}, {"op": "set", "side": "ask", "price": 0.17, "size": 298.0}]}
{"t": 1776976291.210453, "events": [{"op": "set", "side": "ask", "price": 0.16, "size": 33.0}]}
{"t": 1776976292.216908, "events": [{"op": "set", "side": "ask", "price": 0.18, "size": 442.0}]}
{"t": 1776976301.276474, "events": [{"op": "delete", "side": "bid", "price": 0.79}, {"op": "delete", "side": "bid", "price": 0.78}, {"op": "set", "side": "bid", "price": 0.76, "size": 916.81}, {"op": "set", "side": "bid", "price": 0.77, "size": 28.0}, {"op": "delete", "side": "ask", "price": 0.06}, {"op": "delete", "side": "ask", "price": 0.16}, {"op": "set", "side": "ask", "price": 0.17, "size": 35.0}, {"op": "set", "side": "ask", "price": 0.18, "size": 18.0}, {"op": "set", "side": "ask", "price": 0.01, "size": 214.0}]}
{"t": 1776976303.3065321, "events": [{"op": "delete", "side": "ask", "price": 0.17}]}
{"t": 1776976304.313708, "events": [{"op": "set", "side": "bid", "price": 0.77, "size": 546.0}, {"op": "set", "side": "bid", "price": 0.76, "size": 1128.81}, {"op": "set", "side": "bid", "price": 0.79, "size": 24.0}, {"op": "set", "side": "bid", "price": 0.78, "size": 243.0}, {"op": "set", "side": "ask", "price": 0.14, "size": 128.0}, {"op": "set", "side": "ask", "price": 0.18, "size": 273.0}, {"op": "set", "side": "ask", "price": 0.15, "size": 37.0}, {"op": "set", "side": "ask", "price": 0.19, "size": 424.0}]}
{"t": 1776976307.3653572, "events": [{"op": "set", "side": "bid", "price": 0.78, "size": 364.0}, {"op": "set", "side": "bid", "price": 0.76, "size": 1552.81}, {"op": "set", "side": "bid", "price": 0.77, "size": 1000.0}, {"op": "set", "side": "ask", "price": 0.14, "size": 109.0}, {"op": "set", "side": "ask", "price": 0.15, "size": 170.0}, {"op": "set", "side": "ask", "price": 0.18, "size": 152.0}, {"op": "set", "side": "ask", "price": 0.19, "size": 92.0}]}
{"t": 1776976308.374354, "events": [{"op": "set", "side": "ask", "price": 0.15, "size": 133.0}]}
{"t": 1776976309.386129, "events": [{"op": "set", "side": "ask", "price": 0.16, "size": 37.0}]}
{"t": 1776976310.395447, "events": [{"op": "set", "side": "ask", "price": 0.18, "size": 134.0}]}
{"t": 1776976313.409361, "events": [{"op": "delete", "side": "ask", "price": 0.16}]}
{"t": 1776976314.4200819, "events": [{"op": "set", "side": "ask", "price": 0.16, "size": 37.0}]}
{"t": 1776976318.442741, "events": [{"op": "delete", "side": "ask", "price": 0.16}]}
{"t": 1776976319.457519, "events": [{"op": "set", "side": "ask", "price": 0.16, "size": 37.0}]}
{"t": 1776976323.4797351, "events": [{"op": "delete", "side": "bid", "price": 0.38}, {"op": "set", "side": "bid", "price": 0.1, "size": 60.0}, {"op": "delete", "side": "ask", "price": 0.15}, {"op": "delete", "side": "ask", "price": 0.18}, {"op": "delete", "side": "ask", "price": 0.19}]}
{"t": 1776976324.50117, "events": [{"op": "set", "side": "ask", "price": 0.14, "size": 146.0}, {"op": "set", "side": "ask", "price": 0.16, "size": 302.0}, {"op": "set", "side": "ask", "price": 0.17, "size": 424.0}, {"op": "set", "side": "ask", "price": 0.01, "size": 200.0}]}
{"t": 1776976325.519989, "events": [{"op": "set", "side": "ask", "price": 0.16, "size": 265.0}, {"op": "set", "side": "ask", "price": 0.17, "size": 457.0}, {"op": "set", "side": "ask", "price": 0.06, "size": 15.0}]}
{"t": 1776976329.543661, "events": [{"op": "set", "side": "ask", "price": 0.17, "size": 475.0}]}
{"t": 1776976332.56369, "events": [{"op": "delete", "side": "ask", "price": 0.16}]}
{"t": 1776976333.587355, "events": [{"op": "set", "side": "ask", "price": 0.14, "size": 328.0}, {"op": "set", "side": "ask", "price": 0.17, "size": 248.0}, {"op": "set", "side": "ask", "price": 0.18, "size": 165.0}]}
{"t": 1776976334.603316, "events": [{"op": "set", "side": "ask", "price": 0.15, "size": 39.0}]}
{"t": 1776976335.619046, "events": [{"op": "set", "side": "ask", "price": 0.14, "size": 228.0}, {"op": "set", "side": "ask", "price": 0.17, "size": 179.0}, {"op": "set", "side": "ask", "price": 0.18, "size": 153.0}]}
{"t": 1776976339.6474261, "events": [{"op": "set", "side": "ask", "price": 0.14, "size": 109.0}, {"op": "delete", "side": "ask", "price": 0.15}]}
{"t": 1776976340.6580539, "events": [{"op": "delete", "side": "bid", "price": 0.78}, {"op": "set", "side": "bid", "price": 0.76, "size": 916.81}, {"op": "delete", "side": "bid", "price": 0.77}, {"op": "set", "side": "ask", "price": 0.17, "size": 18.0}, {"op": "delete", "side": "ask", "price": 0.18}, {"op": "set", "side": "ask", "price": 0.15, "size": 38.0}]}
{"t": 1776976341.674314, "events": [{"op": "delete", "side": "bid", "price": 0.79}, {"op": "set", "side": "ask", "price": 0.15, "size": 122.0}, {"op": "delete", "side": "ask", "price": 0.17}]}
{"t": 1776976342.686982, "events": [{"op": "set", "side": "bid", "price": 0.77, "size": 28.0}, {"op": "set", "side": "ask", "price": 0.15, "size": 94.0}]}
{"t": 1776976343.692986, "events": [{"op": "set", "side": "bid", "price": 0.77, "size": 392.0}, {"op": "set", "side": "bid", "price": 0.76, "size": 1552.81}, {"op": "set", "side": "ask", "price": 0.14, "size": 154.0}, {"op": "set", "side": "ask", "price": 0.16, "size": 50.0}, {"op": "set", "side": "ask", "price": 0.17, "size": 18.0}]}
{"t": 1776976344.703347, "events": [{"op": "set", "side": "bid", "price": 0.77, "size": 28.0}, {"op": "set", "side": "bid", "price": 0.76, "size": 916.81}, {"op": "delete", "side": "ask", "price": 0.06}, {"op": "set", "side": "ask", "price": 0.14, "size": 109.0}, {"op": "delete", "side": "ask", "price": 0.15}, {"op": "set", "side": "ask", "price": 0.16, "size": 33.0}, {"op": "set", "side": "ask", "price": 0.01, "size": 215.0}]}
{"t": 1776976348.738213, "events": [{"op": "set", "side": "bid", "price": 0.77, "size": 546.0}, {"op": "set", "side": "bid", "price": 0.76, "size": 1128.81}, {"op": "set", "side": "bid", "price": 0.1, "size": 16.0}, {"op": "set", "side": "bid", "price": 0.38, "size": 46.0}, {"op": "set", "side": "bid", "price": 0.78, "size": 243.0}, {"op": "set", "side": "ask", "price": 0.16, "size": 52.0}, {"op": "set", "side": "ask", "price": 0.17, "size": 273.0}, {"op": "set", "side": "ask", "price": 0.18, "size": 424.0}]}
{"t": 1776976349.756854, "events": [{"op": "set", "side": "bid", "price": 0.79, "size": 25.0}]}
{"t": 1776976350.768629, "events": [{"op": "set", "side": "ask", "price": 0.16, "size": 19.0}]}
{"t": 1776976351.775647, "events": [{"op": "delete", "side": "bid", "price": 0.79}, {"op": "delete", "side": "bid", "price": 0.78}, {"op": "set", "side": "bid", "price": 0.76, "size": 916.81}, {"op": "delete", "side": "bid", "price": 0.77}, {"op": "delete", "side": "ask", "price": 0.16}, {"op": "set", "side": "ask", "price": 0.17, "size": 18.0}, {"op": "delete", "side": "ask", "price": 0.18}, {"op": "set", "side": "ask", "price": 0.15, "size": 36.0}]}
{"t": 1776976352.80179, "events": [{"op": "set", "side": "bid", "price": 0.77, "size": 28.0}, {"op": "delete", "side": "ask", "price": 0.17}]}
{"t": 1776976355.830212, "events": [{"op": "delete", "side": "ask", "price": 0.15}, {"op": "set", "side": "ask", "price": 0.16, "size": 18.0}]}
{"t": 1776976356.839608, "events": [{"op": "set", "side": "ask", "price": 0.16, "size": 51.0}]}
{"t": 1776976357.858582, "events": [{"op": "set", "side": "bid", "price": 0.77, "size": 546.0}, {"op": "set", "side": "bid", "price": 0.76, "size": 1128.81}, {"op": "set", "side": "bid", "price": 0.78, "size": 243.0}, {"op": "set", "side": "ask", "price": 0.16, "size": 306.0}, {"op": "set", "side": "ask", "price": 0.15, "size": 19.0}, {"op": "set", "side": "ask", "price": 0.17, "size": 424.0}]}
{"t": 1776976358.871298, "events": [{"op": "set", "side": "bid", "price": 0.79, "size": 25.0}]}
{"t": 1776976359.87871, "events": [{"op": "delete", "side": "ask", "price": 0.15}, {"op": "set", "side": "ask", "price": 0.16, "size": 163.0}, {"op": "set", "side": "ask", "price": 0.17, "size": 112.0}]}
{"t": 1776976360.895073, "events": [{"op": "set", "side": "bid", "price": 0.78, "size": 364.0}, {"op": "set", "side": "bid", "price": 0.76, "size": 1552.81}, {"op": "set", "side": "bid", "price": 0.77, "size": 1000.0}, {"op": "set", "side": "ask", "price": 0.14, "size": 242.0}]}
{"t": 1776976361.903726, "events": [{"op": "set", "side": "ask", "price": 0.17, "size": 144.0}]}
{"t": 1776976362.91397, "events": [{"op": "set", "side": "ask", "price": 0.14, "size": 109.0}, {"op": "set", "side": "ask", "price": 0.16, "size": 77.0}, {"op": "set", "side": "ask", "price": 0.17, "size": 114.0}]}
{"t": 1776976363.930155, "events": [{"op": "set", "side": "ask", "price": 0.18, "size": 81.0}]}
{"t": 1776976364.937811, "events": [{"op": "set", "side": "ask", "price": 0.17, "size": 82.0}]}
{"t": 1776976365.9445639, "events": [{"op": "set", "side": "ask", "price": 0.17, "size": 116.0}]}
{"t": 1776976370.9749482, "events": [{"op": "set", "side": "ask", "price": 0.17, "size": 82.0}]}
{"t": 1776976371.985274, "events": [{"op": "set", "side": "ask", "price": 0.17, "size": 115.0}]}
{"t": 1776976375.010626, "events": [{"op": "set", "side": "ask", "price": 0.17, "size": 82.0}]}
{"t": 1776976376.01981, "events": [{"op": "set", "side": "ask", "price": 0.17, "size": 115.0}]}
{"t": 1776976379.035361, "events": [{"op": "set", "side": "ask", "price": 0.16, "size": 59.0}]}
{"t": 1776976380.038481, "events": [{"op": "set", "side": "ask", "price": 0.18, "size": 99.0}]}
{"t": 1776976385.0620549, "events": [{"op": "set", "side": "ask", "price": 0.17, "size": 82.0}]}
{"t": 1776976386.068693, "events": [{"op": "set", "side": "ask", "price": 0.17, "size": 115.0}]}
{"t": 1776976390.085834, "events": [{"op": "delete", "side": "bid", "price": 0.38}, {"op": "set", "side": "bid", "price": 0.1, "size": 62.0}, {"op": "delete", "side": "ask", "price": 0.16}, {"op": "set", "side": "ask", "price": 0.17, "size": 43.0}, {"op": "set", "side": "ask", "price": 0.18, "size": 73.0}, {"op": "set", "side": "ask", "price": 0.06, "size": 14.0}, {"op": "set", "side": "ask", "price": 0.19, "size": 50.0}, {"op": "set", "side": "ask", "price": 0.01, "size": 200.0}]}
{"t": 1776976391.098208, "events": [{"op": "set", "side": "ask", "price": 0.18, "size": 103.0}]}
{"t": 1776976393.108543, "events": [{"op": "delete", "side": "ask", "price": 0.17}, {"op": "set", "side": "ask", "price": 0.18, "size": 85.0}, {"op": "set", "side": "ask", "price": 0.19, "size": 46.0}]}
{"t": 1776976394.119156, "events": [{"op": "set", "side": "ask", "price": 0.14, "size": 157.0}, {"op": "set", "side": "ask", "price": 0.18, "size": 86.0}]}
{"t": 1776976395.125777, "events": [{"op": "set", "side": "ask", "price": 0.18, "size": 56.0}]}
{"t": 1776976396.130979, "events": [{"op": "set", "side": "ask", "price": 0.15, "size": 39.0}]}
{"t": 1776976400.151349, "events": [{"op": "delete", "side": "ask", "price": 0.15}]}
{"t": 1776976401.163003, "events": [{"op": "set", "side": "ask", "price": 0.15, "size": 39.0}]}
{"t": 1776976405.183253, "events": [{"op": "delete", "side": "ask", "price": 0.15}]}
{"t": 1776976406.18958, "events": [{"op": "set", "side": "ask", "price": 0.15, "size": 39.0}]}
{"t": 1776976415.243485, "events": [{"op": "delete", "side": "ask", "price": 0.06}, {"op": "delete", "side": "ask", "price": 0.15}, {"op": "delete", "side": "ask", "price": 0.18}, {"op": "delete", "side": "ask", "price": 0.19}, {"op": "set", "side": "ask", "price": 0.01, "size": 215.0}]}
{"t": 1776976416.25911, "events": [{"op": "set", "side": "ask", "price": 0.14, "size": 148.0}, {"op": "set", "side": "ask", "price": 0.15, "size": 301.0}, {"op": "set", "side": "ask", "price": 0.16, "size": 424.0}]}
{"t": 1776976417.278729, "events": [{"op": "set", "side": "ask", "price": 0.16, "size": 442.0}]}
{"t": 1776976420.296268, "events": [{"op": "set", "side": "ask", "price": 0.15, "size": 267.0}]}
{"t": 1776976421.30323, "events": [{"op": "set", "side": "ask", "price": 0.17, "size": 33.0}]}
{"t": 1776976422.307911, "events": [{"op": "set", "side": "ask", "price": 0.16, "size": 424.0}]}
{"t": 1776976423.3098712, "events": [{"op": "set", "side": "ask", "price": 0.14, "size": 109.0}, {"op": "delete", "side": "ask", "price": 0.15}, {"op": "set", "side": "ask", "price": 0.16, "size": 34.0}, {"op": "set", "side": "ask", "price": 0.17, "size": 142.0}, {"op": "set", "side": "ask", "price": 0.18, "size": 173.0}]}
{"t": 1776976425.340163, "events": [{"op": "delete", "side": "bid", "price": 0.79}, {"op": "delete", "side": "bid", "price": 0.78}, {"op": "set", "side": "bid", "price": 0.76, "size": 916.81}, {"op": "set", "side": "bid", "price": 0.77, "size": 28.0}, {"op": "set", "side": "bid", "price": 0.38, "size": 39.0}, {"op": "set", "side": "bid", "price": 0.1, "size": 16.0}, {"op": "delete", "side": "ask", "price": 0.16}, {"op": "delete", "side": "ask", "price": 0.17}, {"op": "set", "side": "ask", "price": 0.18, "size": 18.0}, {"op": "set", "side": "ask", "price": 0.15, "size": 37.0}]}
{"t": 1776976428.364198, "events": [{"op": "set", "side": "bid", "price": 0.77, "size": 574.0}, {"op": "set", "side": "bid", "price": 0.76, "size": 1128.81}, {"op": "set", "side": "bid", "price": 0.78, "size": 243.0}, {"op": "set", "side": "ask", "price": 0.15, "size": 56.0}, {"op": "set", "side": "ask", "price": 0.18, "size": 273.0}, {"op": "set", "side": "ask", "price": 0.19, "size": 424.0}]}
{"t": 1776976430.376935, "events": [{"op": "set", "side": "bid", "price": 0.77, "size": 546.0}, {"op": "set", "side": "ask", "price": 0.15, "size": 19.0}]}
{"t": 1776976431.391558, "events": [{"op": "set", "side": "bid", "price": 0.78, "size": 457.0}, {"op": "set", "side": "bid", "price": 0.77, "size": 545.0}, {"op": "set", "side": "bid", "price": 0.76, "size": 1127.81}, {"op": "set", "side": "bid", "price": 0.79, "size": 148.0}, {"op": "set", "side": "ask", "price": 0.15, "size": 133.0}, {"op": "set", "side": "ask", "price": 0.18, "size": 144.0}, {"op": "set", "side": "ask", "price": 0.19, "size": 78.0}, {"op": "set", "side": "ask", "price": 0.16, "size": 37.0}]}
{"t": 1776976432.401032, "events": [{"op": "set", "side": "ask", "price": 0.18, "size": 126.0}]}
{"t": 1776976435.41402, "events": [{"op": "delete", "side": "ask", "price": 0.16}]}
{"t": 1776976436.4190028, "events": [{"op": "set", "side": "bid", "price": 0.79, "size": 25.0}, {"op": "set", "side": "bid", "price": 0.78, "size": 364.0}, {"op": "set", "side": "ask", "price": 0.15, "size": 19.0}, {"op": "delete", "side": "ask", "price": 0.18}, {"op": "delete", "side": "ask", "price": 0.19}, {"op": "set", "side": "ask", "price": 0.16, "size": 37.0}]}
{"t": 1776976437.425882, "events": [{"op": "set", "side": "bid", "price": 0.76, "size": 1552.81}, {"op": "set", "side": "bid", "price": 0.77, "size": 1000.0}, {"op": "set", "side": "ask", "price": 0.08, "size": 108.0}, {"op": "set", "side": "ask", "price": 0.14, "size": 418.0}, {"op": "set", "side": "ask", "price": 0.15, "size": 424.0}]}
{"t": 1776976438.4467258, "events": [{"op": "set", "side": "ask", "price": 0.08, "size": 1.0}, {"op": "set", "side": "ask", "price": 0.14, "size": 146.0}, {"op": "delete", "side": "ask", "price": 0.15}, {"op": "set", "side": "ask", "price": 0.16, "size": 91.0}, {"op": "set", "side": "ask", "price": 0.06, "size": 15.0}, {"op": "set", "side": "ask", "price": 0.17, "size": 56.0}, {"op": "set", "side": "ask", "price": 0.01, "size": 200.0}]}
{"t": 1776976440.468045, "events": [{"op": "set", "side": "ask", "price": 0.16, "size": 54.0}, {"op": "set", "side": "ask", "price": 0.15, "size": 37.0}]}
{"t": 1776976442.480271, "events": [{"op": "set", "side": "ask", "price": 0.15, "size": 302.0}, {"op": "set", "side": "ask", "price": 0.16, "size": 424.0}, {"op": "delete", "side": "ask", "price": 0.17}]}
{"t": 1776976443.4918458, "events": [{"op": "set", "side": "ask", "price": 0.15, "size": 182.0}, {"op": "set", "side": "ask", "price": 0.16, "size": 106.0}]}
{"t": 1776976444.5010781, "events": [{"op": "set", "side": "ask", "price": 0.14, "size": 246.0}]}
{"t": 1776976445.5077739, "events": [{"op": "set", "side": "ask", "price": 0.15, "size": 145.0}, {"op": "set", "side": "ask", "price": 0.16, "size": 139.0}]}
{"t": 1776976451.535392, "events": [{"op": "delete", "side": "ask", "price": 0.15}]}
{"t": 1776976452.543754, "events": [{"op": "set", "side": "ask", "price": 0.14, "size": 165.0}, {"op": "set", "side": "ask", "price": 0.16, "size": 98.0}]}
{"t": 1776976453.5542011, "events": [{"op": "set", "side": "ask", "price": 0.16, "size": 65.0}, {"op": "set", "side": "ask", "price": 0.15, "size": 37.0}, {"op": "set", "side": "ask", "price": 0.17, "size": 54.0}]}
{"t": 1776976455.5719721, "events": [{"op": "set", "side": "ask", "price": 0.14, "size": 146.0}, {"op": "set", "side": "ask", "price": 0.15, "size": 265.0}, {"op": "set", "side": "ask", "price": 0.16, "size": 424.0}, {"op": "set", "side": "ask", "price": 0.17, "size": 30.0}]}
{"t": 1776976457.590011, "events": [{"op": "delete", "side": "ask", "price": 0.15}, {"op": "delete", "side": "ask", "price": 0.16}]}
{"t": 1776976459.62, "events": [{"op": "delete", "side": "ask", "price": 0.06}, {"op": "set", "side": "ask", "price": 0.14, "size": 139.0}, {"op": "set", "side": "ask", "price": 0.01, "size": 215.0}]}
{"t": 1776976460.625124, "events": [{"op": "set", "side": "ask", "price": 0.17, "size": 262.0}, {"op": "set", "side": "ask", "price": 0.15, "size": 39.0}, {"op": "set", "side": "ask", "price": 0.18, "size": 424.0}]}
{"t": 1776976461.631319, "events": [{"op": "delete", "side": "bid", "price": 0.38}, {"op": "set", "side": "bid", "price": 0.1, "size": 60.0}, {"op": "delete", "side": "ask", "price": 0.17}, {"op": "delete", "side": "ask", "price": 0.18}]}
{"t": 1776976462.638276, "events": [{"op": "set", "side": "bid", "price": 0.8, "size": 12.0}, {"op": "set", "side": "ask", "price": 0.14, "size": 148.0}, {"op": "set", "side": "ask", "price": 0.15, "size": 306.0}, {"op": "set", "side": "ask", "price": 0.16, "size": 424.0}, {"op": "set", "side": "ask", "price": 0.17, "size": 68.0}]}
{"t": 1776976465.66493, "events": [{"op": "delete", "side": "bid", "price": 0.79}, {"op": "set", "side": "bid", "price": 0.76, "size": 916.81}, {"op": "delete", "side": "bid", "price": 0.78}, {"op": "set", "side": "bid", "price": 0.77, "size": 28.0}, {"op": "set", "side": "ask", "price": 0.14, "size": 109.0}, {"op": "set", "side": "ask", "price": 0.15, "size": 36.0}, {"op": "delete", "side": "ask", "price": 0.16}]}
{"t": 1776976468.700096, "events": [{"op": "set", "side": "bid", "price": 0.77, "size": 574.0}, {"op": "set", "side": "bid", "price": 0.76, "size": 1128.81}, {"op": "set", "side": "bid", "price": 0.78, "size": 243.0}, {"op": "set", "side": "ask", "price": 0.14, "size": 147.0}, {"op": "set", "side": "ask", "price": 0.15, "size": 88.0}, {"op": "set", "side": "ask", "price": 0.17, "size": 111.0}]}
{"t": 1776976470.713255, "events": [{"op": "set", "side": "bid", "price": 0.77, "size": 546.0}, {"op": "set", "side": "bid", "price": 0.79, "size": 26.0}, {"op": "set", "side": "ask", "price": 0.15, "size": 52.0}, {"op": "set", "side": "ask", "price": 0.16, "size": 33.0}]}
{"t": 1776976472.725442, "events": [{"op": "set", "side": "bid", "price": 0.76, "size": 1552.81}, {"op": "set", "side": "bid", "price": 0.78, "size": 364.0}, {"op": "set", "side": "bid", "price": 0.77, "size": 1000.0}, {"op": "set", "side": "ask", "price": 0.14, "size": 109.0}, {"op": "delete", "side": "ask", "price": 0.15}, {"op": "set", "side": "ask", "price": 0.16, "size": 99.0}, {"op": "set", "side": "ask", "price": 0.17, "size": 134.0}, {"op": "set", "side": "ask", "price": 0.18, "size": 44.0}]}
{"t": 1776976474.742902, "events": [{"op": "set", "side": "ask", "price": 0.16, "size": 66.0}]}
{"t": 1776976475.752197, "events": [{"op": "set", "side": "ask", "price": 0.17, "size": 165.0}]}
{"t": 1776976477.761339, "events": [{"op": "delete", "side": "bid", "price": 0.79}, {"op": "set", "side": "bid", "price": 0.76, "size": 916.81}, {"op": "delete", "side": "bid", "price": 0.78}, {"op": "delete", "side": "bid", "price": 0.77}, {"op": "delete", "side": "ask", "price": 0.16}, {"op": "set", "side": "ask", "price": 0.17, "size": 99.0}, {"op": "delete", "side": "ask", "price": 0.18}]}
{"t": 1776976478.778097, "events": [{"op": "set", "side": "bid", "price": 0.38, "size": 47.0}, {"op": "set", "side": "bid", "price": 0.77, "size": 28.0}, {"op": "delete", "side": "bid", "price": 0.01}]}
{"t": 1776976479.7830348, "events": [{"op": "set", "side": "ask", "price": 0.17, "size": 68.0}]}
{"t": 1776976480.793513, "events": [{"op": "delete", "side": "bid", "price": 0.8}, {"op": "set", "side": "bid", "price": 0.77, "size": 546.0}, {"op": "set", "side": "bid", "price": 0.76, "size": 1067.96}, {"op": "set", "side": "bid", "price": 0.11, "size": 13.0}, {"op": "set", "side": "bid", "price": 0.78, "size": 243.0}, {"op": "set", "side": "ask", "price": 0.14, "size": 176.0}, {"op": "set", "side": "ask", "price": 0.17, "size": 352.0}, {"op": "set", "side": "ask", "price": 0.15, "size": 36.0}, {"op": "set", "side": "ask", "price": 0.18, "size": 424.0}]}
{"t": 1776976482.813592, "events": [{"op": "set", "side": "bid", "price": 0.77, "size": 573.0}, {"op": "set", "side": "ask", "price": 0.06, "size": 17.0}, {"op": "set", "side": "ask", "price": 0.01, "size": 200.0}]}
{"t": 1776976484.820907, "events": [{"op": "set", "side": "bid", "price": 0.77, "size": 505.0}, {"op": "set", "side": "bid", "price": 0.76, "size": 1045.96}, {"op": "set", "side": "ask", "price": 0.14, "size": 109.0}, {"op": "set", "side": "ask", "price": 0.17, "size": 247.0}, {"op": "set", "side": "ask", "price": 0.18, "size": 150.0}]}
{"t": 1776976485.858399, "events": [{"op": "set", "side": "bid", "price": 0.78, "size": 453.0}, {"op": "set", "side": "bid", "price": 0.77, "size": 478.0}, {"op": "set", "side": "bid", "price": 0.79, "size": 123.0}, {"op": "set", "side": "ask", "price": 0.15, "size": 148.0}, {"op": "set", "side": "ask", "price": 0.16, "size": 36.0}]}
{"t": 1776976489.887844, "events": [{"op": "set", "side": "bid", "price": 0.78, "size": 426.0}, {"op": "delete", "side": "ask", "price": 0.16}]}
{"t": 1776976490.901129, "events": [{"op": "delete", "side": "bid", "price": 0.79}, {"op": "set", "side": "bid", "price": 0.78, "size": 26.0}, {"op": "set", "side": "bid", "price": 0.77, "size": 326.0}, {"op": "delete", "side": "ask", "price": 0.15}, {"op": "set", "side": "ask", "price": 0.17, "size": 200.0}, {"op": "set", "side": "ask", "price": 0.18, "size": 127.0}, {"op": "set", "side": "ask", "price": 0.16, "size": 37.0}]}
{"t": 1776976491.914994, "events": [{"op": "set", "side": "bid", "price": 0.76, "size": 1547.96}, {"op": "set", "side": "bid", "price": 0.58, "size": 122.0}, {"op": "set", "side": "bid", "price": 0.75, "size": 2773.0}, {"op": "set", "side": "ask", "price": 0.14, "size": 203.0}]}
{"t": 1776976494.9357922, "events": [{"op": "delete", "side": "ask", "price": 0.16}]}
{"t": 1776976495.9455118, "events": [{"op": "set", "side": "ask", "price": 0.18, "size": 157.0}]}
{"t": 1776976504.995602, "events": [{"op": "set", "side": "bid", "price": 0.58, "size": 16.0}, {"op": "set", "side": "bid", "price": 0.75, "size": 2500.0}, {"op": "set", "side": "ask", "price": 0.14, "size": 109.0}]}
{"t": 1776976506.004798, "events": [{"op": "set", "side": "bid", "price": 0.78, "size": 390.0}, {"op": "set", "side": "bid", "price": 0.77, "size": 1000.0}, {"op": "set", "side": "bid", "price": 0.76, "size": 1491.96}, {"op": "set", "side": "ask", "price": 0.17, "size": 147.0}, {"op": "set", "side": "ask", "price": 0.18, "size": 107.0}, {"op": "set", "side": "ask", "price": 0.15, "size": 39.0}, {"op": "set", "side": "ask", "price": 0.19, "size": 103.0}]}
{"t": 1776976510.0364318, "events": [{"op": "delete", "side": "ask", "price": 0.15}]}
{"t": 1776976511.044847, "events": [{"op": "set", "side": "ask", "price": 0.18, "size": 138.0}]}
{"t": 1776976517.098359, "events": [{"op": "delete", "side": "bid", "price": 0.37}, {"op": "set", "side": "bid", "price": 0.35, "size": 3211.0}, {"op": "delete", "side": "ask", "price": 0.05}]}
{"t": 1776976518.10238, "events": [{"op": "set", "side": "ask", "price": 0.02, "size": 2246.0}]}
{"t": 1776976520.122738, "events": [{"op": "set", "side": "ask", "price": 0.18, "size": 107.0}]}
{"t": 1776976521.1357608, "events": [{"op": "set", "side": "bid", "price": 0.78, "size": 26.0}, {"op": "set", "side": "bid", "price": 0.77, "size": 327.0}, {"op": "set", "side": "bid", "price": 0.76, "size": 1549.96}, {"op": "set", "side": "bid", "price": 0.58, "size": 122.0}, {"op": "set", "side": "bid", "price": 0.75, "size": 2773.0}, {"op": "set", "side": "ask", "price": 0.14, "size": 172.0}, {"op": "set", "side": "ask", "price": 0.17, "size": 152.0}, {"op": "set", "side": "ask", "price": 0.18, "size": 109.0}, {"op": "delete", "side": "ask", "price": 0.19}]}
{"t": 1776976525.156095, "events": [{"op": "set", "side": "ask", "price": 0.17, "size": 84.0}]}
{"t": 1776976526.162179, "events": [{"op": "set", "side": "ask", "price": 0.18, "size": 111.0}, {"op": "set", "side": "ask", "price": 0.19, "size": 70.0}]}
{"t": 1776976530.176915, "events": [{"op": "set", "side": "ask", "price": 0.18, "size": 79.0}]}
{"t": 1776976531.1844459, "events": [{"op": "set", "side": "ask", "price": 0.18, "size": 111.0}]}
{"t": 1776976535.199321, "events": [{"op": "set", "side": "ask", "price": 0.18, "size": 79.0}]}
{"t": 1776976536.203557, "events": [{"op": "delete", "side": "bid", "price": 0.78}, {"op": "set", "side": "bid", "price": 0.77, "size": 27.0}, {"op": "set", "side": "bid", "price": 0.76, "size": 855.96}, {"op": "set", "side": "bid", "price": 0.58, "size": 16.0}, {"op": "set", "side": "bid", "price": 0.75, "size": 2500.0}, {"op": "set", "side": "ask", "price": 0.14, "size": 109.0}, {"op": "delete", "side": "ask", "price": 0.17}, {"op": "set", "side": "ask", "price": 0.18, "size": 32.0}]}
{"t": 1776976537.216504, "events": [{"op": "set", "side": "bid", "price": 0.77, "size": 614.0}, {"op": "set", "side": "bid", "price": 0.76, "size": 1067.96}, {"op": "set", "side": "bid", "price": 0.78, "size": 266.0}, {"op": "set", "side": "ask", "price": 0.18, "size": 116.0}, {"op": "set", "side": "ask", "price": 0.19, "size": 386.0}, {"op": "set", "side": "ask", "price": 0.2, "size": 424.0}]}
{"t": 1776976540.237312, "events": [{"op": "set", "side": "bid", "price": 0.77, "size": 587.0}, {"op": "set", "side": "ask", "price": 0.18, "size": 84.0}]}
{"t": 1776976541.245595, "events": [{"op": "set", "side": "bid", "price": 0.78, "size": 290.0}, {"op": "set", "side": "bid", "price": 0.77, "size": 484.0}, {"op": "set", "side": "bid", "price": 0.76, "size": 1047.96}, {"op": "set", "side": "ask", "price": 0.19, "size": 299.0}, {"op": "set", "side": "ask", "price": 0.2, "size": 167.0}]}
{"t": 1776976544.27052, "events": [{"op": "set", "side": "bid", "price": 0.78, "size": 462.0}, {"op": "set", "side": "bid", "price": 0.79, "size": 128.0}, {"op": "set", "side": "ask", "price": 0.18, "size": 161.0}]}
{"t": 1776976545.305117, "events": [{"op": "set", "side": "bid", "price": 0.79, "size": 24.0}, {"op": "set", "side": "bid", "price": 0.78, "size": 438.0}, {"op": "delete", "side": "ask", "price": 0.18}, {"op": "set", "side": "ask", "price": 0.19, "size": 268.0}, {"op": "set", "side": "ask", "price": 0.15, "size": 40.0}]}
{"t": 1776976546.315924, "events": [{"op": "set", "side": "bid", "price": 0.78, "size": 364.0}, {"op": "set", "side": "bid", "price": 0.76, "size": 1491.96}, {"op": "set", "side": "bid", "price": 0.77, "size": 1000.0}, {"op": "set", "side": "ask", "price": 0.14, "size": 214.0}, {"op": "set", "side": "ask", "price": 0.19, "size": 225.0}, {"op": "set", "side": "ask", "price": 0.2, "size": 155.0}]}
{"t": 1776976548.331649, "events": [{"op": "set", "side": "ask", "price": 0.14, "size": 109.0}]}
{"t": 1776976549.3694139, "events": [{"op": "set", "side": "ask", "price": 0.19, "size": 196.0}, {"op": "set", "side": "ask", "price": 0.2, "size": 122.0}]}
{"t": 1776976550.374534, "events": [{"op": "set", "side": "ask", "price": 0.15, "size": 84.0}, {"op": "set", "side": "ask", "price": 0.16, "size": 38.0}]}
{"t": 1776976552.38733, "events": [{"op": "delete", "side": "ask", "price": 0.15}, {"op": "set", "side": "ask", "price": 0.19, "size": 173.0}, {"op": "set", "side": "ask", "price": 0.2, "size": 105.0}]}
{"t": 1776976553.394047, "events": [{"op": "set", "side": "ask", "price": 0.16, "size": 106.0}]}
{"t": 1776976555.404792, "events": [{"op": "set", "side": "ask", "price": 0.16, "size": 68.0}]}
{"t": 1776976556.4166641, "events": [{"op": "set", "side": "ask", "price": 0.17, "size": 37.0}]}
{"t": 1776976560.430049, "events": [{"op": "delete", "side": "ask", "price": 0.16}, {"op": "set", "side": "ask", "price": 0.17, "size": 55.0}, {"op": "set", "side": "ask", "price": 0.19, "size": 156.0}, {"op": "set", "side": "ask", "price": 0.2, "size": 88.0}]}
{"t": 1776976561.438821, "events": [{"op": "set", "side": "ask", "price": 0.18, "size": 31.0}]}
{"t": 1776976565.468847, "events": [{"op": "delete", "side": "ask", "price": 0.17}, {"op": "delete", "side": "ask", "price": 0.18}, {"op": "set", "side": "ask", "price": 0.15, "size": 39.0}]}
{"t": 1776976566.4827142, "events": [{"op": "set", "side": "ask", "price": 0.19, "size": 162.0}, {"op": "set", "side": "ask", "price": 0.2, "size": 89.0}, {"op": "set", "side": "ask", "price": 0.18, "size": 65.0}]}
{"t": 1776976569.49947, "events": [{"op": "delete", "side": "bid", "price": 0.79}, {"op": "delete", "side": "bid", "price": 0.78}, {"op": "set", "side": "bid", "price": 0.76, "size": 855.96}, {"op": "delete", "side": "bid", "price": 0.77}, {"op": "delete", "side": "ask", "price": 0.18}, {"op": "set", "side": "ask", "price": 0.19, "size": 70.0}, {"op": "delete", "side": "ask", "price": 0.2}]}
{"t": 1776976570.521151, "events": [{"op": "set", "side": "bid", "price": 0.77, "size": 27.0}, {"op": "set", "side": "ask", "price": 0.15, "size": 38.0}]}
{"t": 1776976571.5276349, "events": [{"op": "set", "side": "bid", "price": 0.77, "size": 613.0}, {"op": "set", "side": "bid", "price": 0.76, "size": 1067.96}, {"op": "set", "side": "bid", "price": 0.78, "size": 265.0}, {"op": "set", "side": "ask", "price": 0.15, "size": 121.0}, {"op": "set", "side": "ask", "price": 0.19, "size": 385.0}, {"op": "set", "side": "ask", "price": 0.2, "size": 424.0}]}
{"t": 1776976574.550605, "events": [{"op": "set", "side": "bid", "price": 0.78, "size": 440.0}, {"op": "set", "side": "bid", "price": 0.77, "size": 513.0}, {"op": "set", "side": "bid", "price": 0.76, "size": 1048.96}, {"op": "set", "side": "bid", "price": 0.79, "size": 128.0}, {"op": "set", "side": "ask", "price": 0.15, "size": 199.0}, {"op": "set", "side": "ask", "price": 0.19, "size": 267.0}, {"op": "set", "side": "ask", "price": 0.2, "size": 166.0}]}
{"t": 1776976575.5694778, "events": [{"op": "set", "side": "bid", "price": 0.77, "size": 486.0}, {"op": "set", "side": "ask", "price": 0.15, "size": 161.0}]}
{"t": 1776976576.575867, "events": [{"op": "set", "side": "bid", "price": 0.79, "size": 25.0}, {"op": "delete", "side": "ask", "price": 0.15}, {"op": "set", "side": "ask", "price": 0.16, "size": 37.0}]}
{"t": 1776976577.582925, "events": [{"op": "set", "side": "bid", "price": 0.78, "size": 364.0}, {"op": "set", "side": "ask", "price": 0.19, "size": 212.0}, {"op": "set", "side": "ask", "price": 0.2, "size": 136.0}]}
{"t": 1776976578.5899022, "events": [{"op": "set", "side": "bid", "price": 0.76, "size": 1491.96}, {"op": "set", "side": "bid", "price": 0.77, "size": 1000.0}, {"op": "set", "side": "ask", "price": 0.16, "size": 140.0}]}
{"t": 1776976579.598368, "events": [{"op": "set", "side": "ask", "price": 0.16, "size": 118.0}, {"op": "set", "side": "ask", "price": 0.19, "size": 191.0}, {"op": "set", "side": "ask", "price": 0.2, "size": 121.0}]}
{"t": 1776976580.610691, "events": [{"op": "set", "side": "ask", "price": 0.16, "size": 81.0}, {"op": "set", "side": "ask", "price": 0.17, "size": 35.0}]}
{"t": 1776976582.626801, "events": [{"op": "delete", "side": "ask", "price": 0.16}, {"op": "set", "side": "ask", "price": 0.17, "size": 100.0}, {"op": "set", "side": "ask", "price": 0.19, "size": 170.0}, {"op": "set", "side": "ask", "price": 0.2, "size": 102.0}]}
{"t": 1776976585.646488, "events": [{"op": "set", "side": "ask", "price": 0.17, "size": 65.0}, {"op": "set", "side": "ask", "price": 0.18, "size": 31.0}]}
{"t": 1776976587.65838, "events": [{"op": "delete", "side": "ask", "price": 0.17}, {"op": "set", "side": "ask", "price": 0.19, "size": 153.0}, {"op": "set", "side": "ask", "price": 0.2, "size": 86.0}]}
{"t": 1776976588.667841, "events": [{"op": "set", "side": "ask", "price": 0.18, "size": 85.0}, {"op": "set", "side": "ask", "price": 0.19, "size": 83.0}]}
{"t": 1776976590.681835, "events": [{"op": "set", "side": "ask", "price": 0.18, "size": 54.0}, {"op": "set", "side": "ask", "price": 0.15, "size": 40.0}]}
{"t": 1776976592.712306, "events": [{"op": "set", "side": "bid", "price": 0.79, "size": 72.0}, {"op": "delete", "side": "bid", "price": 0.38}, {"op": "delete", "side": "bid", "price": 0.11}, {"op": "delete", "side": "ask", "price": 0.06}, {"op": "set", "side": "ask", "price": 0.14, "size": 166.0}, {"op": "set", "side": "ask", "price": 0.15, "size": 341.0}, {"op": "delete", "side": "ask", "price": 0.18}, {"op": "delete", "side": "ask", "price": 0.19}, {"op": "delete", "side": "ask", "price": 0.2}, {"op": "set", "side": "ask", "price": 0.16, "size": 424.0}]}
{"t": 1776976595.7320058, "events": [{"op": "set", "side": "bid", "price": 0.36, "size": 13.0}, {"op": "set", "side": "ask", "price": 0.15, "size": 301.0}, {"op": "set", "side": "ask", "price": 0.16, "size": 442.0}, {"op": "set", "side": "ask", "price": 0.17, "size": 31.0}, {"op": "set", "side": "ask", "price": 0.04, "size": 15.0}]}
{"t": 1776976600.7549388, "events": [{"op": "set", "side": "ask", "price": 0.16, "size": 424.0}]}
{"t": 1776976601.7612329, "events": [{"op": "set", "side": "ask", "price": 0.17, "size": 49.0}]}
{"t": 1776976605.780865, "events": [{"op": "delete", "side": "bid", "price": 0.78}, {"op": "set", "side": "bid", "price": 0.76, "size": 1048.96}, {"op": "set", "side": "bid", "price": 0.77, "size": 331.0}, {"op": "set", "side": "ask", "price": 0.14, "size": 158.0}, {"op": "delete", "side": "ask", "price": 0.15}, {"op": "delete", "side": "ask", "price": 0.16}, {"op": "set", "side": "ask", "price": 0.17, "size": 18.0}]}
{"t": 1776976606.794375, "events": [{"op": "set", "side": "bid", "price": 0.76, "size": 1555.96}, {"op": "set", "side": "bid", "price": 0.58, "size": 122.0}, {"op": "set", "side": "bid", "price": 0.75, "size": 2773.0}, {"op": "set", "side": "ask", "price": 0.17, "size": 81.0}, {"op": "set", "side": "ask", "price": 0.15, "size": 36.0}, {"op": "set", "side": "ask", "price": 0.18, "size": 61.0}]}
{"t": 1776976607.800011, "events": [{"op": "set", "side": "bid", "price": 0.77, "size": 1000.0}, {"op": "set", "side": "bid", "price": 0.76, "size": 1491.96}, {"op": "set", "side": "bid", "price": 0.58, "size": 16.0}, {"op": "set", "side": "bid", "price": 0.75, "size": 2500.0}, {"op": "set", "side": "bid", "price": 0.78, "size": 364.0}, {"op": "set", "side": "ask", "price": 0.14, "size": 109.0}, {"op": "set", "side": "ask", "price": 0.15, "size": 71.0}, {"op": "set", "side": "ask", "price": 0.17, "size": 48.0}, {"op": "set", "side": "ask", "price": 0.18, "size": 46.0}]}
{"t": 1776976608.8053749, "events": [{"op": "set", "side": "ask", "price": 0.18, "size": 64.0}]}
{"t": 1776976610.818959, "events": [{"op": "set", "side": "ask", "price": 0.15, "size": 35.0}, {"op": "set", "side": "ask", "price": 0.16, "size": 35.0}]}
{"t": 1776976619.87493, "events": [{"op": "delete", "side": "ask", "price": 0.16}]}
{"t": 1776976620.890514, "events": [{"op": "set", "side": "ask", "price": 0.16, "size": 35.0}]}
{"t": 1776976624.9222841, "events": [{"op": "delete", "side": "bid", "price": 0.79}, {"op": "set", "side": "bid", "price": 0.78, "size": 42.0}, {"op": "set", "side": "bid", "price": 0.76, "size": 1556.96}, {"op": "set", "side": "bid", "price": 0.75, "size": 2773.0}, {"op": "set", "side": "bid", "price": 0.77, "size": 331.0}, {"op": "set", "side": "bid", "price": 0.58, "size": 122.0}, {"op": "set", "side": "bid", "price": 0.11, "size": 42.0}, {"op": "delete", "side": "ask", "price": 0.15}, {"op": "set", "side": "ask", "price": 0.16, "size": 60.0}, {"op": "delete", "side": "ask", "price": 0.17}, {"op": "set", "side": "ask", "price": 0.18, "size": 52.0}, {"op": "set", "side": "ask", "price": 0.19, "size": 33.0}]}
{"t": 1776976625.935311, "events": [{"op": "set", "side": "ask", "price": 0.16, "size": 25.0}, {"op": "set", "side": "ask", "price": 0.17, "size": 34.0}, {"op": "delete", "side": "ask", "price": 0.04}]}
{"t": 1776976627.946018, "events": [{"op": "delete", "side": "bid", "price": 0.77}, {"op": "set", "side": "bid", "price": 0.76, "size": 855.96}, {"op": "set", "side": "bid", "price": 0.58, "size": 16.0}, {"op": "set", "side": "bid", "price": 0.75, "size": 2500.0}, {"op": "delete", "side": "ask", "price": 0.16}, {"op": "delete", "side": "ask", "price": 0.18}, {"op": "delete", "side": "ask", "price": 0.19}, {"op": "set", "side": "ask", "price": 0.04, "size": 16.0}]}
{"t": 1776976628.959871, "events": [{"op": "set", "side": "ask", "price": 0.17, "size": 52.0}]}
{"t": 1776976629.966581, "events": [{"op": "set", "side": "bid", "price": 0.78, "size": 16.0}, {"op": "set", "side": "ask", "price": 0.17, "size": 18.0}]}
{"t": 1776976630.9735959, "events": [{"op": "set", "side": "bid", "price": 0.77, "size": 28.0}, {"op": "set", "side": "ask", "price": 0.15, "size": 36.0}]}
{"t": 1776976631.9891021, "events": [{"op": "set", "side": "bid", "price": 0.77, "size": 392.0}, {"op": "set", "side": "bid", "price": 0.76, "size": 1491.96}, {"op": "set", "side": "ask", "price": 0.14, "size": 147.0}, {"op": "set", "side": "ask", "price": 0.17, "size": 307.0}, {"op": "set", "side": "ask", "price": 0.18, "size": 424.0}]}
{"t": 1776976635.0095758, "events": [{"op": "set", "side": "ask", "price": 0.17, "size": 289.0}]}
{"t": 1776976636.012798, "events": [{"op": "delete", "side": "ask", "price": 0.15}, {"op": "delete", "side": "ask", "price": 0.17}, {"op": "set", "side": "ask", "price": 0.18, "size": 473.0}]}
{"t": 1776976637.021386, "events": [{"op": "set", "side": "bid", "price": 0.78, "size": 555.0}, {"op": "set", "side": "bid", "price": 0.77, "size": 497.0}, {"op": "set", "side": "bid", "price": 0.76, "size": 1048.96}, {"op": "set", "side": "bid", "price": 0.79, "size": 182.0}, {"op": "set", "side": "ask", "price": 0.14, "size": 316.0}, {"op": "set", "side": "ask", "price": 0.18, "size": 274.0}, {"op": "set", "side": "ask", "price": 0.19, "size": 165.0}]}
{"t": 1776976638.0336692, "events": [{"op": "set", "side": "bid", "price": 0.8, "size": 23.0}]}
{"t": 1776976639.037527, "events": [{"op": "set", "side": "ask", "price": 0.18, "size": 256.0}]}
{"t": 1776976640.0406752, "events": [{"op": "set", "side": "ask", "price": 0.18, "size": 225.0}]}
{"t": 1776976641.045354, "events": [{"op": "set", "side": "ask", "price": 0.15, "size": 39.0}]}
{"t": 1776976648.087174, "events": [{"op": "delete", "side": "bid", "price": 0.8}, {"op": "set", "side": "bid", "price": 0.79, "size": 27.0}, {"op": "set", "side": "bid", "price": 0.76, "size": 1491.96}, {"op": "set", "side": "bid", "price": 0.78, "size": 380.0}, {"op": "set", "side": "bid", "price": 0.77, "size": 1000.0}, {"op": "set", "side": "ask", "price": 0.14, "size": 158.0}, {"op": "set", "side": "ask", "price": 0.15, "size": 128.0}, {"op": "delete", "side": "ask", "price": 0.18}, {"op": "delete", "side": "ask", "price": 0.19}, {"op": "set", "side": "ask", "price": 0.16, "size": 117.0}]}
{"t": 1776976650.106755, "events": [{"op": "set", "side": "ask", "price": 0.15, "size": 69.0}, {"op": "set", "side": "ask", "price": 0.16, "size": 66.0}]}
{"t": 1776976651.118593, "events": [{"op": "set", "side": "ask", "price": 0.16, "size": 100.0}, {"op": "set", "side": "ask", "price": 0.17, "size": 65.0}]}
{"t": 1776976653.130749, "events": [{"op": "set", "side": "ask", "price": 0.14, "size": 109.0}, {"op": "delete", "side": "ask", "price": 0.15}, {"op": "set", "side": "ask", "price": 0.16, "size": 101.0}, {"op": "set", "side": "ask", "price": 0.17, "size": 144.0}, {"op": "set", "side": "ask", "price": 0.1, "size": 16.0}, {"op": "set", "side": "ask", "price": 0.18, "size": 73.0}]}
{"t": 1776976655.139762, "events": [{"op": "set", "side": "ask", "price": 0.16, "size": 67.0}]}
{"t": 1776976656.145735, "events": [{"op": "set", "side": "ask", "price": 0.17, "size": 177.0}]}
{"t": 1776976660.164791, "events": [{"op": "set", "side": "ask", "price": 0.14, "size": 200.0}, {"op": "delete", "side": "ask", "price": 0.16}, {"op": "set", "side": "ask", "price": 0.17, "size": 215.0}, {"op": "set", "side": "ask", "price": 0.18, "size": 108.0}]}
{"t": 1776976661.1799512, "events": [{"op": "set", "side": "ask", "price": 0.17, "size": 182.0}]}
{"t": 1776976662.1883461, "events": [{"op": "set", "side": "ask", "price": 0.15, "size": 39.0}]}
{"t": 1776976665.228876, "events": [{"op": "delete", "side": "ask", "price": 0.15}]}
{"t": 1776976666.242671, "events": [{"op": "set", "side": "ask", "price": 0.15, "size": 39.0}]}
{"t": 1776976670.27538, "events": [{"op": "delete", "side": "ask", "price": 0.15}]}
{"t": 1776976671.281625, "events": [{"op": "set", "side": "ask", "price": 0.15, "size": 39.0}]}
{"t": 1776976675.3047261, "events": [{"op": "delete", "side": "ask", "price": 0.15}]}
{"t": 1776976676.313505, "events": [{"op": "set", "side": "ask", "price": 0.15, "size": 39.0}]}
{"t": 1776976680.334271, "events": [{"op": "delete", "side": "ask", "price": 0.15}]}
{"t": 1776976681.3585122, "events": [{"op": "set", "side": "ask", "price": 0.15, "size": 39.0}]}
{"t": 1776976688.379301, "events": [{"op": "set", "side": "ask", "price": 0.14, "size": 109.0}, {"op": "set", "side": "ask", "price": 0.17, "size": 165.0}, {"op": "set", "side": "ask", "price": 0.18, "size": 101.0}]}
{"t": 1776976689.3868952, "events": [{"op": "set", "side": "ask", "price": 0.15, "size": 103.0}]}
{"t": 1776976690.397115, "events": [{"op": "set", "side": "ask", "price": 0.15, "size": 64.0}]}
{"t": 1776976691.417778, "events": [{"op": "set", "side": "ask", "price": 0.16, "size": 37.0}]}
{"t": 1776976692.4226859, "events": [{"op": "delete", "side": "ask", "price": 0.1}, {"op": "set", "side": "ask", "price": 0.18, "size": 99.0}]}
{"t": 1776976694.6291242, "events": [{"op": "delete", "side": "bid", "price": 0.79}, {"op": "delete", "side": "bid", "price": 0.78}, {"op": "set", "side": "bid", "price": 0.76, "size": 855.96}, {"op": "set", "side": "bid", "price": 0.77, "size": 27.0}, {"op": "delete", "side": "ask", "price": 0.15}, {"op": "set", "side": "ask", "price": 0.17, "size": 65.0}, {"op": "delete", "side": "ask", "price": 0.18}]}
{"t": 1776976695.801642, "events": [{"op": "delete", "side": "ask", "price": 0.16}, {"op": "set", "side": "ask", "price": 0.15, "size": 38.0}]}
{"t": 1776976697.8306718, "events": [{"op": "set", "side": "bid", "price": 0.77, "size": 608.0}, {"op": "set", "side": "bid", "price": 0.76, "size": 1067.96}, {"op": "set", "side": "bid", "price": 0.78, "size": 263.0}, {"op": "set", "side": "ask", "price": 0.15, "size": 114.0}, {"op": "set", "side": "ask", "price": 0.17, "size": 373.0}, {"op": "set", "side": "ask", "price": 0.18, "size": 424.0}]}
{"t": 1776976698.8431628, "events": [{"op": "set", "side": "bid", "price": 0.77, "size": 581.0}, {"op": "set", "side": "bid", "price": 0.79, "size": 25.0}]}
{"t": 1776976702.870096, "events": [{"op": "delete", "side": "ask", "price": 0.15}]}
{"t": 1776976703.879584, "events": [{"op": "set", "side": "bid", "price": 0.78, "size": 364.0}, {"op": "set", "side": "bid", "price": 0.76, "size": 1491.96}, {"op": "set", "side": "bid", "price": 0.77, "size": 1000.0}, {"op": "set", "side": "ask", "price": 0.14, "size": 268.0}, {"op": "set", "side": "ask", "price": 0.17, "size": 265.0}, {"op": "set", "side": "ask", "price": 0.18, "size": 179.0}, {"op": "set", "side": "ask", "price": 0.15, "size": 38.0}]}
{"t": 1776976709.929922, "events": [{"op": "delete", "side": "ask", "price": 0.15}]}
{"t": 1776976710.941517, "events": [{"op": "set", "side": "ask", "price": 0.15, "size": 38.0}]}
{"t": 1776976712.953942, "events": [{"op": "set", "side": "ask", "price": 0.17, "size": 200.0}]}
{"t": 1776976714.967621, "events": [{"op": "delete", "side": "ask", "price": 0.15}]}
{"t": 1776976715.9786172, "events": [{"op": "set", "side": "ask", "price": 0.15, "size": 38.0}]}
{"t": 1776976720.0040588, "events": [{"op": "delete", "side": "ask", "price": 0.17}, {"op": "delete", "side": "ask", "price": 0.18}]}
{"t": 1776976721.023626, "events": [{"op": "set", "side": "bid", "price": 0.79, "size": 79.0}, {"op": "delete", "side": "bid", "price": 0.36}, {"op": "delete", "side": "bid", "price": 0.11}, {"op": "set", "side": "ask", "price": 0.14, "size": 153.0}, {"op": "set", "side": "ask", "price": 0.15, "size": 77.0}, {"op": "set", "side": "ask", "price": 0.16, "size": 127.0}, {"op": "delete", "side": "ask", "price": 0.04}]}
{"t": 1776976729.136172, "events": [{"op": "delete", "side": "bid", "price": 0.78}, {"op": "set", "side": "bid", "price": 0.76, "size": 1562.96}, {"op": "set", "side": "bid", "price": 0.75, "size": 2773.0}, {"op": "set", "side": "bid", "price": 0.77, "size": 335.0}, {"op": "set", "side": "bid", "price": 0.58, "size": 122.0}, {"op": "set", "side": "bid", "price": 0.1, "size": 16.0}, {"op": "set", "side": "bid", "price": 0.36, "size": 43.0}, {"op": "set", "side": "ask", "price": 0.14, "size": 161.0}, {"op": "delete", "side": "ask", "price": 0.15}, {"op": "set", "side": "ask", "price": 0.16, "size": 99.0}, {"op": "set", "side": "ask", "price": 0.17, "size": 62.0}, {"op": "set", "side": "ask", "price": 0.04, "size": 16.0}]}
{"t": 1776976730.1580229, "events": [{"op": "set", "side": "ask", "price": 0.16, "size": 68.0}, {"op": "set", "side": "ask", "price": 0.17, "size": 93.0}]}
{"t": 1776976738.2212422, "events": [{"op": "set", "side": "bid", "price": 0.77, "size": 1000.0}, {"op": "set", "side": "bid", "price": 0.76, "size": 1491.96}, {"op": "set", "side": "bid", "price": 0.58, "size": 16.0}, {"op": "set", "side": "bid", "price": 0.75, "size": 2500.0}, {"op": "set", "side": "bid", "price": 0.78, "size": 364.0}, {"op": "set", "side": "ask", "price": 0.14, "size": 144.0}, {"op": "delete", "side": "ask", "price": 0.16}, {"op": "set", "side": "ask", "price": 0.17, "size": 85.0}, {"op": "set", "side": "ask", "price": 0.18, "size": 54.0}]}
{"t": 1776976740.2347279, "events": [{"op": "delete", "side": "bid", "price": 0.78}, {"op": "set", "side": "bid", "price": 0.76, "size": 1067.96}, {"op": "set", "side": "bid", "price": 0.77, "size": 336.0}, {"op": "set", "side": "ask", "price": 0.14, "size": 140.0}, {"op": "set", "side": "ask", "price": 0.17, "size": 77.0}, {"op": "set", "side": "ask", "price": 0.18, "size": 45.0}]}
{"t": 1776976741.2510169, "events": [{"op": "set", "side": "bid", "price": 0.76, "size": 1563.96}, {"op": "set", "side": "bid", "price": 0.58, "size": 122.0}, {"op": "set", "side": "bid", "price": 0.75, "size": 2773.0}]}
{"t": 1776976748.519692, "events": [{"op": "set", "side": "ask", "price": 0.17, "size": 46.0}]}
{"t": 1776976752.540415, "events": [{"op": "set", "side": "bid", "price": 0.77, "size": 1000.0}, {"op": "set", "side": "bid", "price": 0.76, "size": 1491.96}, {"op": "set", "side": "bid", "price": 0.58, "size": 16.0}, {"op": "set", "side": "bid", "price": 0.75, "size": 2500.0}, {"op": "set", "side": "bid", "price": 0.78, "size": 364.0}, {"op": "set", "side": "ask", "price": 0.08, "size": 100.0}, {"op": "set", "side": "ask", "price": 0.14, "size": 223.0}, {"op": "delete", "side": "ask", "price": 0.17}, {"op": "delete", "side": "ask", "price": 0.18}, {"op": "set", "side": "ask", "price": 0.15, "size": 129.0}, {"op": "delete", "side": "ask", "price": 0.04}]}
{"t": 1776976759.609219, "events": [{"op": "set", "side": "bid", "price": 0.79, "size": 25.0}, {"op": "set", "side": "bid", "price": 0.1, "size": 63.0}, {"op": "set", "side": "ask", "price": 0.15, "size": 147.0}, {"op": "set", "side": "ask", "price": 0.04, "size": 16.0}]}
{"t": 1776976760.616456, "events": [{"op": "set", "side": "ask", "price": 0.08, "size": 1.0}, {"op": "set", "side": "ask", "price": 0.14, "size": 170.0}, {"op": "set", "side": "ask", "price": 0.15, "size": 114.0}, {"op": "set", "side": "ask", "price": 0.16, "size": 136.0}]}
{"t": 1776976765.655814, "events": [{"op": "set", "side": "ask", "price": 0.15, "size": 96.0}]}
{"t": 1776976766.6620412, "events": [{"op": "set", "side": "ask", "price": 0.16, "size": 154.0}]}
{"t": 1776976769.6871839, "events": [{"op": "set", "side": "ask", "price": 0.14, "size": 166.0}, {"op": "delete", "side": "ask", "price": 0.15}, {"op": "set", "side": "ask", "price": 0.16, "size": 116.0}]}
{"t": 1776976770.703775, "events": [{"op": "set", "side": "ask", "price": 0.16, "size": 82.0}, {"op": "set", "side": "ask", "price": 0.17, "size": 81.0}]}
{"t": 1776976771.725236, "events": [{"op": "set", "side": "ask", "price": 0.17, "size": 113.0}]}
{"t": 1776976772.744343, "events": [{"op": "set", "side": "ask", "price": 0.14, "size": 154.0}, {"op": "delete", "side": "ask", "price": 0.16}, {"op": "set", "side": "ask", "price": 0.17, "size": 96.0}]}
{"t": 1776976773.7583098, "events": [{"op": "set", "side": "ask", "price": 0.18, "size": 62.0}]}
{"t": 1776976775.7824068, "events": [{"op": "set", "side": "ask", "price": 0.17, "size": 64.0}, {"op": "set", "side": "ask", "price": 0.15, "size": 39.0}]}
{"t": 1776976785.8373, "events": [{"op": "delete", "side": "ask", "price": 0.15}]}
{"t": 1776976786.846972, "events": [{"op": "set", "side": "ask", "price": 0.15, "size": 39.0}]}
{"t": 1776976788.865946, "events": [{"op": "delete", "side": "ask", "price": 0.17}, {"op": "delete", "side": "ask", "price": 0.18}]}
{"t": 1776976789.882459, "events": [{"op": "set", "side": "ask", "price": 0.14, "size": 148.0}]}
{"t": 1776976790.891396, "events": [{"op": "set", "side": "bid", "price": 0.79, "size": 66.0}, {"op": "delete", "side": "bid", "price": 0.36}, {"op": "set", "side": "ask", "price": 0.15, "size": 50.0}, {"op": "set", "side": "ask", "price": 0.16, "size": 48.0}, {"op": "delete", "side": "ask", "price": 0.04}]}
{"t": 1776976791.9012082, "events": [{"op": "set", "side": "bid", "price": 0.36, "size": 14.0}, {"op": "set", "side": "ask", "price": 0.16, "size": 82.0}, {"op": "set", "side": "ask", "price": 0.04, "size": 14.0}]}
{"t": 1776976792.913603, "events": [{"op": "set", "side": "ask", "price": 0.14, "size": 140.0}, {"op": "delete", "side": "ask", "price": 0.15}, {"op": "set", "side": "ask", "price": 0.16, "size": 100.0}]}
{"t": 1776976793.92892, "events": [{"op": "set", "side": "ask", "price": 0.14, "size": 138.0}, {"op": "set", "side": "ask", "price": 0.16, "size": 97.0}, {"op": "set", "side": "ask", "price": 0.17, "size": 46.0}]}
{"t": 1776976795.9431622, "events": [{"op": "set", "side": "ask", "price": 0.16, "size": 63.0}, {"op": "set", "side": "ask", "price": 0.17, "size": 77.0}]}
{"t": 1776976798.966105, "events": [{"op": "delete", "side": "bid", "price": 0.78}, {"op": "set", "side": "bid", "price": 0.76, "size": 855.96}, {"op": "delete", "side": "bid", "price": 0.77}, {"op": "set", "side": "ask", "price": 0.14, "size": 109.0}, {"op": "set", "side": "ask", "price": 0.16, "size": 18.0}, {"op": "set", "side": "ask", "price": 0.17, "size": 31.0}]}
{"t": 1776976800.994625, "events": [{"op": "delete", "side": "ask", "price": 0.17}]}
{"t": 1776976802.004491, "events": [{"op": "set", "side": "ask", "price": 0.15, "size": 35.0}]}
{"t": 1776976803.02252, "events": [{"op": "set", "side": "bid", "price": 0.76, "size": 1491.96}, {"op": "set", "side": "bid", "price": 0.77, "size": 364.0}, {"op": "set", "side": "ask", "price": 0.16, "size": 64.0}, {"op": "set", "side": "ask", "price": 0.17, "size": 289.0}, {"op": "set", "side": "ask", "price": 0.18, "size": 424.0}]}
{"t": 1776976806.063827, "events": [{"op": "delete", "side": "ask", "price": 0.15}, {"op": "set", "side": "ask", "price": 0.16, "size": 46.0}, {"op": "delete", "side": "ask", "price": 0.18}]}
{"t": 1776976807.082735, "events": [{"op": "set", "side": "ask", "price": 0.16, "size": 34.0}, {"op": "set", "side": "ask", "price": 0.17, "size": 85.0}]}
{"t": 1776976809.098349, "events": [{"op": "set", "side": "bid", "price": 0.77, "size": 1000.0}, {"op": "set", "side": "bid", "price": 0.78, "size": 364.0}, {"op": "set", "side": "ask", "price": 0.15, "size": 25.0}]}
{"t": 1776976811.119054, "events": [{"op": "set", "side": "ask", "price": 0.17, "size": 51.0}]}
{"t": 1776976812.1601799, "events": [{"op": "delete", "side": "ask", "price": 0.15}]}
{"t": 1776976813.173311, "events": [{"op": "set", "side": "ask", "price": 0.17, "size": 45.0}]}
{"t": 1776976814.181136, "events": [{"op": "set", "side": "ask", "price": 0.14, "size": 128.0}, {"op": "set", "side": "ask", "price": 0.18, "size": 27.0}]}
{"t": 1776976816.192041, "events": [{"op": "set", "side": "ask", "price": 0.14, "size": 109.0}, {"op": "set", "side": "ask", "price": 0.17, "size": 41.0}, {"op": "set", "side": "ask", "price": 0.18, "size": 24.0}]}
{"t": 1776976817.207639, "events": [{"op": "set", "side": "ask", "price": 0.16, "size": 15.0}]}
{"t": 1776976818.228111, "events": [{"op": "set", "side": "ask", "price": 0.17, "size": 71.0}]}
{"t": 1776976819.240014, "events": [{"op": "set", "side": "ask", "price": 0.17, "size": 53.0}]}
{"t": 1776976820.246989, "events": [{"op": "delete", "side": "ask", "price": 0.16}, {"op": "set", "side": "ask", "price": 0.18, "size": 42.0}]}
{"t": 1776976821.2622788, "events": [{"op": "set", "side": "ask", "price": 0.17, "size": 18.0}, {"op": "set", "side": "ask", "price": 0.18, "size": 44.0}, {"op": "set", "side": "ask", "price": 0.15, "size": 39.0}, {"op": "set", "side": "ask", "price": 0.19, "size": 25.0}]}
{"t": 1776976823.281095, "events": [{"op": "set", "side": "bid", "price": 0.79, "size": 25.0}, {"op": "delete", "side": "bid", "price": 0.78}, {"op": "set", "side": "bid", "price": 0.76, "size": 855.96}, {"op": "delete", "side": "bid", "price": 0.77}, {"op": "set", "side": "bid", "price": 0.11, "size": 30.0}, {"op": "set", "side": "ask", "price": 0.15, "size": 53.0}, {"op": "delete", "side": "ask", "price": 0.17}, {"op": "set", "side": "ask", "price": 0.18, "size": 18.0}, {"op": "delete", "side": "ask", "price": 0.19}, {"op": "set", "side": "ask", "price": 0.16, "size": 16.0}, {"op": "delete", "side": "ask", "price": 0.04}]}
{"t": 1776976824.2959201, "events": [{"op": "delete", "side": "bid", "price": 0.79}, {"op": "set", "side": "bid", "price": 0.77, "size": 27.0}]}
