{"t": 1776975854.366905, "events": [{"op": "set", "side": "bid", "price": 0.57, "size": 27.0}, {"op": "set", "side": "ask", "price": 0.37, "size": 32.0}]}
{"t": 1776975855.3857431, "events": [{"op": "delete", "side": "bid", "price": 0.56}, {"op": "delete", "side": "bid", "price": 0.55}, {"op": "delete", "side": "ask", "price": 0.34}]}
{"t": 1776975856.396708, "events": [{"op": "set", "side": "bid", "price": 0.57, "size": 360.0}, {"op": "set", "side": "bid", "price": 0.58, "size": 688.0}, {"op": "set", "side": "ask", "price": 0.32, "size": 25540.63}, {"op": "set", "side": "ask", "price": 0.33, "size": 584.0}]}
{"t": 1776975858.419916, "events": [{"op": "set", "side": "bid", "price": 0.57, "size": 333.0}, {"op": "set", "side": "bid", "price": 0.59, "size": 26.0}]}
{"t": 1776975859.432927, "events": [{"op": "delete", "side": "bid", "price": 0.58}, {"op": "delete", "side": "bid", "price": 0.57}]}
{"t": 1776975860.4405582, "events": [{"op": "set", "side": "bid", "price": 0.59, "size": 359.0}, {"op": "set", "side": "bid", "price": 0.6, "size": 688.0}, {"op": "delete", "side": "ask", "price": 0.37}, {"op": "set", "side": "ask", "price": 0.34, "size": 39.0}]}
{"t": 1776975863.466253, "events": [{"op": "set", "side": "bid", "price": 0.59, "size": 333.0}, {"op": "set", "side": "bid", "price": 0.61, "size": 23.0}]}
{"t": 1776975866.4869819, "events": [{"op": "set", "side": "bid", "price": 0.62, "size": 721.27}, {"op": "set", "side": "bid", "price": 0.61, "size": 356.0}, {"op": "delete", "side": "bid", "price": 0.6}, {"op": "delete", "side": "bid", "price": 0.59}, {"op": "set", "side": "ask", "price": 0.32, "size": 25040.63}, {"op": "set", "side": "ask", "price": 0.33, "size": 370.0}, {"op": "set", "side": "ask", "price": 0.34, "size": 400.0}]}
{"t": 1776975868.5054138, "events": [{"op": "set", "side": "bid", "price": 0.61, "size": 333.0}, {"op": "set", "side": "ask", "price": 0.34, "size": 361.0}]}
{"t": 1776975869.519797, "events": [{"op": "set", "side": "bid", "price": 0.62, "size": 56.26999999999998}, {"op": "delete", "side": "bid", "price": 0.61}, {"op": "delete", "side": "ask", "price": 0.34}, {"op": "set", "side": "ask", "price": 0.35, "size": 35.0}]}
{"t": 1776975870.536895, "events": [{"op": "set", "side": "bid", "price": 0.55, "size": 1000.0}, {"op": "set", "side": "bid", "price": 0.56, "size": 1000.0}, {"op": "set", "side": "ask", "price": 0.33, "size": 261.0}, {"op": "set", "side": "ask", "price": 0.35, "size": 293.0}]}
{"t": 1776975873.562508, "events": [{"op": "set", "side": "bid", "price": 0.62, "size": 33.26999999999998}, {"op": "delete", "side": "bid", "price": 0.34}, {"op": "set", "side": "bid", "price": 0.57, "size": 27.0}, {"op": "set", "side": "bid", "price": 0.04, "size": 14.0}, {"op": "set", "side": "ask", "price": 0.35, "size": 258.0}, {"op": "set", "side": "ask", "price": 0.37, "size": 33.0}]}
{"t": 1776975878.59487, "events": [{"op": "delete", "side": "bid", "price": 0.57}, {"op": "delete", "side": "bid", "price": 0.56}, {"op": "set", "side": "bid", "price": 0.55, "size": 29.0}, {"op": "set", "side": "ask", "price": 0.33, "size": 52.0}, {"op": "delete", "side": "ask", "price": 0.35}]}
{"t": 1776975881.629726, "events": [{"op": "set", "side": "bid", "price": 0.55, "size": 362.0}, {"op": "set", "side": "bid", "price": 0.56, "size": 688.0}, {"op": "set", "side": "ask", "price": 0.32, "size": 25540.63}, {"op": "set", "side": "ask", "price": 0.33, "size": 583.0}]}
{"t": 1776975883.6573179, "events": [{"op": "set", "side": "bid", "price": 0.55, "size": 333.0}, {"op": "set", "side": "bid", "price": 0.57, "size": 27.0}]}
{"t": 1776975889.700941, "events": [{"op": "set", "side": "bid", "price": 0.57, "size": 360.0}, {"op": "delete", "side": "bid", "price": 0.56}, {"op": "delete", "side": "bid", "price": 0.55}, {"op": "set", "side": "bid", "price": 0.58, "size": 687.0}]}
{"t": 1776975893.74344, "events": [{"op": "set", "side": "bid", "price": 0.57, "size": 333.0}, {"op": "set", "side": "bid", "price": 0.59, "size": 26.0}]}
{"t": 1776975913.861079, "events": [{"op": "delete", "side": "bid", "price": 0.59}, {"op": "delete", "side": "bid", "price": 0.58}, {"op": "delete", "side": "bid", "price": 0.57}, {"op": "set", "side": "bid", "price": 0.34, "size": 13.0}, {"op": "set", "side": "bid", "price": 0.55, "size": 28.0}, {"op": "delete", "side": "bid", "price": 0.04}, {"op": "set", "side": "ask", "price": 0.33, "size": 582.0}]}
{"t": 1776975914.8911412, "events": [{"op": "set", "side": "bid", "price": 0.59, "size": 333.0}, {"op": "set", "side": "bid", "price": 0.6, "size": 687.0}, {"op": "delete", "side": "ask", "price": 0.37}]}
{"t": 1776975915.9392462, "events": [{"op": "set", "side": "ask", "price": 0.34, "size": 39.0}]}
{"t": 1776975916.9452019, "events": [{"op": "delete", "side": "bid", "price": 0.6}, {"op": "delete", "side": "bid", "price": 0.59}, {"op": "set", "side": "ask", "price": 0.32, "size": 25040.63}, {"op": "set", "side": "ask", "price": 0.33, "size": 369.0}]}
{"t": 1776975917.960892, "events": [{"op": "set", "side": "bid", "price": 0.55, "size": 361.0}, {"op": "set", "side": "bid", "price": 0.56, "size": 687.0}, {"op": "set", "side": "ask", "price": 0.34, "size": 397.0}]}
{"t": 1776975918.9692569, "events": [{"op": "set", "side": "bid", "price": 0.55, "size": 333.0}, {"op": "set", "side": "bid", "price": 0.57, "size": 27.0}, {"op": "set", "side": "ask", "price": 0.34, "size": 358.0}, {"op": "set", "side": "ask", "price": 0.37, "size": 32.0}]}
{"t": 1776975940.061205, "events": [{"op": "delete", "side": "bid", "price": 0.56}, {"op": "delete", "side": "bid", "price": 0.55}, {"op": "delete", "side": "ask", "price": 0.33}, {"op": "delete", "side": "ask", "price": 0.34}, {"op": "delete", "side": "ask", "price": 0.37}, {"op": "set", "side": "ask", "price": 0.05, "size": 52.0}]}
{"t": 1776975941.0863051, "events": [{"op": "set", "side": "ask", "price": 0.33, "size": 40.0}]}
{"t": 1776975943.110956, "events": [{"op": "set", "side": "bid", "price": 0.57, "size": 333.0}, {"op": "set", "side": "bid", "price": 0.58, "size": 686.0}, {"op": "set", "side": "ask", "price": 0.32, "size": 25540.63}, {"op": "set", "side": "ask", "price": 0.33, "size": 529.0}]}
{"t": 1776975944.1347961, "events": [{"op": "set", "side": "bid", "price": 0.59, "size": 26.0}, {"op": "set", "side": "ask", "price": 0.37, "size": 30.0}]}
{"t": 1776975945.176098, "events": [{"op": "delete", "side": "bid", "price": 0.58}, {"op": "delete", "side": "bid", "price": 0.57}, {"op": "delete", "side": "ask", "price": 0.33}]}
{"t": 1776975948.2322109, "events": [{"op": "set", "side": "bid", "price": 0.59, "size": 333.0}, {"op": "set", "side": "bid", "price": 0.6, "size": 686.0}, {"op": "set", "side": "ask", "price": 0.32, "size": 26059.63}, {"op": "delete", "side": "ask", "price": 0.37}]}
{"t": 1776975949.255933, "events": [{"op": "set", "side": "bid", "price": 0.61, "size": 24.0}, {"op": "set", "side": "ask", "price": 0.33, "size": 40.0}]}
{"t": 1776975951.2976189, "events": [{"op": "delete", "side": "bid", "price": 0.6}, {"op": "delete", "side": "bid", "price": 0.59}, {"op": "set", "side": "ask", "price": 0.32, "size": 25040.63}]}
{"t": 1776975953.32274, "events": [{"op": "set", "side": "bid", "price": 0.62, "size": 719.27}, {"op": "set", "side": "bid", "price": 0.61, "size": 333.0}, {"op": "set", "side": "bid", "price": 0.55, "size": 29.0}, {"op": "set", "side": "ask", "price": 0.32, "size": 25540.63}, {"op": "set", "side": "ask", "price": 0.33, "size": 569.0}]}
{"t": 1776975959.372451, "events": [{"op": "set", "side": "bid", "price": 0.62, "size": 33.26999999999998}, {"op": "delete", "side": "bid", "price": 0.61}, {"op": "set", "side": "bid", "price": 0.55, "size": 362.0}, {"op": "set", "side": "bid", "price": 0.56, "size": 686.0}, {"op": "set", "side": "ask", "price": 0.33, "size": 528.0}, {"op": "set", "side": "ask", "price": 0.34, "size": 39.0}]}
{"t": 1776975963.398977, "events": [{"op": "set", "side": "bid", "price": 0.55, "size": 333.0}]}
{"t": 1776975964.407889, "events": [{"op": "set", "side": "bid", "price": 0.57, "size": 27.0}, {"op": "set", "side": "ask", "price": 0.33, "size": 583.0}, {"op": "delete", "side": "ask", "price": 0.34}, {"op": "set", "side": "ask", "price": 0.37, "size": 30.0}, {"op": "set", "side": "ask", "price": 0.05, "size": 1.0}]}
{"t": 1776975971.450849, "events": [{"op": "delete", "side": "bid", "price": 0.56}, {"op": "delete", "side": "bid", "price": 0.55}, {"op": "delete", "side": "ask", "price": 0.37}]}
{"t": 1776975972.4612129, "events": [{"op": "set", "side": "ask", "price": 0.34, "size": 39.0}]}
{"t": 1776975973.468818, "events": [{"op": "set", "side": "bid", "price": 0.57, "size": 333.0}, {"op": "set", "side": "bid", "price": 0.58, "size": 686.0}, {"op": "delete", "side": "ask", "price": 0.34}]}
{"t": 1776975974.486274, "events": [{"op": "set", "side": "bid", "price": 0.59, "size": 26.0}, {"op": "set", "side": "ask", "price": 0.34, "size": 39.0}]}
{"t": 1776975977.5051599, "events": [{"op": "delete", "side": "bid", "price": 0.58}, {"op": "delete", "side": "bid", "price": 0.57}, {"op": "set", "side": "ask", "price": 0.32, "size": 25040.63}]}
{"t": 1776975978.524107, "events": [{"op": "set", "side": "bid", "price": 0.59, "size": 333.0}, {"op": "set", "side": "bid", "price": 0.6, "size": 686.0}, {"op": "set", "side": "ask", "price": 0.33, "size": 371.0}, {"op": "set", "side": "ask", "price": 0.34, "size": 354.0}]}
{"t": 1776975979.530004, "events": [{"op": "set", "side": "bid", "price": 0.61, "size": 24.0}, {"op": "set", "side": "ask", "price": 0.35, "size": 36.0}]}
{"t": 1776975989.593303, "events": [{"op": "delete", "side": "bid", "price": 0.6}, {"op": "delete", "side": "bid", "price": 0.59}, {"op": "set", "side": "bid", "price": 0.55, "size": 1000.0}, {"op": "set", "side": "bid", "price": 0.56, "size": 1000.0}, {"op": "set", "side": "ask", "price": 0.32, "size": 25540.63}, {"op": "set", "side": "ask", "price": 0.33, "size": 582.0}, {"op": "delete", "side": "ask", "price": 0.34}]}
{"t": 1776975993.639185, "events": [{"op": "delete", "side": "bid", "price": 0.61}, {"op": "delete", "side": "bid", "price": 0.34}, {"op": "set", "side": "ask", "price": 0.33, "size": 527.0}, {"op": "delete", "side": "ask", "price": 0.35}, {"op": "set", "side": "ask", "price": 0.05, "size": 53.0}]}
{"t": 1776975994.652439, "events": [{"op": "set", "side": "bid", "price": 0.57, "size": 27.0}, {"op": "set", "side": "bid", "price": 0.04, "size": 13.0}, {"op": "set", "side": "ask", "price": 0.37, "size": 29.0}]}
{"t": 1776976002.718677, "events": [{"op": "set", "side": "bid", "price": 0.57, "size": 360.0}, {"op": "delete", "side": "bid", "price": 0.56}, {"op": "delete", "side": "bid", "price": 0.55}, {"op": "set", "side": "bid", "price": 0.58, "size": 685.0}, {"op": "set", "side": "ask", "price": 0.32, "size": 26058.63}, {"op": "delete", "side": "ask", "price": 0.33}, {"op": "delete", "side": "ask", "price": 0.37}]}
{"t": 1776976003.738184, "events": [{"op": "set", "side": "bid", "price": 0.57, "size": 333.0}, {"op": "set", "side": "bid", "price": 0.59, "size": 26.0}, {"op": "set", "side": "ask", "price": 0.33, "size": 40.0}]}
{"t": 1776976005.821455, "events": [{"op": "set", "side": "bid", "price": 0.59, "size": 359.0}, {"op": "delete", "side": "bid", "price": 0.58}, {"op": "delete", "side": "bid", "price": 0.57}, {"op": "set", "side": "bid", "price": 0.6, "size": 685.0}, {"op": "set", "side": "ask", "price": 0.32, "size": 25540.63}, {"op": "set", "side": "ask", "price": 0.33, "size": 567.0}]}
{"t": 1776976008.8495371, "events": [{"op": "set", "side": "bid", "price": 0.59, "size": 333.0}, {"op": "set", "side": "bid", "price": 0.61, "size": 24.0}, {"op": "set", "side": "ask", "price": 0.33, "size": 527.0}, {"op": "set", "side": "ask", "price": 0.34, "size": 38.0}]}
{"t": 1776976011.8745532, "events": [{"op": "delete", "side": "bid", "price": 0.6}, {"op": "delete", "side": "bid", "price": 0.59}, {"op": "delete", "side": "ask", "price": 0.33}]}
{"t": 1776976013.8963861, "events": [{"op": "set", "side": "bid", "price": 0.62, "size": 742.27}, {"op": "set", "side": "bid", "price": 0.61, "size": 333.0}, {"op": "set", "side": "ask", "price": 0.34, "size": 527.0}, {"op": "set", "side": "ask", "price": 0.35, "size": 33.0}]}
{"t": 1776976018.944151, "events": [{"op": "set", "side": "ask", "price": 0.35, "size": 34.0}]}
{"t": 1776976021.967751, "events": [{"op": "set", "side": "bid", "price": 0.62, "size": 33.26999999999998}, {"op": "delete", "side": "bid", "price": 0.61}, {"op": "set", "side": "bid", "price": 0.34, "size": 13.0}, {"op": "set", "side": "bid", "price": 0.55, "size": 1029.0}, {"op": "set", "side": "bid", "price": 0.56, "size": 1000.0}, {"op": "delete", "side": "bid", "price": 0.04}, {"op": "delete", "side": "ask", "price": 0.34}, {"op": "set", "side": "ask", "price": 0.35, "size": 561.0}, {"op": "set", "side": "ask", "price": 0.33, "size": 51.0}, {"op": "set", "side": "ask", "price": 0.05, "size": 1.0}]}
{"t": 1776976023.989538, "events": [{"op": "set", "side": "bid", "price": 0.55, "size": 1000.0}, {"op": "set", "side": "bid", "price": 0.57, "size": 27.0}, {"op": "set", "side": "ask", "price": 0.35, "size": 527.0}, {"op": "set", "side": "ask", "price": 0.37, "size": 31.0}]}
{"t": 1776976028.033005, "events": [{"op": "delete", "side": "bid", "price": 0.57}]}
{"t": 1776976029.046649, "events": [{"op": "set", "side": "bid", "price": 0.57, "size": 27.0}]}
{"t": 1776976030.0649989, "events": [{"op": "delete", "side": "bid", "price": 0.56}, {"op": "delete", "side": "bid", "price": 0.55}, {"op": "delete", "side": "ask", "price": 0.35}, {"op": "delete", "side": "ask", "price": 0.37}]}
{"t": 1776976031.0763671, "events": [{"op": "set", "side": "bid", "price": 0.57, "size": 360.0}, {"op": "set", "side": "bid", "price": 0.58, "size": 684.0}, {"op": "set", "side": "ask", "price": 0.33, "size": 577.0}, {"op": "set", "side": "ask", "price": 0.34, "size": 39.0}]}
{"t": 1776976033.0979562, "events": [{"op": "set", "side": "bid", "price": 0.57, "size": 333.0}, {"op": "delete", "side": "ask", "price": 0.34}]}
{"t": 1776976034.1065989, "events": [{"op": "set", "side": "bid", "price": 0.59, "size": 26.0}, {"op": "set", "side": "ask", "price": 0.34, "size": 39.0}]}
{"t": 1776976038.1259038, "events": [{"op": "delete", "side": "bid", "price": 0.59}, {"op": "delete", "side": "ask", "price": 0.34}]}
{"t": 1776976039.130999, "events": [{"op": "delete", "side": "bid", "price": 0.58}, {"op": "delete", "side": "bid", "price": 0.57}, {"op": "set", "side": "bid", "price": 0.59, "size": 26.0}, {"op": "set", "side": "ask", "price": 0.34, "size": 39.0}]}
{"t": 1776976040.136569, "events": [{"op": "set", "side": "bid", "price": 0.55, "size": 1000.0}, {"op": "set", "side": "bid", "price": 0.56, "size": 1000.0}]}
{"t": 1776976041.146323, "events": [{"op": "delete", "side": "bid", "price": 0.56}, {"op": "delete", "side": "bid", "price": 0.55}, {"op": "set", "side": "ask", "price": 0.32, "size": 25040.63}, {"op": "set", "side": "ask", "price": 0.33, "size": 366.0}]}
{"t": 1776976042.1519518, "events": [{"op": "set", "side": "bid", "price": 0.59, "size": 359.0}, {"op": "set", "side": "bid", "price": 0.6, "size": 684.0}, {"op": "set", "side": "ask", "price": 0.34, "size": 390.0}]}
{"t": 1776976043.1629992, "events": [{"op": "set", "side": "bid", "price": 0.59, "size": 333.0}, {"op": "set", "side": "ask", "price": 0.34, "size": 351.0}]}
{"t": 1776976044.185159, "events": [{"op": "delete", "side": "bid", "price": 0.6}, {"op": "delete", "side": "bid", "price": 0.59}, {"op": "set", "side": "bid", "price": 0.61, "size": 24.0}, {"op": "set", "side": "ask", "price": 0.33, "size": 51.0}, {"op": "delete", "side": "ask", "price": 0.34}, {"op": "set", "side": "ask", "price": 0.35, "size": 36.0}]}
{"t": 1776976047.209746, "events": [{"op": "set", "side": "bid", "price": 0.62, "size": 717.27}, {"op": "set", "side": "bid", "price": 0.61, "size": 357.0}, {"op": "set", "side": "ask", "price": 0.33, "size": 135.0}, {"op": "set", "side": "ask", "price": 0.35, "size": 167.0}]}
{"t": 1776976048.218187, "events": [{"op": "set", "side": "bid", "price": 0.61, "size": 333.0}, {"op": "set", "side": "ask", "price": 0.35, "size": 131.0}]}
{"t": 1776976049.2295182, "events": [{"op": "set", "side": "bid", "price": 0.62, "size": 57.26999999999998}, {"op": "delete", "side": "bid", "price": 0.61}, {"op": "delete", "side": "ask", "price": 0.35}, {"op": "set", "side": "ask", "price": 0.34, "size": 37.0}]}
{"t": 1776976050.238752, "events": [{"op": "set", "side": "bid", "price": 0.55, "size": 1000.0}, {"op": "set", "side": "bid", "price": 0.56, "size": 1000.0}, {"op": "set", "side": "ask", "price": 0.32, "size": 25540.63}, {"op": "set", "side": "ask", "price": 0.33, "size": 577.0}]}
{"t": 1776976053.276522, "events": [{"op": "set", "side": "bid", "price": 0.62, "size": 33.26999999999998}, {"op": "delete", "side": "ask", "price": 0.34}]}
{"t": 1776976054.2832232, "events": [{"op": "set", "side": "bid", "price": 0.57, "size": 27.0}, {"op": "set", "side": "ask", "price": 0.37, "size": 31.0}]}
{"t": 1776976058.306615, "events": [{"op": "delete", "side": "bid", "price": 0.57}, {"op": "delete", "side": "bid", "price": 0.56}, {"op": "set", "side": "bid", "price": 0.55, "size": 29.0}, {"op": "set", "side": "ask", "price": 0.32, "size": 25040.63}, {"op": "set", "side": "ask", "price": 0.33, "size": 51.0}]}
{"t": 1776976059.3257349, "events": [{"op": "set", "side": "ask", "price": 0.33, "size": 40.0}, {"op": "delete", "side": "ask", "price": 0.37}, {"op": "set", "side": "ask", "price": 0.05, "size": 52.0}]}
{"t": 1776976062.354484, "events": [{"op": "set", "side": "bid", "price": 0.55, "size": 362.0}, {"op": "set", "side": "bid", "price": 0.56, "size": 684.0}, {"op": "set", "side": "ask", "price": 0.32, "size": 25540.63}, {"op": "set", "side": "ask", "price": 0.33, "size": 565.0}]}
{"t": 1776976063.365494, "events": [{"op": "set", "side": "bid", "price": 0.55, "size": 333.0}, {"op": "set", "side": "ask", "price": 0.33, "size": 525.0}]}
{"t": 1776976064.375992, "events": [{"op": "set", "side": "bid", "price": 0.57, "size": 28.0}, {"op": "set", "side": "ask", "price": 0.34, "size": 39.0}]}
{"t": 1776976065.3873029, "events": [{"op": "delete", "side": "bid", "price": 0.56}, {"op": "delete", "side": "bid", "price": 0.55}, {"op": "delete", "side": "ask", "price": 0.33}]}
{"t": 1776976066.397533, "events": [{"op": "set", "side": "bid", "price": 0.57, "size": 361.0}, {"op": "set", "side": "bid", "price": 0.58, "size": 684.0}, {"op": "set", "side": "ask", "price": 0.34, "size": 564.0}]}
{"t": 1776976068.419334, "events": [{"op": "set", "side": "bid", "price": 0.57, "size": 333.0}, {"op": "set", "side": "ask", "price": 0.34, "size": 525.0}]}
{"t": 1776976069.436353, "events": [{"op": "set", "side": "bid", "price": 0.59, "size": 26.0}, {"op": "set", "side": "ask", "price": 0.35, "size": 37.0}]}
{"t": 1776976074.460224, "events": [{"op": "delete", "side": "bid", "price": 0.58}, {"op": "delete", "side": "bid", "price": 0.57}, {"op": "delete", "side": "ask", "price": 0.34}]}
{"t": 1776976075.471221, "events": [{"op": "set", "side": "bid", "price": 0.59, "size": 359.0}, {"op": "set", "side": "bid", "price": 0.6, "size": 684.0}, {"op": "set", "side": "ask", "price": 0.35, "size": 562.0}]}
{"t": 1776976077.482344, "events": [{"op": "set", "side": "bid", "price": 0.6, "size": 640.0}, {"op": "set", "side": "bid", "price": 0.59, "size": 347.0}]}
{"t": 1776976078.494921, "events": [{"op": "set", "side": "bid", "price": 0.59, "size": 321.0}, {"op": "set", "side": "bid", "price": 0.61, "size": 203.0}, {"op": "set", "side": "ask", "price": 0.35, "size": 525.0}, {"op": "set", "side": "ask", "price": 0.36, "size": 74.72}]}
{"t": 1776976083.531923, "events": [{"op": "set", "side": "bid", "price": 0.61, "size": 179.0}, {"op": "set", "side": "ask", "price": 0.33, "size": 50.0}, {"op": "set", "side": "ask", "price": 0.05, "size": 1.0}]}
{"t": 1776976084.54107, "events": [{"op": "set", "side": "bid", "price": 0.61, "size": 203.0}]}
{"t": 1776976085.548361, "events": [{"op": "set", "side": "bid", "price": 0.61, "size": 24.0}, {"op": "delete", "side": "bid", "price": 0.6}, {"op": "delete", "side": "bid", "price": 0.59}, {"op": "set", "side": "ask", "price": 0.32, "size": 25040.63}, {"op": "delete", "side": "ask", "price": 0.35}]}
{"t": 1776976088.582797, "events": [{"op": "delete", "side": "bid", "price": 0.61}, {"op": "set", "side": "bid", "price": 0.55, "size": 29.0}]}
{"t": 1776976089.58958, "events": [{"op": "set", "side": "bid", "price": 0.62, "size": 716.27}, {"op": "set", "side": "bid", "price": 0.61, "size": 333.0}, {"op": "set", "side": "ask", "price": 0.32, "size": 25540.63}, {"op": "set", "side": "ask", "price": 0.33, "size": 575.0}, {"op": "set", "side": "ask", "price": 0.36, "size": 41.72}]}
{"t": 1776976090.5952551, "events": [{"op": "set", "side": "ask", "price": 0.34, "size": 36.0}]}
{"t": 1776976091.599458, "events": [{"op": "set", "side": "bid", "price": 0.62, "size": 33.26999999999998}, {"op": "delete", "side": "bid", "price": 0.61}, {"op": "set", "side": "ask", "price": 0.32, "size": 25040.63}]}
{"t": 1776976092.6074328, "events": [{"op": "set", "side": "bid", "price": 0.55, "size": 362.0}, {"op": "set", "side": "bid", "price": 0.56, "size": 683.0}, {"op": "set", "side": "ask", "price": 0.33, "size": 362.0}, {"op": "set", "side": "ask", "price": 0.34, "size": 383.0}]}
{"t": 1776976093.6152132, "events": [{"op": "set", "side": "bid", "price": 0.55, "size": 333.0}, {"op": "set", "side": "bid", "price": 0.57, "size": 27.0}, {"op": "set", "side": "ask", "price": 0.34, "size": 347.0}, {"op": "set", "side": "ask", "price": 0.37, "size": 30.0}]}
{"t": 1776976095.6349592, "events": [{"op": "delete", "side": "bid", "price": 0.56}, {"op": "delete", "side": "bid", "price": 0.55}, {"op": "delete", "side": "ask", "price": 0.34}]}
{"t": 1776976096.652119, "events": [{"op": "set", "side": "bid", "price": 0.57, "size": 360.0}, {"op": "set", "side": "bid", "price": 0.58, "size": 683.0}, {"op": "set", "side": "ask", "price": 0.32, "size": 25540.63}, {"op": "set", "side": "ask", "price": 0.33, "size": 574.0}]}
{"t": 1776976098.6700659, "events": [{"op": "set", "side": "bid", "price": 0.57, "size": 333.0}, {"op": "set", "side": "bid", "price": 0.59, "size": 26.0}]}
{"t": 1776976099.67869, "events": [{"op": "delete", "side": "bid", "price": 0.58}, {"op": "delete", "side": "bid", "price": 0.57}]}
{"t": 1776976100.698726, "events": [{"op": "set", "side": "bid", "price": 0.59, "size": 359.0}, {"op": "set", "side": "bid", "price": 0.6, "size": 683.0}, {"op": "delete", "side": "ask", "price": 0.37}, {"op": "set", "side": "ask", "price": 0.34, "size": 38.0}]}
{"t": 1776976103.7164748, "events": [{"op": "set", "side": "bid", "price": 0.59, "size": 333.0}, {"op": "set", "side": "bid", "price": 0.61, "size": 24.0}]}
{"t": 1776976113.775799, "events": [{"op": "set", "side": "bid", "price": 0.62, "size": 716.27}, {"op": "set", "side": "bid", "price": 0.61, "size": 333.0}, {"op": "delete", "side": "bid", "price": 0.6}, {"op": "delete", "side": "bid", "price": 0.59}, {"op": "set", "side": "bid", "price": 0.55, "size": 29.0}, {"op": "set", "side": "ask", "price": 0.32, "size": 25040.63}, {"op": "set", "side": "ask", "price": 0.33, "size": 364.0}, {"op": "set", "side": "ask", "price": 0.34, "size": 346.0}, {"op": "set", "side": "ask", "price": 0.37, "size": 29.0}]}
{"t": 1776976116.79982, "events": [{"op": "set", "side": "bid", "price": 0.62, "size": 33.26999999999998}, {"op": "delete", "side": "bid", "price": 0.61}, {"op": "set", "side": "ask", "price": 0.33, "size": 362.0}, {"op": "delete", "side": "ask", "price": 0.34}]}
{"t": 1776976117.808927, "events": [{"op": "set", "side": "bid", "price": 0.55, "size": 362.0}, {"op": "set", "side": "bid", "price": 0.56, "size": 683.0}, {"op": "set", "side": "ask", "price": 0.32, "size": 25540.63}, {"op": "set", "side": "ask", "price": 0.33, "size": 574.0}]}
{"t": 1776976118.820491, "events": [{"op": "set", "side": "bid", "price": 0.55, "size": 333.0}]}
{"t": 1776976119.83535, "events": [{"op": "set", "side": "bid", "price": 0.57, "size": 27.0}]}
{"t": 1776976128.8931751, "events": [{"op": "set", "side": "bid", "price": 0.57, "size": 333.0}, {"op": "delete", "side": "bid", "price": 0.56}, {"op": "set", "side": "bid", "price": 0.55, "size": 29.0}, {"op": "set", "side": "bid", "price": 0.58, "size": 683.0}]}
{"t": 1776976130.9047801, "events": [{"op": "delete", "side": "bid", "price": 0.58}, {"op": "set", "side": "bid", "price": 0.55, "size": 362.0}, {"op": "delete", "side": "bid", "price": 0.57}, {"op": "set", "side": "bid", "price": 0.56, "size": 683.0}, {"op": "set", "side": "ask", "price": 0.33, "size": 573.0}]}
{"t": 1776976133.922157, "events": [{"op": "set", "side": "bid", "price": 0.55, "size": 333.0}, {"op": "set", "side": "bid", "price": 0.57, "size": 27.0}]}
{"t": 1776976135.934583, "events": [{"op": "delete", "side": "bid", "price": 0.56}, {"op": "delete", "side": "bid", "price": 0.55}, {"op": "set", "side": "ask", "price": 0.32, "size": 25040.63}, {"op": "set", "side": "ask", "price": 0.33, "size": 50.0}]}
{"t": 1776976136.9557, "events": [{"op": "set", "side": "ask", "price": 0.33, "size": 40.0}, {"op": "delete", "side": "ask", "price": 0.37}, {"op": "set", "side": "ask", "price": 0.05, "size": 52.0}]}
{"t": 1776976137.96097, "events": [{"op": "delete", "side": "bid", "price": 0.57}, {"op": "delete", "side": "ask", "price": 0.33}]}
{"t": 1776976138.9725718, "events": [{"op": "set", "side": "bid", "price": 0.55, "size": 29.0}, {"op": "set", "side": "ask", "price": 0.33, "size": 40.0}]}
{"t": 1776976139.976351, "events": [{"op": "set", "side": "bid", "price": 0.55, "size": 362.0}, {"op": "set", "side": "bid", "price": 0.56, "size": 683.0}, {"op": "set", "side": "ask", "price": 0.32, "size": 25540.63}, {"op": "set", "side": "ask", "price": 0.33, "size": 563.0}]}
{"t": 1776976143.994279, "events": [{"op": "set", "side": "bid", "price": 0.55, "size": 333.0}, {"op": "set", "side": "bid", "price": 0.57, "size": 28.0}, {"op": "set", "side": "ask", "price": 0.33, "size": 523.0}, {"op": "set", "side": "ask", "price": 0.34, "size": 39.0}]}
{"t": 1776976152.035327, "events": [{"op": "delete", "side": "bid", "price": 0.56}, {"op": "delete", "side": "bid", "price": 0.55}, {"op": "set", "side": "ask", "price": 0.32, "size": 25040.63}, {"op": "delete", "side": "ask", "price": 0.33}]}
{"t": 1776976153.054967, "events": [{"op": "set", "side": "bid", "price": 0.57, "size": 361.0}, {"op": "set", "side": "bid", "price": 0.58, "size": 682.0}, {"op": "set", "side": "ask", "price": 0.32, "size": 25540.63}, {"op": "set", "side": "ask", "price": 0.34, "size": 562.0}]}
{"t": 1776976154.063997, "events": [{"op": "set", "side": "bid", "price": 0.57, "size": 333.0}, {"op": "set", "side": "bid", "price": 0.59, "size": 26.0}, {"op": "set", "side": "ask", "price": 0.34, "size": 523.0}, {"op": "set", "side": "ask", "price": 0.35, "size": 36.0}]}
{"t": 1776976159.129062, "events": [{"op": "set", "side": "ask", "price": 0.33, "size": 51.0}, {"op": "set", "side": "ask", "price": 0.05, "size": 1.0}]}
{"t": 1776976163.1601741, "events": [{"op": "delete", "side": "bid", "price": 0.59}, {"op": "delete", "side": "ask", "price": 0.35}]}
{"t": 1776976164.1660988, "events": [{"op": "set", "side": "bid", "price": 0.59, "size": 26.0}, {"op": "set", "side": "ask", "price": 0.35, "size": 36.0}]}
{"t": 1776976168.185441, "events": [{"op": "delete", "side": "bid", "price": 0.59}, {"op": "delete", "side": "ask", "price": 0.35}]}
{"t": 1776976169.201382, "events": [{"op": "set", "side": "bid", "price": 0.59, "size": 26.0}, {"op": "set", "side": "ask", "price": 0.35, "size": 36.0}]}
{"t": 1776976172.213068, "events": [{"op": "delete", "side": "bid", "price": 0.58}, {"op": "delete", "side": "bid", "price": 0.57}, {"op": "set", "side": "ask", "price": 0.32, "size": 25040.63}, {"op": "delete", "side": "ask", "price": 0.34}]}
{"t": 1776976173.230133, "events": [{"op": "set", "side": "bid", "price": 0.59, "size": 333.0}, {"op": "set", "side": "bid", "price": 0.6, "size": 682.0}, {"op": "set", "side": "ask", "price": 0.33, "size": 135.0}, {"op": "set", "side": "ask", "price": 0.35, "size": 125.0}]}
{"t": 1776976174.237823, "events": [{"op": "set", "side": "bid", "price": 0.61, "size": 25.0}, {"op": "set", "side": "ask", "price": 0.34, "size": 37.0}]}
{"t": 1776976175.24962, "events": [{"op": "delete", "side": "bid", "price": 0.6}, {"op": "delete", "side": "bid", "price": 0.59}, {"op": "delete", "side": "ask", "price": 0.35}]}
{"t": 1776976177.2679732, "events": [{"op": "set", "side": "bid", "price": 0.62, "size": 715.27}, {"op": "set", "side": "bid", "price": 0.61, "size": 358.0}, {"op": "set", "side": "ask", "price": 0.33, "size": 144.0}, {"op": "set", "side": "ask", "price": 0.34, "size": 171.0}]}
{"t": 1776976178.273995, "events": [{"op": "set", "side": "bid", "price": 0.61, "size": 333.0}, {"op": "set", "side": "ask", "price": 0.34, "size": 134.0}]}
{"t": 1776976179.287406, "events": [{"op": "set", "side": "bid", "price": 0.62, "size": 739.27}, {"op": "set", "side": "ask", "price": 0.35, "size": 32.0}]}
{"t": 1776976183.318472, "events": [{"op": "delete", "side": "ask", "price": 0.35}]}
{"t": 1776976184.330831, "events": [{"op": "set", "side": "ask", "price": 0.35, "size": 32.0}]}
{"t": 1776976188.349905, "events": [{"op": "delete", "side": "ask", "price": 0.35}]}
{"t": 1776976189.36215, "events": [{"op": "set", "side": "ask", "price": 0.35, "size": 32.0}]}
{"t": 1776976193.395335, "events": [{"op": "delete", "side": "ask", "price": 0.35}]}
{"t": 1776976194.405488, "events": [{"op": "set", "side": "ask", "price": 0.35, "size": 32.0}]}
{"t": 1776976197.420757, "events": [{"op": "set", "side": "bid", "price": 0.62, "size": 33.26999999999998}, {"op": "delete", "side": "bid", "price": 0.61}, {"op": "set", "side": "ask", "price": 0.33, "size": 135.0}, {"op": "delete", "side": "ask", "price": 0.34}]}
{"t": 1776976198.435571, "events": [{"op": "set", "side": "bid", "price": 0.55, "size": 1000.0}, {"op": "set", "side": "bid", "price": 0.56, "size": 1000.0}, {"op": "set", "side": "bid", "price": 0.57, "size": 28.0}, {"op": "set", "side": "ask", "price": 0.33, "size": 145.0}, {"op": "set", "side": "ask", "price": 0.35, "size": 134.0}, {"op": "set", "side": "ask", "price": 0.36, "size": 76.72}]}
{"t": 1776976203.4636748, "events": [{"op": "delete", "side": "bid", "price": 0.57}, {"op": "delete", "side": "bid", "price": 0.34}]}
{"t": 1776976204.476952, "events": [{"op": "delete", "side": "bid", "price": 0.56}, {"op": "delete", "side": "bid", "price": 0.55}, {"op": "set", "side": "bid", "price": 0.57, "size": 27.0}, {"op": "set", "side": "bid", "price": 0.04, "size": 13.0}, {"op": "set", "side": "ask", "price": 0.33, "size": 51.0}, {"op": "delete", "side": "ask", "price": 0.35}]}
{"t": 1776976207.508864, "events": [{"op": "set", "side": "bid", "price": 0.57, "size": 360.0}, {"op": "set", "side": "bid", "price": 0.58, "size": 681.0}, {"op": "set", "side": "ask", "price": 0.33, "size": 573.0}]}
{"t": 1776976208.525941, "events": [{"op": "set", "side": "bid", "price": 0.57, "size": 333.0}, {"op": "set", "side": "ask", "price": 0.32, "size": 25540.63}]}
{"t": 1776976209.539958, "events": [{"op": "set", "side": "bid", "price": 0.59, "size": 26.0}]}
{"t": 1776976214.569775, "events": [{"op": "delete", "side": "bid", "price": 0.58}, {"op": "delete", "side": "bid", "price": 0.57}]}
{"t": 1776976215.5757089, "events": [{"op": "set", "side": "bid", "price": 0.59, "size": 359.0}, {"op": "set", "side": "bid", "price": 0.6, "size": 681.0}, {"op": "set", "side": "ask", "price": 0.33, "size": 572.0}]}
{"t": 1776976217.597552, "events": [{"op": "set", "side": "ask", "price": 0.36, "size": 41.72}]}
{"t": 1776976218.6080482, "events": [{"op": "set", "side": "bid", "price": 0.62, "size": 56.26999999999998}, {"op": "set", "side": "bid", "price": 0.6, "size": 644.0}, {"op": "set", "side": "bid", "price": 0.59, "size": 323.0}, {"op": "set", "side": "bid", "price": 0.61, "size": 179.0}, {"op": "set", "side": "ask", "price": 0.34, "size": 37.0}]}
{"t": 1776976220.6215591, "events": [{"op": "delete", "side": "bid", "price": 0.61}, {"op": "delete", "side": "bid", "price": 0.6}, {"op": "delete", "side": "bid", "price": 0.59}, {"op": "set", "side": "ask", "price": 0.32, "size": 25040.63}]}
{"t": 1776976222.6332319, "events": [{"op": "set", "side": "bid", "price": 0.55, "size": 1000.0}, {"op": "set", "side": "bid", "price": 0.56, "size": 1000.0}, {"op": "set", "side": "ask", "price": 0.33, "size": 363.0}, {"op": "set", "side": "ask", "price": 0.34, "size": 377.0}]}
{"t": 1776976223.6436858, "events": [{"op": "set", "side": "bid", "price": 0.62, "size": 33.26999999999998}, {"op": "set", "side": "bid", "price": 0.57, "size": 28.0}, {"op": "set", "side": "ask", "price": 0.33, "size": 404.0}, {"op": "set", "side": "ask", "price": 0.34, "size": 380.0}, {"op": "set", "side": "ask", "price": 0.35, "size": 37.0}]}
{"t": 1776976238.714187, "events": [{"op": "delete", "side": "bid", "price": 0.57}, {"op": "delete", "side": "ask", "price": 0.35}]}
{"t": 1776976239.7258828, "events": [{"op": "set", "side": "bid", "price": 0.57, "size": 28.0}, {"op": "set", "side": "ask", "price": 0.35, "size": 37.0}]}
{"t": 1776976253.8076642, "events": [{"op": "delete", "side": "bid", "price": 0.57}, {"op": "delete", "side": "ask", "price": 0.35}]}
{"t": 1776976254.822479, "events": [{"op": "delete", "side": "bid", "price": 0.56}, {"op": "delete", "side": "bid", "price": 0.55}, {"op": "set", "side": "bid", "price": 0.57, "size": 28.0}, {"op": "set", "side": "ask", "price": 0.33, "size": 363.0}, {"op": "delete", "side": "ask", "price": 0.34}, {"op": "set", "side": "ask", "price": 0.35, "size": 37.0}]}
{"t": 1776976255.835129, "events": [{"op": "set", "side": "bid", "price": 0.57, "size": 361.0}, {"op": "set", "side": "bid", "price": 0.34, "size": 13.0}, {"op": "delete", "side": "bid", "price": 0.04}, {"op": "set", "side": "bid", "price": 0.58, "size": 681.0}, {"op": "set", "side": "ask", "price": 0.33, "size": 279.0}, {"op": "set", "side": "ask", "price": 0.35, "size": 296.0}]}
{"t": 1776976258.864931, "events": [{"op": "set", "side": "bid", "price": 0.57, "size": 333.0}, {"op": "set", "side": "bid", "price": 0.59, "size": 26.0}, {"op": "set", "side": "ask", "price": 0.35, "size": 259.0}, {"op": "set", "side": "ask", "price": 0.36, "size": 75.72}]}
{"t": 1776976259.875783, "events": [{"op": "delete", "side": "bid", "price": 0.58}, {"op": "delete", "side": "bid", "price": 0.57}, {"op": "delete", "side": "ask", "price": 0.35}]}
{"t": 1776976260.885631, "events": [{"op": "set", "side": "bid", "price": 0.59, "size": 359.0}, {"op": "set", "side": "bid", "price": 0.6, "size": 681.0}, {"op": "set", "side": "ask", "price": 0.32, "size": 25540.63}, {"op": "set", "side": "ask", "price": 0.33, "size": 571.0}]}
{"t": 1776976263.909769, "events": [{"op": "set", "side": "bid", "price": 0.59, "size": 333.0}, {"op": "set", "side": "bid", "price": 0.61, "size": 24.0}]}
{"t": 1776976276.0147579, "events": [{"op": "set", "side": "bid", "price": 0.62, "size": 713.27}, {"op": "set", "side": "bid", "price": 0.61, "size": 357.0}, {"op": "delete", "side": "bid", "price": 0.6}, {"op": "delete", "side": "bid", "price": 0.59}]}
{"t": 1776976277.039475, "events": [{"op": "set", "side": "ask", "price": 0.33, "size": 520.0}, {"op": "set", "side": "ask", "price": 0.36, "size": 41.72}, {"op": "set", "side": "ask", "price": 0.34, "size": 36.0}, {"op": "set", "side": "ask", "price": 0.05, "size": 49.0}]}
{"t": 1776976279.0620182, "events": [{"op": "set", "side": "bid", "price": 0.62, "size": 737.27}, {"op": "set", "side": "bid", "price": 0.61, "size": 333.0}]}
{"t": 1776976280.070851, "events": [{"op": "set", "side": "bid", "price": 0.62, "size": 57.26999999999998}, {"op": "delete", "side": "bid", "price": 0.61}, {"op": "delete", "side": "ask", "price": 0.33}]}
{"t": 1776976281.087897, "events": [{"op": "set", "side": "bid", "price": 0.55, "size": 1000.0}, {"op": "set", "side": "bid", "price": 0.56, "size": 1000.0}, {"op": "set", "side": "ask", "price": 0.34, "size": 556.0}]}
{"t": 1776976284.125754, "events": [{"op": "set", "side": "bid", "price": 0.62, "size": 33.26999999999998}, {"op": "set", "side": "bid", "price": 0.57, "size": 27.0}, {"op": "set", "side": "ask", "price": 0.34, "size": 520.0}, {"op": "set", "side": "ask", "price": 0.37, "size": 30.0}]}
{"t": 1776976285.139929, "events": [{"op": "delete", "side": "bid", "price": 0.56}, {"op": "delete", "side": "bid", "price": 0.55}, {"op": "set", "side": "ask", "price": 0.32, "size": 25040.63}, {"op": "delete", "side": "ask", "price": 0.34}]}
{"t": 1776976287.161626, "events": [{"op": "set", "side": "bid", "price": 0.57, "size": 360.0}, {"op": "set", "side": "bid", "price": 0.58, "size": 680.0}, {"op": "set", "side": "ask", "price": 0.32, "size": 26053.63}]}
{"t": 1776976289.1844962, "events": [{"op": "set", "side": "bid", "price": 0.57, "size": 333.0}, {"op": "delete", "side": "ask", "price": 0.37}]}
{"t": 1776976290.196137, "events": [{"op": "set", "side": "bid", "price": 0.59, "size": 26.0}, {"op": "set", "side": "ask", "price": 0.33, "size": 40.0}]}
{"t": 1776976301.276474, "events": [{"op": "delete", "side": "bid", "price": 0.58}, {"op": "delete", "side": "bid", "price": 0.57}, {"op": "set", "side": "ask", "price": 0.32, "size": 25040.63}]}
{"t": 1776976303.3065321, "events": [{"op": "delete", "side": "bid", "price": 0.59}, {"op": "delete", "side": "ask", "price": 0.33}]}
{"t": 1776976304.313708, "events": [{"op": "set", "side": "bid", "price": 0.55, "size": 1029.0}, {"op": "set", "side": "bid", "price": 0.56, "size": 1000.0}, {"op": "set", "side": "ask", "price": 0.32, "size": 26053.63}, {"op": "set", "side": "ask", "price": 0.33, "size": 40.0}]}
{"t": 1776976307.3653572, "events": [{"op": "set", "side": "bid", "price": 0.56, "size": 974.0}, {"op": "set", "side": "bid", "price": 0.55, "size": 29.0}, {"op": "set", "side": "bid", "price": 0.57, "size": 667.0}, {"op": "set", "side": "ask", "price": 0.32, "size": 25540.63}, {"op": "set", "side": "ask", "price": 0.33, "size": 559.0}]}
{"t": 1776976308.374354, "events": [{"op": "delete", "side": "bid", "price": 0.55}, {"op": "set", "side": "ask", "price": 0.33, "size": 519.0}]}
{"t": 1776976309.386129, "events": [{"op": "set", "side": "bid", "price": 0.58, "size": 27.0}, {"op": "set", "side": "ask", "price": 0.34, "size": 39.0}]}
{"t": 1776976313.409361, "events": [{"op": "delete", "side": "bid", "price": 0.58}, {"op": "set", "side": "ask", "price": 0.33, "size": 578.0}, {"op": "delete", "side": "ask", "price": 0.34}, {"op": "set", "side": "ask", "price": 0.05, "size": 1.0}]}
{"t": 1776976314.4200819, "events": [{"op": "set", "side": "bid", "price": 0.58, "size": 27.0}, {"op": "set", "side": "ask", "price": 0.34, "size": 39.0}]}
{"t": 1776976318.442741, "events": [{"op": "delete", "side": "bid", "price": 0.58}, {"op": "delete", "side": "ask", "price": 0.34}]}
{"t": 1776976319.457519, "events": [{"op": "set", "side": "bid", "price": 0.58, "size": 27.0}, {"op": "set", "side": "ask", "price": 0.34, "size": 39.0}]}
{"t": 1776976323.4797351, "events": [{"op": "delete", "side": "bid", "price": 0.56}, {"op": "delete", "side": "bid", "price": 0.57}, {"op": "set", "side": "ask", "price": 0.32, "size": 25040.63}]}
{"t": 1776976324.50117, "events": [{"op": "set", "side": "bid", "price": 0.58, "size": 360.0}, {"op": "set", "side": "bid", "price": 0.59, "size": 680.0}, {"op": "set", "side": "ask", "price": 0.33, "size": 371.0}, {"op": "set", "side": "ask", "price": 0.34, "size": 376.0}]}
{"t": 1776976325.519989, "events": [{"op": "set", "side": "bid", "price": 0.58, "size": 333.0}, {"op": "set", "side": "bid", "price": 0.6, "size": 25.0}, {"op": "set", "side": "ask", "price": 0.34, "size": 337.0}, {"op": "set", "side": "ask", "price": 0.35, "size": 36.0}]}
{"t": 1776976332.56369, "events": [{"op": "delete", "side": "bid", "price": 0.58}, {"op": "delete", "side": "bid", "price": 0.59}, {"op": "delete", "side": "ask", "price": 0.34}]}
{"t": 1776976333.587355, "events": [{"op": "set", "side": "bid", "price": 0.6, "size": 333.0}, {"op": "set", "side": "bid", "price": 0.61, "size": 680.0}, {"op": "set", "side": "ask", "price": 0.33, "size": 265.0}, {"op": "set", "side": "ask", "price": 0.35, "size": 236.0}]}
{"t": 1776976334.603316, "events": [{"op": "set", "side": "bid", "price": 0.62, "size": 56.26999999999998}, {"op": "delete", "side": "bid", "price": 0.61}, {"op": "delete", "side": "bid", "price": 0.6}, {"op": "delete", "side": "ask", "price": 0.35}, {"op": "set", "side": "ask", "price": 0.34, "size": 37.0}]}
{"t": 1776976336.625223, "events": [{"op": "set", "side": "bid", "price": 0.55, "size": 1000.0}, {"op": "set", "side": "bid", "price": 0.56, "size": 1000.0}, {"op": "set", "side": "ask", "price": 0.32, "size": 25540.63}, {"op": "set", "side": "ask", "price": 0.33, "size": 578.0}]}
{"t": 1776976339.6474261, "events": [{"op": "set", "side": "bid", "price": 0.62, "size": 33.26999999999998}, {"op": "delete", "side": "bid", "price": 0.34}, {"op": "set", "side": "ask", "price": 0.32, "size": 25040.63}, {"op": "set", "side": "ask", "price": 0.33, "size": 519.0}, {"op": "delete", "side": "ask", "price": 0.34}, {"op": "set", "side": "ask", "price": 0.05, "size": 52.0}]}
{"t": 1776976340.6580539, "events": [{"op": "delete", "side": "bid", "price": 0.56}, {"op": "delete", "side": "bid", "price": 0.55}, {"op": "set", "side": "bid", "price": 0.57, "size": 28.0}, {"op": "set", "side": "bid", "price": 0.04, "size": 13.0}, {"op": "delete", "side": "ask", "price": 0.33}, {"op": "set", "side": "ask", "price": 0.34, "size": 374.0}]}
{"t": 1776976343.692986, "events": [{"op": "set", "side": "bid", "price": 0.57, "size": 361.0}, {"op": "set", "side": "bid", "price": 0.58, "size": 679.0}, {"op": "set", "side": "ask", "price": 0.32, "size": 25540.63}, {"op": "set", "side": "ask", "price": 0.34, "size": 557.0}]}
{"t": 1776976344.703347, "events": [{"op": "delete", "side": "bid", "price": 0.58}, {"op": "delete", "side": "bid", "price": 0.57}, {"op": "set", "side": "bid", "price": 0.59, "size": 26.0}, {"op": "set", "side": "ask", "price": 0.32, "size": 25040.63}, {"op": "delete", "side": "ask", "price": 0.34}, {"op": "set", "side": "ask", "price": 0.35, "size": 37.0}]}
{"t": 1776976349.756854, "events": [{"op": "set", "side": "bid", "price": 0.59, "size": 359.0}, {"op": "set", "side": "bid", "price": 0.6, "size": 679.0}, {"op": "set", "side": "ask", "price": 0.32, "size": 25540.63}, {"op": "set", "side": "ask", "price": 0.35, "size": 555.0}]}
{"t": 1776976350.768629, "events": [{"op": "set", "side": "bid", "price": 0.59, "size": 333.0}]}
{"t": 1776976351.775647, "events": [{"op": "delete", "side": "bid", "price": 0.6}, {"op": "delete", "side": "bid", "price": 0.59}, {"op": "set", "side": "ask", "price": 0.32, "size": 25040.63}, {"op": "delete", "side": "ask", "price": 0.35}]}
{"t": 1776976352.80179, "events": [{"op": "set", "side": "bid", "price": 0.55, "size": 29.0}, {"op": "set", "side": "ask", "price": 0.33, "size": 40.0}]}
{"t": 1776976355.830212, "events": [{"op": "set", "side": "bid", "price": 0.55, "size": 333.0}, {"op": "set", "side": "bid", "price": 0.56, "size": 679.0}, {"op": "set", "side": "ask", "price": 0.32, "size": 25540.63}, {"op": "set", "side": "ask", "price": 0.33, "size": 518.0}]}
{"t": 1776976356.839608, "events": [{"op": "set", "side": "bid", "price": 0.57, "size": 27.0}, {"op": "set", "side": "ask", "price": 0.37, "size": 29.0}]}
{"t": 1776976359.87871, "events": [{"op": "delete", "side": "bid", "price": 0.56}, {"op": "delete", "side": "bid", "price": 0.55}, {"op": "delete", "side": "ask", "price": 0.33}]}
{"t": 1776976360.895073, "events": [{"op": "set", "side": "bid", "price": 0.57, "size": 333.0}, {"op": "set", "side": "bid", "price": 0.58, "size": 679.0}, {"op": "set", "side": "ask", "price": 0.32, "size": 26052.63}, {"op": "delete", "side": "ask", "price": 0.37}]}
{"t": 1776976361.903726, "events": [{"op": "set", "side": "bid", "price": 0.59, "size": 26.0}]}
{"t": 1776976362.91397, "events": [{"op": "delete", "side": "bid", "price": 0.58}, {"op": "delete", "side": "bid", "price": 0.57}, {"op": "delete", "side": "bid", "price": 0.04}, {"op": "set", "side": "ask", "price": 0.32, "size": 25540.63}, {"op": "set", "side": "ask", "price": 0.33, "size": 40.0}]}
{"t": 1776976363.930155, "events": [{"op": "set", "side": "bid", "price": 0.59, "size": 359.0}, {"op": "set", "side": "bid", "price": 0.6, "size": 679.0}, {"op": "set", "side": "ask", "price": 0.33, "size": 558.0}]}
{"t": 1776976364.937811, "events": [{"op": "set", "side": "bid", "price": 0.59, "size": 333.0}, {"op": "set", "side": "ask", "price": 0.33, "size": 518.0}]}
{"t": 1776976365.9445639, "events": [{"op": "set", "side": "bid", "price": 0.61, "size": 24.0}, {"op": "set", "side": "ask", "price": 0.34, "size": 38.0}]}
{"t": 1776976370.9749482, "events": [{"op": "delete", "side": "bid", "price": 0.61}, {"op": "set", "side": "bid", "price": 0.34, "size": 13.0}, {"op": "delete", "side": "ask", "price": 0.34}]}
{"t": 1776976371.985274, "events": [{"op": "set", "side": "bid", "price": 0.61, "size": 24.0}, {"op": "set", "side": "ask", "price": 0.34, "size": 38.0}]}
{"t": 1776976375.010626, "events": [{"op": "delete", "side": "bid", "price": 0.61}, {"op": "delete", "side": "ask", "price": 0.34}]}
{"t": 1776976376.01981, "events": [{"op": "set", "side": "bid", "price": 0.61, "size": 24.0}, {"op": "set", "side": "ask", "price": 0.34, "size": 38.0}]}
{"t": 1776976385.0620549, "events": [{"op": "delete", "side": "bid", "price": 0.61}, {"op": "set", "side": "ask", "price": 0.33, "size": 570.0}, {"op": "delete", "side": "ask", "price": 0.34}, {"op": "set", "side": "ask", "price": 0.05, "size": 1.0}]}
{"t": 1776976386.068693, "events": [{"op": "set", "side": "bid", "price": 0.61, "size": 24.0}, {"op": "set", "side": "ask", "price": 0.34, "size": 38.0}]}
{"t": 1776976390.085834, "events": [{"op": "set", "side": "bid", "price": 0.62, "size": 712.27}, {"op": "set", "side": "bid", "price": 0.61, "size": 333.0}, {"op": "delete", "side": "bid", "price": 0.6}, {"op": "delete", "side": "bid", "price": 0.59}, {"op": "set", "side": "ask", "price": 0.32, "size": 25040.63}, {"op": "set", "side": "ask", "price": 0.33, "size": 363.0}, {"op": "set", "side": "ask", "price": 0.34, "size": 334.0}]}
{"t": 1776976391.098208, "events": [{"op": "set", "side": "bid", "price": 0.62, "size": 736.27}, {"op": "set", "side": "ask", "price": 0.35, "size": 33.0}]}
{"t": 1776976393.108543, "events": [{"op": "set", "side": "bid", "price": 0.62, "size": 57.26999999999998}, {"op": "delete", "side": "bid", "price": 0.61}, {"op": "set", "side": "ask", "price": 0.33, "size": 256.0}, {"op": "delete", "side": "ask", "price": 0.34}]}
{"t": 1776976394.119156, "events": [{"op": "set", "side": "bid", "price": 0.55, "size": 1000.0}, {"op": "set", "side": "bid", "price": 0.56, "size": 1000.0}, {"op": "set", "side": "ask", "price": 0.35, "size": 264.0}]}
{"t": 1776976395.125777, "events": [{"op": "set", "side": "bid", "price": 0.62, "size": 33.26999999999998}, {"op": "set", "side": "ask", "price": 0.35, "size": 231.0}]}
{"t": 1776976396.130979, "events": [{"op": "set", "side": "bid", "price": 0.57, "size": 27.0}, {"op": "set", "side": "ask", "price": 0.37, "size": 31.0}]}
{"t": 1776976400.151349, "events": [{"op": "delete", "side": "bid", "price": 0.57}]}
{"t": 1776976401.163003, "events": [{"op": "set", "side": "bid", "price": 0.57, "size": 27.0}]}
{"t": 1776976405.183253, "events": [{"op": "delete", "side": "bid", "price": 0.57}]}
{"t": 1776976406.18958, "events": [{"op": "set", "side": "bid", "price": 0.57, "size": 27.0}]}
{"t": 1776976415.243485, "events": [{"op": "delete", "side": "bid", "price": 0.57}, {"op": "delete", "side": "bid", "price": 0.56}, {"op": "delete", "side": "bid", "price": 0.55}, {"op": "delete", "side": "ask", "price": 0.35}]}
{"t": 1776976416.25911, "events": [{"op": "set", "side": "bid", "price": 0.55, "size": 28.0}, {"op": "set", "side": "bid", "price": 0.57, "size": 333.0}, {"op": "set", "side": "bid", "price": 0.58, "size": 678.0}, {"op": "set", "side": "ask", "price": 0.32, "size": 25540.63}, {"op": "set", "side": "ask", "price": 0.33, "size": 569.0}]}
{"t": 1776976420.296268, "events": [{"op": "delete", "side": "bid", "price": 0.55}, {"op": "set", "side": "ask", "price": 0.33, "size": 517.0}, {"op": "set", "side": "ask", "price": 0.34, "size": 48.0}]}
{"t": 1776976421.30323, "events": [{"op": "set", "side": "bid", "price": 0.59, "size": 26.0}]}
{"t": 1776976423.3098712, "events": [{"op": "set", "side": "bid", "price": 0.59, "size": 359.0}, {"op": "delete", "side": "bid", "price": 0.58}, {"op": "delete", "side": "bid", "price": 0.57}, {"op": "set", "side": "bid", "price": 0.6, "size": 678.0}, {"op": "delete", "side": "ask", "price": 0.33}, {"op": "set", "side": "ask", "price": 0.34, "size": 565.0}]}
{"t": 1776976424.32556, "events": [{"op": "delete", "side": "ask", "price": 0.37}, {"op": "set", "side": "ask", "price": 0.35, "size": 36.0}]}
{"t": 1776976425.340163, "events": [{"op": "delete", "side": "bid", "price": 0.6}, {"op": "delete", "side": "bid", "price": 0.59}, {"op": "set", "side": "bid", "price": 0.55, "size": 29.0}, {"op": "set", "side": "ask", "price": 0.32, "size": 25040.63}, {"op": "set", "side": "ask", "price": 0.34, "size": 48.0}, {"op": "set", "side": "ask", "price": 0.35, "size": 37.0}]}
{"t": 1776976427.360094, "events": [{"op": "set", "side": "bid", "price": 0.55, "size": 362.0}, {"op": "set", "side": "bid", "price": 0.56, "size": 678.0}]}
{"t": 1776976428.364198, "events": [{"op": "set", "side": "ask", "price": 0.34, "size": 132.0}, {"op": "set", "side": "ask", "price": 0.35, "size": 152.0}]}
{"t": 1776976430.376935, "events": [{"op": "set", "side": "bid", "price": 0.55, "size": 333.0}, {"op": "set", "side": "ask", "price": 0.35, "size": 115.0}]}
{"t": 1776976431.391558, "events": [{"op": "set", "side": "bid", "price": 0.56, "size": 649.0}, {"op": "set", "side": "bid", "price": 0.55, "size": 325.0}, {"op": "set", "side": "bid", "price": 0.57, "size": 211.0}, {"op": "set", "side": "ask", "price": 0.34, "size": 174.0}, {"op": "set", "side": "ask", "price": 0.35, "size": 157.0}, {"op": "set", "side": "ask", "price": 0.36, "size": 75.72}]}
{"t": 1776976435.41402, "events": [{"op": "set", "side": "bid", "price": 0.57, "size": 183.0}]}
{"t": 1776976436.4190028, "events": [{"op": "delete", "side": "bid", "price": 0.57}, {"op": "set", "side": "bid", "price": 0.58, "size": 27.0}, {"op": "set", "side": "ask", "price": 0.34, "size": 132.0}, {"op": "delete", "side": "ask", "price": 0.35}]}
{"t": 1776976437.425882, "events": [{"op": "set", "side": "bid", "price": 0.56, "size": 1000.0}, {"op": "set", "side": "bid", "price": 0.55, "size": 1000.0}, {"op": "set", "side": "ask", "price": 0.32, "size": 25540.63}, {"op": "set", "side": "ask", "price": 0.34, "size": 565.0}]}
{"t": 1776976438.4467258, "events": [{"op": "set", "side": "bid", "price": 0.58, "size": 360.0}, {"op": "delete", "side": "bid", "price": 0.56}, {"op": "delete", "side": "bid", "price": 0.55}, {"op": "set", "side": "bid", "price": 0.59, "size": 678.0}]}
{"t": 1776976440.468045, "events": [{"op": "set", "side": "bid", "price": 0.58, "size": 333.0}, {"op": "set", "side": "bid", "price": 0.6, "size": 25.0}]}
{"t": 1776976442.480271, "events": [{"op": "set", "side": "bid", "price": 0.6, "size": 358.0}, {"op": "delete", "side": "bid", "price": 0.58}, {"op": "delete", "side": "bid", "price": 0.59}, {"op": "set", "side": "bid", "price": 0.61, "size": 678.0}]}
{"t": 1776976443.4918458, "events": [{"op": "set", "side": "bid", "price": 0.61, "size": 649.0}, {"op": "set", "side": "bid", "price": 0.6, "size": 350.0}, {"op": "set", "side": "ask", "price": 0.36, "size": 41.72}, {"op": "set", "side": "ask", "price": 0.35, "size": 34.0}]}
{"t": 1776976444.5010781, "events": [{"op": "set", "side": "bid", "price": 0.62, "size": 209.26999999999998}]}
{"t": 1776976445.5077739, "events": [{"op": "set", "side": "bid", "price": 0.62, "size": 233.26999999999998}, {"op": "set", "side": "bid", "price": 0.6, "size": 325.0}, {"op": "set", "side": "ask", "price": 0.35, "size": 33.0}]}
{"t": 1776976451.535392, "events": [{"op": "set", "side": "bid", "price": 0.62, "size": 33.26999999999998}, {"op": "delete", "side": "bid", "price": 0.61}, {"op": "delete", "side": "bid", "price": 0.6}, {"op": "set", "side": "ask", "price": 0.34, "size": 517.0}, {"op": "set", "side": "ask", "price": 0.05, "size": 54.0}]}
{"t": 1776976452.543754, "events": [{"op": "set", "side": "bid", "price": 0.55, "size": 29.0}]}
{"t": 1776976453.5542011, "events": [{"op": "set", "side": "bid", "price": 0.55, "size": 1029.0}, {"op": "set", "side": "bid", "price": 0.56, "size": 1000.0}]}
{"t": 1776976454.565593, "events": [{"op": "set", "side": "bid", "price": 0.55, "size": 29.0}, {"op": "delete", "side": "ask", "price": 0.34}]}
{"t": 1776976455.5719721, "events": [{"op": "set", "side": "bid", "price": 0.56, "size": 978.0}, {"op": "delete", "side": "bid", "price": 0.55}, {"op": "set", "side": "bid", "price": 0.57, "size": 667.0}, {"op": "set", "side": "bid", "price": 0.58, "size": 27.0}, {"op": "set", "side": "ask", "price": 0.35, "size": 517.0}, {"op": "set", "side": "ask", "price": 0.36, "size": 76.72}]}
{"t": 1776976458.60728, "events": [{"op": "delete", "side": "bid", "price": 0.56}, {"op": "delete", "side": "bid", "price": 0.57}, {"op": "delete", "side": "ask", "price": 0.35}]}
{"t": 1776976460.625124, "events": [{"op": "set", "side": "bid", "price": 0.58, "size": 333.0}, {"op": "set", "side": "bid", "price": 0.59, "size": 678.0}, {"op": "set", "side": "bid", "price": 0.6, "size": 26.0}, {"op": "set", "side": "ask", "price": 0.32, "size": 26051.63}]}
{"t": 1776976461.631319, "events": [{"op": "delete", "side": "bid", "price": 0.58}, {"op": "delete", "side": "bid", "price": 0.59}]}
{"t": 1776976462.638276, "events": [{"op": "set", "side": "bid", "price": 0.6, "size": 359.0}, {"op": "set", "side": "bid", "price": 0.61, "size": 678.0}, {"op": "set", "side": "ask", "price": 0.36, "size": 41.72}, {"op": "set", "side": "ask", "price": 0.33, "size": 38.0}]}
{"t": 1776976465.66493, "events": [{"op": "delete", "side": "bid", "price": 0.61}, {"op": "delete", "side": "bid", "price": 0.6}, {"op": "set", "side": "bid", "price": 0.55, "size": 29.0}, {"op": "set", "side": "ask", "price": 0.32, "size": 25040.63}, {"op": "set", "side": "ask", "price": 0.33, "size": 40.0}]}
{"t": 1776976468.700096, "events": [{"op": "set", "side": "bid", "price": 0.55, "size": 362.0}, {"op": "set", "side": "bid", "price": 0.56, "size": 678.0}, {"op": "set", "side": "ask", "price": 0.32, "size": 25540.63}, {"op": "set", "side": "ask", "price": 0.33, "size": 557.0}]}
{"t": 1776976470.713255, "events": [{"op": "set", "side": "bid", "price": 0.55, "size": 333.0}, {"op": "set", "side": "bid", "price": 0.57, "size": 28.0}, {"op": "set", "side": "ask", "price": 0.33, "size": 517.0}, {"op": "set", "side": "ask", "price": 0.34, "size": 38.0}]}
{"t": 1776976472.725442, "events": [{"op": "set", "side": "bid", "price": 0.57, "size": 361.0}, {"op": "delete", "side": "bid", "price": 0.56}, {"op": "delete", "side": "bid", "price": 0.55}, {"op": "set", "side": "bid", "price": 0.58, "size": 678.0}, {"op": "delete", "side": "ask", "price": 0.33}, {"op": "set", "side": "ask", "price": 0.34, "size": 555.0}]}
{"t": 1776976474.742902, "events": [{"op": "set", "side": "bid", "price": 0.57, "size": 333.0}, {"op": "set", "side": "ask", "price": 0.34, "size": 517.0}]}
{"t": 1776976475.752197, "events": [{"op": "set", "side": "bid", "price": 0.59, "size": 26.0}, {"op": "set", "side": "ask", "price": 0.35, "size": 37.0}]}
{"t": 1776976477.761339, "events": [{"op": "delete", "side": "bid", "price": 0.58}, {"op": "delete", "side": "bid", "price": 0.57}, {"op": "set", "side": "ask", "price": 0.32, "size": 25040.63}, {"op": "delete", "side": "ask", "price": 0.34}]}
{"t": 1776976478.778097, "events": [{"op": "set", "side": "ask", "price": 0.33, "size": 51.0}, {"op": "set", "side": "ask", "price": 0.05, "size": 1.0}]}
{"t": 1776976479.7830348, "events": [{"op": "delete", "side": "bid", "price": 0.59}, {"op": "delete", "side": "ask", "price": 0.35}]}
{"t": 1776976480.793513, "events": [{"op": "set", "side": "bid", "price": 0.55, "size": 29.0}, {"op": "set", "side": "ask", "price": 0.34, "size": 38.0}]}
{"t": 1776976481.809105, "events": [{"op": "set", "side": "bid", "price": 0.55, "size": 1029.0}, {"op": "set", "side": "bid", "price": 0.56, "size": 1000.0}, {"op": "set", "side": "ask", "price": 0.32, "size": 25540.63}, {"op": "set", "side": "ask", "price": 0.33, "size": 568.0}]}
{"t": 1776976484.820907, "events": [{"op": "set", "side": "bid", "price": 0.56, "size": 978.0}, {"op": "set", "side": "bid", "price": 0.55, "size": 29.0}, {"op": "set", "side": "ask", "price": 0.32, "size": 25040.63}, {"op": "set", "side": "ask", "price": 0.33, "size": 364.0}]}
{"t": 1776976485.858399, "events": [{"op": "delete", "side": "bid", "price": 0.55}, {"op": "set", "side": "bid", "price": 0.57, "size": 667.0}, {"op": "set", "side": "bid", "price": 0.58, "size": 27.0}, {"op": "set", "side": "ask", "price": 0.34, "size": 336.0}, {"op": "set", "side": "ask", "price": 0.35, "size": 36.0}]}
{"t": 1776976489.887844, "events": [{"op": "delete", "side": "bid", "price": 0.58}, {"op": "delete", "side": "ask", "price": 0.35}]}
{"t": 1776976490.901129, "events": [{"op": "delete", "side": "bid", "price": 0.57}, {"op": "set", "side": "bid", "price": 0.58, "size": 27.0}, {"op": "delete", "side": "ask", "price": 0.34}, {"op": "set", "side": "ask", "price": 0.35, "size": 37.0}]}
{"t": 1776976491.914994, "events": [{"op": "set", "side": "bid", "price": 0.56, "size": 1000.0}, {"op": "set", "side": "bid", "price": 0.55, "size": 1000.0}, {"op": "set", "side": "ask", "price": 0.32, "size": 25540.63}, {"op": "set", "side": "ask", "price": 0.33, "size": 568.0}]}
{"t": 1776976495.9455118, "events": [{"op": "delete", "side": "bid", "price": 0.58}, {"op": "delete", "side": "bid", "price": 0.34}, {"op": "set", "side": "bid", "price": 0.57, "size": 28.0}, {"op": "set", "side": "bid", "price": 0.04, "size": 13.0}, {"op": "delete", "side": "ask", "price": 0.35}, {"op": "set", "side": "ask", "price": 0.34, "size": 39.0}]}
{"t": 1776976499.969461, "events": [{"op": "delete", "side": "bid", "price": 0.57}, {"op": "delete", "side": "ask", "price": 0.34}]}
{"t": 1776976500.976686, "events": [{"op": "set", "side": "bid", "price": 0.57, "size": 28.0}, {"op": "set", "side": "ask", "price": 0.34, "size": 39.0}]}
{"t": 1776976504.995602, "events": [{"op": "delete", "side": "bid", "price": 0.57}, {"op": "delete", "side": "bid", "price": 0.56}, {"op": "delete", "side": "bid", "price": 0.55}, {"op": "set", "side": "ask", "price": 0.32, "size": 25040.63}, {"op": "delete", "side": "ask", "price": 0.34}]}
{"t": 1776976506.004798, "events": [{"op": "set", "side": "bid", "price": 0.55, "size": 29.0}, {"op": "set", "side": "bid", "price": 0.57, "size": 333.0}, {"op": "set", "side": "bid", "price": 0.58, "size": 678.0}, {"op": "set", "side": "ask", "price": 0.33, "size": 366.0}, {"op": "set", "side": "ask", "price": 0.34, "size": 375.0}]}
{"t": 1776976510.0364318, "events": [{"op": "delete", "side": "bid", "price": 0.55}, {"op": "set", "side": "ask", "price": 0.34, "size": 336.0}]}
{"t": 1776976511.044847, "events": [{"op": "set", "side": "bid", "price": 0.59, "size": 26.0}, {"op": "set", "side": "ask", "price": 0.35, "size": 37.0}]}
{"t": 1776976517.098359, "events": [{"op": "delete", "side": "bid", "price": 0.26}, {"op": "set", "side": "bid", "price": 0.28, "size": 2392.0}]}
{"t": 1776976520.122738, "events": [{"op": "delete", "side": "bid", "price": 0.59}, {"op": "delete", "side": "bid", "price": 0.27}, {"op": "delete", "side": "bid", "price": 0.04}, {"op": "set", "side": "bid", "price": 0.29, "size": 52.0}, {"op": "delete", "side": "ask", "price": 0.35}]}
{"t": 1776976521.1357608, "events": [{"op": "delete", "side": "bid", "price": 0.58}, {"op": "delete", "side": "bid", "price": 0.57}, {"op": "set", "side": "bid", "price": 0.59, "size": 26.0}, {"op": "set", "side": "ask", "price": 0.33, "size": 364.0}, {"op": "delete", "side": "ask", "price": 0.34}, {"op": "set", "side": "ask", "price": 0.35, "size": 37.0}]}
{"t": 1776976522.1437619, "events": [{"op": "set", "side": "bid", "price": 0.55, "size": 1000.0}, {"op": "set", "side": "bid", "price": 0.56, "size": 1000.0}, {"op": "set", "side": "ask", "price": 0.32, "size": 25540.63}, {"op": "set", "side": "ask", "price": 0.33, "size": 605.0}]}
{"t": 1776976525.156095, "events": [{"op": "delete", "side": "bid", "price": 0.59}, {"op": "delete", "side": "ask", "price": 0.35}]}
{"t": 1776976526.162179, "events": [{"op": "set", "side": "bid", "price": 0.57, "size": 28.0}, {"op": "set", "side": "ask", "price": 0.34, "size": 39.0}]}
{"t": 1776976530.176915, "events": [{"op": "delete", "side": "bid", "price": 0.57}]}
{"t": 1776976531.1844459, "events": [{"op": "set", "side": "bid", "price": 0.57, "size": 28.0}]}
{"t": 1776976535.199321, "events": [{"op": "delete", "side": "bid", "price": 0.57}, {"op": "delete", "side": "ask", "price": 0.34}]}
{"t": 1776976536.203557, "events": [{"op": "delete", "side": "bid", "price": 0.56}, {"op": "delete", "side": "bid", "price": 0.55}, {"op": "set", "side": "bid", "price": 0.57, "size": 28.0}, {"op": "set", "side": "ask", "price": 0.32, "size": 25040.63}, {"op": "set", "side": "ask", "price": 0.33, "size": 51.0}, {"op": "set", "side": "ask", "price": 0.34, "size": 39.0}]}
{"t": 1776976538.221212, "events": [{"op": "set", "side": "bid", "price": 0.57, "size": 361.0}, {"op": "set", "side": "bid", "price": 0.58, "size": 703.0}, {"op": "set", "side": "ask", "price": 0.33, "size": 145.0}, {"op": "set", "side": "ask", "price": 0.34, "size": 230.0}]}
{"t": 1776976540.237312, "events": [{"op": "set", "side": "bid", "price": 0.57, "size": 333.0}, {"op": "set", "side": "ask", "price": 0.34, "size": 191.0}]}
{"t": 1776976541.245595, "events": [{"op": "set", "side": "bid", "price": 0.59, "size": 26.0}, {"op": "set", "side": "ask", "price": 0.35, "size": 36.0}]}
{"t": 1776976543.262648, "events": [{"op": "set", "side": "bid", "price": 0.58, "size": 610.0}, {"op": "set", "side": "bid", "price": 0.57, "size": 307.0}]}
{"t": 1776976544.27052, "events": [{"op": "set", "side": "bid", "price": 0.59, "size": 203.0}, {"op": "set", "side": "ask", "price": 0.33, "size": 222.0}, {"op": "set", "side": "ask", "price": 0.34, "size": 261.0}]}
{"t": 1776976545.305117, "events": [{"op": "set", "side": "bid", "price": 0.59, "size": 177.0}, {"op": "delete", "side": "bid", "price": 0.58}, {"op": "delete", "side": "bid", "price": 0.57}, {"op": "set", "side": "bid", "price": 0.6, "size": 25.0}, {"op": "delete", "side": "ask", "price": 0.34}]}
{"t": 1776976546.315924, "events": [{"op": "set", "side": "bid", "price": 0.6, "size": 630.0}, {"op": "set", "side": "bid", "price": 0.59, "size": 303.0}, {"op": "set", "side": "bid", "price": 0.61, "size": 113.0}, {"op": "set", "side": "ask", "price": 0.33, "size": 192.0}, {"op": "set", "side": "ask", "price": 0.35, "size": 268.0}]}
{"t": 1776976548.331649, "events": [{"op": "delete", "side": "bid", "price": 0.59}, {"op": "set", "side": "ask", "price": 0.33, "size": 145.0}]}
{"t": 1776976549.3694139, "events": [{"op": "set", "side": "bid", "price": 0.62, "size": 321.27}, {"op": "set", "side": "bid", "price": 0.61, "size": 619.0}, {"op": "set", "side": "bid", "price": 0.6, "size": 338.0}, {"op": "set", "side": "ask", "price": 0.33, "size": 267.0}, {"op": "set", "side": "ask", "price": 0.35, "size": 335.0}]}
{"t": 1776976550.374534, "events": [{"op": "set", "side": "bid", "price": 0.62, "size": 345.27}, {"op": "set", "side": "bid", "price": 0.6, "size": 313.0}, {"op": "set", "side": "ask", "price": 0.35, "size": 299.0}, {"op": "set", "side": "ask", "price": 0.34, "size": 36.0}]}
{"t": 1776976552.38733, "events": [{"op": "delete", "side": "bid", "price": 0.61}, {"op": "delete", "side": "bid", "price": 0.6}, {"op": "set", "side": "ask", "price": 0.33, "size": 145.0}, {"op": "delete", "side": "ask", "price": 0.35}]}
{"t": 1776976553.394047, "events": [{"op": "set", "side": "bid", "price": 0.62, "size": 961.27}, {"op": "set", "side": "bid", "price": 0.54, "size": 411.0}, {"op": "set", "side": "bid", "price": 0.63, "size": 145.0}, {"op": "set", "side": "ask", "price": 0.33, "size": 309.0}, {"op": "set", "side": "ask", "price": 0.34, "size": 199.0}]}
{"t": 1776976555.404792, "events": [{"op": "set", "side": "bid", "price": 0.62, "size": 937.27}, {"op": "set", "side": "ask", "price": 0.34, "size": 163.0}]}
{"t": 1776976556.4166641, "events": [{"op": "set", "side": "bid", "price": 0.63, "size": 168.0}, {"op": "set", "side": "ask", "price": 0.35, "size": 30.0}]}
{"t": 1776976560.430049, "events": [{"op": "delete", "side": "bid", "price": 0.63}, {"op": "set", "side": "bid", "price": 0.62, "size": 33.26999999999998}, {"op": "set", "side": "bid", "price": 0.54, "size": 363.0}, {"op": "set", "side": "ask", "price": 0.33, "size": 231.0}, {"op": "delete", "side": "ask", "price": 0.34}, {"op": "delete", "side": "ask", "price": 0.35}]}
{"t": 1776976561.438821, "events": [{"op": "set", "side": "bid", "price": 0.55, "size": 1029.0}, {"op": "set", "side": "bid", "price": 0.56, "size": 1000.0}, {"op": "set", "side": "ask", "price": 0.34, "size": 39.0}, {"op": "set", "side": "ask", "price": 0.35, "size": 267.0}]}
{"t": 1776976565.468847, "events": [{"op": "set", "side": "bid", "price": 0.56, "size": 930.0}, {"op": "delete", "side": "bid", "price": 0.55}, {"op": "set", "side": "bid", "price": 0.57, "size": 28.0}, {"op": "set", "side": "ask", "price": 0.33, "size": 199.0}, {"op": "set", "side": "ask", "price": 0.34, "size": 38.0}, {"op": "delete", "side": "ask", "price": 0.35}]}
{"t": 1776976566.4827142, "events": [{"op": "set", "side": "bid", "price": 0.57, "size": 695.0}, {"op": "set", "side": "ask", "price": 0.34, "size": 276.0}]}
{"t": 1776976569.49947, "events": [{"op": "set", "side": "bid", "price": 0.57, "size": 28.0}, {"op": "delete", "side": "bid", "price": 0.56}, {"op": "set", "side": "ask", "price": 0.33, "size": 51.0}, {"op": "set", "side": "ask", "price": 0.34, "size": 38.0}]}
{"t": 1776976570.521151, "events": [{"op": "delete", "side": "bid", "price": 0.57}, {"op": "delete", "side": "bid", "price": 0.29}, {"op": "set", "side": "bid", "price": 0.34, "size": 48.0}, {"op": "set", "side": "bid", "price": 0.55, "size": 29.0}, {"op": "set", "side": "ask", "price": 0.33, "size": 39.0}, {"op": "delete", "side": "ask", "price": 0.34}, {"op": "set", "side": "ask", "price": 0.05, "size": 56.0}]}
{"t": 1776976571.5276349, "events": [{"op": "set", "side": "bid", "price": 0.55, "size": 362.0}, {"op": "set", "side": "bid", "price": 0.56, "size": 702.0}, {"op": "set", "side": "ask", "price": 0.32, "size": 25540.63}, {"op": "set", "side": "ask", "price": 0.33, "size": 592.0}]}
{"t": 1776976574.550605, "events": [{"op": "set", "side": "bid", "price": 0.56, "size": 611.0}, {"op": "set", "side": "bid", "price": 0.55, "size": 336.0}, {"op": "set", "side": "bid", "price": 0.57, "size": 179.0}, {"op": "set", "side": "ask", "price": 0.33, "size": 591.0}]}
{"t": 1776976575.5694778, "events": [{"op": "set", "side": "bid", "price": 0.55, "size": 307.0}, {"op": "set", "side": "ask", "price": 0.33, "size": 552.0}]}
{"t": 1776976576.575867, "events": [{"op": "delete", "side": "bid", "price": 0.57}, {"op": "delete", "side": "bid", "price": 0.56}, {"op": "delete", "side": "bid", "price": 0.55}, {"op": "set", "side": "bid", "price": 0.58, "size": 27.0}, {"op": "delete", "side": "ask", "price": 0.33}, {"op": "set", "side": "ask", "price": 0.34, "size": 38.0}]}
{"t": 1776976577.582925, "events": [{"op": "set", "side": "bid", "price": 0.58, "size": 360.0}, {"op": "set", "side": "bid", "price": 0.59, "size": 702.0}, {"op": "set", "side": "ask", "price": 0.34, "size": 590.0}]}
{"t": 1776976579.598368, "events": [{"op": "set", "side": "bid", "price": 0.59, "size": 611.0}, {"op": "set", "side": "bid", "price": 0.58, "size": 334.0}, {"op": "set", "side": "bid", "price": 0.6, "size": 175.0}]}
{"t": 1776976580.610691, "events": [{"op": "set", "side": "bid", "price": 0.58, "size": 307.0}, {"op": "set", "side": "bid", "price": 0.61, "size": 25.0}, {"op": "set", "side": "ask", "price": 0.34, "size": 552.0}, {"op": "set", "side": "ask", "price": 0.35, "size": 35.0}]}
{"t": 1776976582.626801, "events": [{"op": "set", "side": "bid", "price": 0.62, "size": 735.27}, {"op": "set", "side": "bid", "price": 0.61, "size": 358.0}, {"op": "delete", "side": "bid", "price": 0.6}, {"op": "delete", "side": "bid", "price": 0.58}, {"op": "delete", "side": "bid", "price": 0.59}, {"op": "delete", "side": "ask", "price": 0.34}, {"op": "set", "side": "ask", "price": 0.35, "size": 587.0}]}
{"t": 1776976585.646488, "events": [{"op": "set", "side": "bid", "price": 0.61, "size": 333.0}, {"op": "set", "side": "bid", "price": 0.63, "size": 22.0}, {"op": "set", "side": "ask", "price": 0.35, "size": 552.0}, {"op": "set", "side": "ask", "price": 0.33, "size": 38.0}]}
{"t": 1776976587.65838, "events": [{"op": "delete", "side": "bid", "price": 0.61}, {"op": "delete", "side": "ask", "price": 0.35}]}
{"t": 1776976588.667841, "events": [{"op": "set", "side": "bid", "price": 0.63, "size": 374.0}, {"op": "set", "side": "bid", "price": 0.62, "size": 953.27}, {"op": "set", "side": "bid", "price": 0.54, "size": 480.0}, {"op": "set", "side": "ask", "price": 0.32, "size": 25609.63}, {"op": "set", "side": "ask", "price": 0.33, "size": 538.0}]}
{"t": 1776976590.681835, "events": [{"op": "set", "side": "ask", "price": 0.33, "size": 500.0}, {"op": "set", "side": "ask", "price": 0.34, "size": 34.0}]}
{"t": 1776976592.712306, "events": [{"op": "set", "side": "bid", "price": 0.63, "size": 483.0}, {"op": "set", "side": "bid", "price": 0.62, "size": 961.27}, {"op": "set", "side": "bid", "price": 0.54, "size": 517.0}, {"op": "set", "side": "ask", "price": 0.33, "size": 44.0}, {"op": "set", "side": "ask", "price": 0.34, "size": 534.0}, {"op": "set", "side": "ask", "price": 0.05, "size": 14.0}]}
{"t": 1776976596.7381172, "events": [{"op": "set", "side": "bid", "price": 0.62, "size": 958.0}]}
{"t": 1776976601.7612329, "events": [{"op": "set", "side": "bid", "price": 0.63, "size": 486.27}]}
{"t": 1776976605.780865, "events": [{"op": "set", "side": "bid", "price": 0.63, "size": 490.27}, {"op": "set", "side": "bid", "price": 0.62, "size": 959.0}, {"op": "set", "side": "bid", "price": 0.54, "size": 518.0}, {"op": "delete", "side": "bid", "price": 0.34}, {"op": "set", "side": "bid", "price": 0.29, "size": 51.0}, {"op": "set", "side": "ask", "price": 0.32, "size": 25040.63}, {"op": "set", "side": "ask", "price": 0.33, "size": 428.0}, {"op": "set", "side": "ask", "price": 0.34, "size": 347.0}]}
{"t": 1776976607.800011, "events": [{"op": "set", "side": "bid", "price": 0.63, "size": 491.27}, {"op": "set", "side": "ask", "price": 0.33, "size": 44.0}, {"op": "set", "side": "ask", "price": 0.34, "size": 582.0}, {"op": "set", "side": "ask", "price": 0.35, "size": 379.0}]}
{"t": 1776976619.87493, "events": [{"op": "set", "side": "ask", "price": 0.34, "size": 548.0}]}
{"t": 1776976620.890514, "events": [{"op": "set", "side": "ask", "price": 0.34, "size": 582.0}]}
{"t": 1776976623.9121861, "events": [{"op": "set", "side": "bid", "price": 0.62, "size": 732.0}, {"op": "delete", "side": "ask", "price": 0.35}]}
{"t": 1776976624.9222841, "events": [{"op": "set", "side": "bid", "price": 0.62, "size": 960.0}, {"op": "set", "side": "ask", "price": 0.33, "size": 449.0}, {"op": "set", "side": "ask", "price": 0.34, "size": 371.0}]}
{"t": 1776976627.946018, "events": [{"op": "set", "side": "bid", "price": 0.63, "size": 3.269999999999982}, {"op": "set", "side": "bid", "price": 0.62, "size": 30.0}, {"op": "set", "side": "bid", "price": 0.54, "size": 363.0}, {"op": "set", "side": "bid", "price": 0.55, "size": 29.0}, {"op": "set", "side": "ask", "price": 0.33, "size": 44.0}, {"op": "set", "side": "ask", "price": 0.34, "size": 34.0}]}
{"t": 1776976629.966581, "events": [{"op": "delete", "side": "bid", "price": 0.55}, {"op": "delete", "side": "ask", "price": 0.34}]}
{"t": 1776976630.9735959, "events": [{"op": "set", "side": "bid", "price": 0.55, "size": 29.0}, {"op": "set", "side": "ask", "price": 0.33, "size": 40.0}, {"op": "set", "side": "ask", "price": 0.06, "size": 43.0}]}
{"t": 1776976631.9891021, "events": [{"op": "set", "side": "bid", "price": 0.63, "size": 1003.27}, {"op": "set", "side": "bid", "price": 0.62, "size": 697.0}, {"op": "set", "side": "bid", "price": 0.55, "size": 362.0}, {"op": "set", "side": "ask", "price": 0.33, "size": 129.0}, {"op": "set", "side": "ask", "price": 0.34, "size": 181.0}]}
{"t": 1776976636.012798, "events": [{"op": "set", "side": "bid", "price": 0.63, "size": 1027.27}, {"op": "set", "side": "bid", "price": 0.62, "size": 30.0}, {"op": "delete", "side": "bid", "price": 0.55}, {"op": "delete", "side": "ask", "price": 0.33}, {"op": "set", "side": "ask", "price": 0.34, "size": 212.0}, {"op": "set", "side": "ask", "price": 0.05, "size": 1.0}]}
{"t": 1776976637.021386, "events": [{"op": "set", "side": "bid", "price": 0.63, "size": 2027.27}, {"op": "set", "side": "ask", "price": 0.32, "size": 25505.63}, {"op": "set", "side": "ask", "price": 0.34, "size": 531.0}, {"op": "set", "side": "ask", "price": 0.33, "size": 15.0}]}
{"t": 1776976640.0406752, "events": [{"op": "set", "side": "ask", "price": 0.34, "size": 500.0}]}
{"t": 1776976641.045354, "events": [{"op": "set", "side": "ask", "price": 0.34, "size": 530.0}]}
{"t": 1776976648.087174, "events": [{"op": "set", "side": "bid", "price": 0.63, "size": 1027.27}, {"op": "set", "side": "bid", "price": 0.62, "size": 1030.0}, {"op": "set", "side": "ask", "price": 0.32, "size": 25040.63}, {"op": "set", "side": "ask", "price": 0.33, "size": 378.0}, {"op": "set", "side": "ask", "price": 0.34, "size": 322.0}]}
{"t": 1776976650.106755, "events": [{"op": "set", "side": "ask", "price": 0.33, "size": 15.0}, {"op": "set", "side": "ask", "price": 0.34, "size": 181.0}]}
{"t": 1776976651.118593, "events": [{"op": "set", "side": "ask", "price": 0.34, "size": 550.0}, {"op": "set", "side": "ask", "price": 0.35, "size": 358.0}]}
{"t": 1776976653.130749, "events": [{"op": "set", "side": "ask", "price": 0.33, "size": 385.0}, {"op": "set", "side": "ask", "price": 0.34, "size": 334.0}, {"op": "delete", "side": "ask", "price": 0.35}]}
{"t": 1776976655.139762, "events": [{"op": "set", "side": "ask", "price": 0.34, "size": 301.0}]}
{"t": 1776976656.145735, "events": [{"op": "set", "side": "ask", "price": 0.34, "size": 334.0}]}
{"t": 1776976660.164791, "events": [{"op": "delete", "side": "ask", "price": 0.06}, {"op": "set", "side": "ask", "price": 0.33, "size": 15.0}, {"op": "set", "side": "ask", "price": 0.34, "size": 563.0}, {"op": "set", "side": "ask", "price": 0.35, "size": 367.0}, {"op": "set", "side": "ask", "price": 0.05, "size": 38.0}]}
{"t": 1776976661.1799512, "events": [{"op": "set", "side": "ask", "price": 0.34, "size": 530.0}]}
{"t": 1776976662.1883461, "events": [{"op": "set", "side": "ask", "price": 0.34, "size": 564.0}]}
{"t": 1776976665.228876, "events": [{"op": "set", "side": "ask", "price": 0.34, "size": 530.0}]}
{"t": 1776976666.242671, "events": [{"op": "set", "side": "ask", "price": 0.34, "size": 564.0}]}
{"t": 1776976670.27538, "events": [{"op": "set", "side": "ask", "price": 0.34, "size": 530.0}]}
{"t": 1776976671.281625, "events": [{"op": "set", "side": "ask", "price": 0.34, "size": 564.0}]}
{"t": 1776976675.3047261, "events": [{"op": "set", "side": "ask", "price": 0.34, "size": 530.0}]}
{"t": 1776976676.313505, "events": [{"op": "set", "side": "ask", "price": 0.34, "size": 564.0}]}
{"t": 1776976680.334271, "events": [{"op": "set", "side": "ask", "price": 0.34, "size": 530.0}]}
{"t": 1776976681.3585122, "events": [{"op": "set", "side": "ask", "price": 0.34, "size": 564.0}]}
{"t": 1776976688.379301, "events": [{"op": "set", "side": "ask", "price": 0.34, "size": 342.0}, {"op": "delete", "side": "ask", "price": 0.35}]}
{"t": 1776976689.3868952, "events": [{"op": "set", "side": "ask", "price": 0.33, "size": 390.0}]}
{"t": 1776976690.397115, "events": [{"op": "set", "side": "ask", "price": 0.34, "size": 308.0}]}
{"t": 1776976691.417778, "events": [{"op": "set", "side": "ask", "price": 0.34, "size": 342.0}]}
{"t": 1776976694.6291242, "events": [{"op": "set", "side": "bid", "price": 0.63, "size": 3.269999999999982}, {"op": "set", "side": "bid", "price": 0.62, "size": 30.0}, {"op": "delete", "side": "bid", "price": 0.29}, {"op": "set", "side": "bid", "price": 0.34, "size": 50.0}, {"op": "set", "side": "bid", "price": 0.55, "size": 29.0}, {"op": "set", "side": "ask", "price": 0.33, "size": 15.0}, {"op": "set", "side": "ask", "price": 0.34, "size": 34.0}]}
{"t": 1776976695.801642, "events": [{"op": "set", "side": "ask", "price": 0.34, "size": 38.0}]}
{"t": 1776976696.810546, "events": [{"op": "delete", "side": "ask", "price": 0.33}, {"op": "set", "side": "ask", "price": 0.06, "size": 20.0}]}
{"t": 1776976698.8431628, "events": [{"op": "set", "side": "bid", "price": 0.63, "size": 1003.27}, {"op": "set", "side": "bid", "price": 0.62, "size": 697.0}, {"op": "set", "side": "bid", "price": 0.55, "size": 362.0}, {"op": "set", "side": "ask", "price": 0.32, "size": 25540.63}, {"op": "set", "side": "ask", "price": 0.34, "size": 586.0}, {"op": "set", "side": "ask", "price": 0.33, "size": 31.0}, {"op": "set", "side": "ask", "price": 0.05, "size": 1.0}]}
{"t": 1776976702.870096, "events": [{"op": "delete", "side": "bid", "price": 0.55}, {"op": "delete", "side": "ask", "price": 0.34}]}
{"t": 1776976703.879584, "events": [{"op": "set", "side": "bid", "price": 0.63, "size": 361.27}, {"op": "set", "side": "bid", "price": 0.62, "size": 955.0}, {"op": "set", "side": "bid", "price": 0.54, "size": 475.0}, {"op": "set", "side": "ask", "price": 0.32, "size": 25604.63}, {"op": "set", "side": "ask", "price": 0.33, "size": 531.0}, {"op": "set", "side": "ask", "price": 0.34, "size": 31.0}]}
{"t": 1776976705.8967402, "events": [{"op": "set", "side": "ask", "price": 0.34, "size": 33.0}]}
{"t": 1776976720.0040588, "events": [{"op": "set", "side": "bid", "price": 0.62, "size": 697.0}, {"op": "set", "side": "ask", "price": 0.32, "size": 25040.63}]}
{"t": 1776976721.023626, "events": [{"op": "set", "side": "bid", "price": 0.63, "size": 490.27}, {"op": "set", "side": "bid", "price": 0.62, "size": 964.0}, {"op": "set", "side": "bid", "price": 0.54, "size": 518.0}, {"op": "set", "side": "ask", "price": 0.33, "size": 414.0}, {"op": "set", "side": "ask", "price": 0.34, "size": 341.0}]}
{"t": 1776976725.0786262, "events": [{"op": "set", "side": "ask", "price": 0.34, "size": 308.0}]}
{"t": 1776976727.112159, "events": [{"op": "set", "side": "ask", "price": 0.34, "size": 341.0}]}
{"t": 1776976729.136172, "events": [{"op": "set", "side": "bid", "price": 0.63, "size": 361.27}, {"op": "set", "side": "bid", "price": 0.62, "size": 697.0}, {"op": "set", "side": "bid", "price": 0.54, "size": 475.0}, {"op": "delete", "side": "ask", "price": 0.06}, {"op": "set", "side": "ask", "price": 0.33, "size": 31.0}, {"op": "set", "side": "ask", "price": 0.05, "size": 23.0}]}
{"t": 1776976730.1580229, "events": [{"op": "set", "side": "bid", "price": 0.63, "size": 495.27}, {"op": "set", "side": "bid", "price": 0.62, "size": 965.0}, {"op": "set", "side": "bid", "price": 0.54, "size": 519.0}, {"op": "set", "side": "ask", "price": 0.34, "size": 579.0}, {"op": "set", "side": "ask", "price": 0.35, "size": 377.0}]}
{"t": 1776976732.18078, "events": [{"op": "delete", "side": "bid", "price": 0.34}, {"op": "set", "side": "bid", "price": 0.29, "size": 53.0}, {"op": "set", "side": "ask", "price": 0.34, "size": 546.0}]}
{"t": 1776976736.203402, "events": [{"op": "set", "side": "ask", "price": 0.34, "size": 581.0}]}
{"t": 1776976738.2212422, "events": [{"op": "set", "side": "bid", "price": 0.63, "size": 361.27}, {"op": "set", "side": "bid", "price": 0.62, "size": 697.0}, {"op": "set", "side": "ask", "price": 0.34, "size": 364.0}, {"op": "delete", "side": "ask", "price": 0.35}]}
{"t": 1776976739.229032, "events": [{"op": "set", "side": "bid", "price": 0.63, "size": 496.27}, {"op": "set", "side": "bid", "price": 0.62, "size": 966.0}, {"op": "set", "side": "ask", "price": 0.33, "size": 424.0}]}
{"t": 1776976740.2347279, "events": [{"op": "set", "side": "ask", "price": 0.33, "size": 31.0}, {"op": "set", "side": "ask", "price": 0.34, "size": 343.0}]}
{"t": 1776976741.2510169, "events": [{"op": "set", "side": "ask", "price": 0.34, "size": 605.0}, {"op": "set", "side": "ask", "price": 0.35, "size": 393.0}]}
{"t": 1776976746.492167, "events": [{"op": "set", "side": "ask", "price": 0.34, "size": 570.0}]}
{"t": 1776976752.540415, "events": [{"op": "set", "side": "ask", "price": 0.32, "size": 25602.63}, {"op": "set", "side": "ask", "price": 0.33, "size": 500.0}, {"op": "set", "side": "ask", "price": 0.34, "size": 34.0}, {"op": "delete", "side": "ask", "price": 0.35}, {"op": "set", "side": "ask", "price": 0.06, "size": 34.0}]}
{"t": 1776976755.570341, "events": [{"op": "delete", "side": "ask", "price": 0.34}]}
{"t": 1776976756.580106, "events": [{"op": "set", "side": "ask", "price": 0.34, "size": 34.0}]}
{"t": 1776976760.616456, "events": [{"op": "set", "side": "bid", "price": 0.62, "size": 967.0}, {"op": "set", "side": "ask", "price": 0.33, "size": 20.0}, {"op": "set", "side": "ask", "price": 0.34, "size": 535.0}, {"op": "set", "side": "ask", "price": 0.05, "size": 1.0}]}
{"t": 1776976765.655814, "events": [{"op": "set", "side": "ask", "price": 0.34, "size": 500.0}]}
{"t": 1776976766.6620412, "events": [{"op": "set", "side": "ask", "price": 0.34, "size": 535.0}]}
{"t": 1776976769.6871839, "events": [{"op": "set", "side": "bid", "price": 0.54, "size": 475.0}, {"op": "set", "side": "ask", "price": 0.32, "size": 25040.63}]}
{"t": 1776976770.703775, "events": [{"op": "set", "side": "bid", "price": 0.54, "size": 520.0}, {"op": "set", "side": "ask", "price": 0.33, "size": 383.0}, {"op": "set", "side": "ask", "price": 0.34, "size": 298.0}]}
{"t": 1776976771.725236, "events": [{"op": "set", "side": "ask", "price": 0.35, "size": 30.0}]}
{"t": 1776976772.744343, "events": [{"op": "set", "side": "ask", "price": 0.33, "size": 335.0}, {"op": "delete", "side": "ask", "price": 0.34}]}
{"t": 1776976773.7583098, "events": [{"op": "set", "side": "ask", "price": 0.35, "size": 268.0}]}
{"t": 1776976775.7824068, "events": [{"op": "set", "side": "ask", "price": 0.35, "size": 238.0}, {"op": "set", "side": "ask", "price": 0.34, "size": 36.0}]}
{"t": 1776976780.8084228, "events": [{"op": "delete", "side": "ask", "price": 0.34}]}
{"t": 1776976781.81758, "events": [{"op": "set", "side": "ask", "price": 0.34, "size": 36.0}]}
{"t": 1776976785.8373, "events": [{"op": "delete", "side": "ask", "price": 0.34}]}
{"t": 1776976786.846972, "events": [{"op": "set", "side": "ask", "price": 0.34, "size": 36.0}]}
{"t": 1776976789.882459, "events": [{"op": "set", "side": "bid", "price": 0.62, "size": 697.0}, {"op": "delete", "side": "ask", "price": 0.06}, {"op": "set", "side": "ask", "price": 0.33, "size": 317.0}, {"op": "delete", "side": "ask", "price": 0.35}, {"op": "set", "side": "ask", "price": 0.05, "size": 37.0}]}
{"t": 1776976790.891396, "events": [{"op": "set", "side": "bid", "price": 0.62, "size": 968.0}, {"op": "set", "side": "ask", "price": 0.33, "size": 297.0}, {"op": "set", "side": "ask", "price": 0.34, "size": 220.0}, {"op": "set", "side": "ask", "price": 0.06, "size": 21.0}]}
{"t": 1776976791.9012082, "events": [{"op": "set", "side": "ask", "price": 0.35, "size": 31.0}]}
{"t": 1776976792.913603, "events": [{"op": "set", "side": "bid", "price": 0.63, "size": 361.27}, {"op": "delete", "side": "ask", "price": 0.33}, {"op": "delete", "side": "ask", "price": 0.34}]}
{"t": 1776976793.92892, "events": [{"op": "set", "side": "bid", "price": 0.63, "size": 497.27}, {"op": "set", "side": "ask", "price": 0.32, "size": 25600.63}, {"op": "set", "side": "ask", "price": 0.35, "size": 531.0}]}
{"t": 1776976795.9431622, "events": [{"op": "set", "side": "ask", "price": 0.35, "size": 500.0}, {"op": "set", "side": "ask", "price": 0.33, "size": 38.0}]}
{"t": 1776976798.966105, "events": [{"op": "set", "side": "bid", "price": 0.63, "size": 27.269999999999982}, {"op": "set", "side": "bid", "price": 0.62, "size": 30.0}, {"op": "set", "side": "bid", "price": 0.54, "size": 363.0}, {"op": "set", "side": "ask", "price": 0.32, "size": 25040.63}, {"op": "delete", "side": "ask", "price": 0.35}]}
{"t": 1776976799.984837, "events": [{"op": "set", "side": "bid", "price": 0.63, "size": 3.269999999999982}, {"op": "delete", "side": "bid", "price": 0.29}, {"op": "set", "side": "bid", "price": 0.34, "size": 47.0}, {"op": "set", "side": "bid", "price": 0.55, "size": 29.0}]}
{"t": 1776976802.004491, "events": [{"op": "set", "side": "ask", "price": 0.33, "size": 40.0}]}
{"t": 1776976803.02252, "events": [{"op": "set", "side": "bid", "price": 0.63, "size": 1003.27}, {"op": "set", "side": "bid", "price": 0.62, "size": 697.0}, {"op": "set", "side": "bid", "price": 0.55, "size": 362.0}, {"op": "set", "side": "ask", "price": 0.32, "size": 25540.63}, {"op": "set", "side": "ask", "price": 0.33, "size": 585.0}]}
{"t": 1776976806.063827, "events": [{"op": "set", "side": "bid", "price": 0.63, "size": 670.27}, {"op": "set", "side": "bid", "price": 0.62, "size": 667.0}, {"op": "set", "side": "bid", "price": 0.55, "size": 333.0}, {"op": "set", "side": "ask", "price": 0.32, "size": 25040.63}, {"op": "set", "side": "ask", "price": 0.33, "size": 545.0}]}
{"t": 1776976807.082735, "events": [{"op": "set", "side": "bid", "price": 0.63, "size": 694.27}, {"op": "set", "side": "ask", "price": 0.34, "size": 33.0}]}
{"t": 1776976809.098349, "events": [{"op": "set", "side": "ask", "price": 0.33, "size": 565.0}, {"op": "set", "side": "ask", "price": 0.34, "size": 533.0}, {"op": "set", "side": "ask", "price": 0.36, "size": 26.479999999999997}]}
{"t": 1776976811.119054, "events": [{"op": "set", "side": "ask", "price": 0.34, "size": 500.0}]}
{"t": 1776976812.1601799, "events": [{"op": "delete", "side": "bid", "price": 0.55}, {"op": "delete", "side": "ask", "price": 0.33}, {"op": "set", "side": "ask", "price": 0.34, "size": 35.0}]}
{"t": 1776976813.173311, "events": [{"op": "set", "side": "bid", "price": 0.63, "size": 346.27}]}
{"t": 1776976814.181136, "events": [{"op": "set", "side": "bid", "price": 0.62, "size": 965.0}, {"op": "set", "side": "bid", "price": 0.54, "size": 470.0}, {"op": "set", "side": "ask", "price": 0.32, "size": 26095.63}]}
{"t": 1776976816.192041, "events": [{"op": "set", "side": "bid", "price": 0.62, "size": 667.0}, {"op": "set", "side": "bid", "price": 0.54, "size": 363.0}, {"op": "set", "side": "ask", "price": 0.32, "size": 25651.63}]}
{"t": 1776976817.207639, "events": [{"op": "set", "side": "bid", "price": 0.63, "size": 360.27}, {"op": "set", "side": "bid", "price": 0.62, "size": 1030.0}, {"op": "set", "side": "ask", "price": 0.34, "size": 500.0}]}
{"t": 1776976818.228111, "events": [{"op": "set", "side": "bid", "price": 0.63, "size": 1027.27}, {"op": "delete", "side": "ask", "price": 0.06}, {"op": "set", "side": "ask", "price": 0.33, "size": 49.0}, {"op": "set", "side": "ask", "price": 0.35, "size": 30.0}, {"op": "set", "side": "ask", "price": 0.05, "size": 1.0}]}
{"t": 1776976820.246989, "events": [{"op": "set", "side": "ask", "price": 0.32, "size": 25040.63}, {"op": "delete", "side": "ask", "price": 0.34}]}
{"t": 1776976821.2622788, "events": [{"op": "set", "side": "ask", "price": 0.33, "size": 279.0}, {"op": "set", "side": "ask", "price": 0.35, "size": 72.0}, {"op": "set", "side": "ask", "price": 0.34, "size": 34.0}]}
{"t": 1776976823.281095, "events": [{"op": "set", "side": "bid", "price": 0.63, "size": 3.269999999999982}, {"op": "set", "side": "bid", "price": 0.62, "size": 30.0}, {"op": "set", "side": "bid", "price": 0.55, "size": 29.0}, {"op": "set", "side": "ask", "price": 0.33, "size": 123.0}, {"op": "set", "side": "ask", "price": 0.34, "size": 190.0}, {"op": "delete", "side": "ask", "price": 0.35}]}
{"t": 1776976824.2959201, "events": [{"op": "set", "side": "bid", "price": 0.63, "size": 1003.27}]}
{"t": 1776976826.322222, "events": [{"op": "set", "side": "bid", "price": 0.63, "size": 692.27}, {"op": "set", "side": "bid", "price": 0.55, "size": 333.0}, {"op": "set", "side": "ask", "price": 0.33, "size": 190.0}, {"op": "set", "side": "ask", "price": 0.34, "size": 133.0}]}
{"t": 1776976827.333923, "events": [{"op": "set", "side": "bid", "price": 0.63, "size": 1692.27}, {"op": "set", "side": "ask", "price": 0.35, "size": 30.0}]}
{"t": 1776976829.35049, "events": [{"op": "delete", "side": "bid", "price": 0.55}, {"op": "set", "side": "ask", "price": 0.33, "size": 123.0}, {"op": "delete", "side": "ask", "price": 0.34}]}
{"t": 1776976830.3663218, "events": [{"op": "set", "side": "bid", "price": 0.63, "size": 1025.27}]}
{"t": 1776976831.380969, "events": [{"op": "set", "side": "bid", "price": 0.62, "size": 1030.0}, {"op": "set", "side": "ask", "price": 0.33, "size": 310.0}, {"op": "set", "side": "ask", "price": 0.35, "size": 109.0}, {"op": "set", "side": "ask", "price": 0.34, "size": 35.0}]}
{"t": 1776976834.404785, "events": [{"op": "set", "side": "bid", "price": 0.62, "size": 30.0}, {"op": "set", "side": "ask", "price": 0.33, "size": 123.0}, {"op": "delete", "side": "ask", "price": 0.35}]}
{"t": 1776976836.4244428, "events": [{"op": "delete", "side": "bid", "price": 0.34}, {"op": "set", "side": "bid", "price": 0.29, "size": 48.0}, {"op": "set", "side": "ask", "price": 0.33, "size": 366.0}, {"op": "set", "side": "ask", "price": 0.34, "size": 172.0}]}
{"t": 1776976837.434342, "events": [{"op": "set", "side": "bid", "price": 0.63, "size": 2025.27}, {"op": "set", "side": "ask", "price": 0.34, "size": 207.0}]}
{"t": 1776976839.444206, "events": [{"op": "set", "side": "bid", "price": 0.63, "size": 1025.27}, {"op": "set", "side": "ask", "price": 0.33, "size": 49.0}]}
{"t": 1776976840.4514198, "events": [{"op": "set", "side": "bid", "price": 0.62, "size": 1030.0}, {"op": "set", "side": "ask", "price": 0.34, "size": 423.0}, {"op": "set", "side": "ask", "price": 0.35, "size": 262.0}]}
{"t": 1776976841.461482, "events": [{"op": "set", "side": "ask", "price": 0.34, "size": 388.0}, {"op": "set", "side": "ask", "price": 0.35, "size": 293.0}]}
{"t": 1776976843.4774091, "events": [{"op": "delete", "side": "ask", "price": 0.34}]}
{"t": 1776976844.4879239, "events": [{"op": "set", "side": "ask", "price": 0.33, "size": 364.0}, {"op": "set", "side": "ask", "price": 0.35, "size": 213.0}]}
{"t": 1776976846.5011148, "events": [{"op": "set", "side": "ask", "price": 0.35, "size": 182.0}, {"op": "set", "side": "ask", "price": 0.34, "size": 35.0}]}
{"t": 1776976856.5596192, "events": [{"op": "set", "side": "ask", "price": 0.33, "size": 315.0}, {"op": "delete", "side": "ask", "price": 0.35}, {"op": "set", "side": "ask", "price": 0.05, "size": 49.0}]}
{"t": 1776976857.581012, "events": [{"op": "set", "side": "ask", "price": 0.33, "size": 337.0}, {"op": "set", "side": "ask", "price": 0.34, "size": 234.0}]}
{"t": 1776976861.608445, "events": [{"op": "set", "side": "ask", "price": 0.34, "size": 199.0}, {"op": "set", "side": "ask", "price": 0.35, "size": 30.0}]}
{"t": 1776976862.621618, "events": [{"op": "set", "side": "bid", "price": 0.62, "size": 30.0}, {"op": "delete", "side": "ask", "price": 0.33}, {"op": "delete", "side": "ask", "price": 0.34}]}
{"t": 1776976864.6476958, "events": [{"op": "set", "side": "bid", "price": 0.63, "size": 2025.27}, {"op": "set", "side": "ask", "price": 0.32, "size": 25672.63}, {"op": "set", "side": "ask", "price": 0.35, "size": 530.0}]}
{"t": 1776976867.673836, "events": [{"op": "set", "side": "ask", "price": 0.35, "size": 500.0}, {"op": "set", "side": "ask", "price": 0.33, "size": 37.0}]}
{"t": 1776976873.730138, "events": [{"op": "set", "side": "bid", "price": 0.63, "size": 3.269999999999982}, {"op": "set", "side": "ask", "price": 0.32, "size": 25040.63}, {"op": "delete", "side": "ask", "price": 0.35}]}
{"t": 1776976874.749619, "events": [{"op": "set", "side": "bid", "price": 0.55, "size": 29.0}]}
{"t": 1776976876.771445, "events": [{"op": "set", "side": "bid", "price": 0.63, "size": 670.27}, {"op": "set", "side": "bid", "price": 0.55, "size": 362.0}, {"op": "set", "side": "ask", "price": 0.32, "size": 25540.63}, {"op": "set", "side": "ask", "price": 0.33, "size": 618.0}]}
{"t": 1776976877.790463, "events": [{"op": "set", "side": "bid", "price": 0.63, "size": 1670.27}]}
{"t": 1776976880.821571, "events": [{"op": "set", "side": "bid", "price": 0.63, "size": 1003.27}, {"op": "set", "side": "bid", "price": 0.62, "size": 697.0}, {"op": "set", "side": "ask", "price": 0.32, "size": 25040.63}, {"op": "set", "side": "ask", "price": 0.33, "size": 604.0}, {"op": "set", "side": "ask", "price": 0.34, "size": 500.0}]}
{"t": 1776976881.847991, "events": [{"op": "set", "side": "bid", "price": 0.63, "size": 1026.27}, {"op": "set", "side": "bid", "price": 0.55, "size": 333.0}, {"op": "set", "side": "ask", "price": 0.33, "size": 564.0}, {"op": "set", "side": "ask", "price": 0.34, "size": 535.0}]}
{"t": 1776976885.872129, "events": [{"op": "set", "side": "bid", "price": 0.63, "size": 693.27}, {"op": "delete", "side": "bid", "price": 0.55}, {"op": "delete", "side": "ask", "price": 0.33}]}
{"t": 1776976886.884876, "events": [{"op": "set", "side": "bid", "price": 0.63, "size": 360.27}, {"op": "set", "side": "bid", "price": 0.62, "size": 910.0}, {"op": "set", "side": "bid", "price": 0.54, "size": 475.0}, {"op": "set", "side": "ask", "price": 0.34, "size": 527.0}, {"op": "set", "side": "ask", "price": 0.33, "size": 48.0}, {"op": "set", "side": "ask", "price": 0.35, "size": 531.0}, {"op": "set", "side": "ask", "price": 0.05, "size": 1.0}]}
{"t": 1776976889.923457, "events": [{"op": "set", "side": "bid", "price": 0.62, "size": 697.0}, {"op": "delete", "side": "ask", "price": 0.34}, {"op": "set", "side": "ask", "price": 0.35, "size": 332.0}]}
{"t": 1776976890.94024, "events": [{"op": "set", "side": "bid", "price": 0.63, "size": 467.27}, {"op": "set", "side": "bid", "price": 0.62, "size": 921.0}, {"op": "set", "side": "bid", "price": 0.54, "size": 510.0}, {"op": "set", "side": "ask", "price": 0.33, "size": 457.0}]}
{"t": 1776976891.953293, "events": [{"op": "set", "side": "ask", "price": 0.35, "size": 301.0}, {"op": "set", "side": "ask", "price": 0.34, "size": 36.0}]}
{"t": 1776976894.0004108, "events": [{"op": "set", "side": "bid", "price": 0.63, "size": 360.27}, {"op": "set", "side": "bid", "price": 0.62, "size": 697.0}, {"op": "set", "side": "bid", "price": 0.54, "size": 475.0}, {"op": "set", "side": "ask", "price": 0.33, "size": 422.0}, {"op": "delete", "side": "ask", "price": 0.35}]}
{"t": 1776976895.0113049, "events": [{"op": "set", "side": "bid", "price": 0.63, "size": 472.27}, {"op": "set", "side": "bid", "price": 0.62, "size": 923.0}, {"op": "set", "side": "bid", "price": 0.54, "size": 512.0}, {"op": "set", "side": "ask", "price": 0.34, "size": 283.0}]}
{"t": 1776976897.036383, "events": [{"op": "set", "side": "ask", "price": 0.34, "size": 247.0}]}
{"t": 1776976899.057378, "events": [{"op": "set", "side": "ask", "price": 0.35, "size": 32.0}]}
{"t": 1776976901.0843189, "events": [{"op": "set", "side": "bid", "price": 0.63, "size": 360.27}, {"op": "set", "side": "ask", "price": 0.33, "size": 404.0}, {"op": "delete", "side": "ask", "price": 0.34}]}
{"t": 1776976902.095287, "events": [{"op": "set", "side": "bid", "price": 0.63, "size": 474.27}, {"op": "set", "side": "ask", "price": 0.35, "size": 226.0}, {"op": "set", "side": "ask", "price": 0.34, "size": 36.0}]}
{"t": 1776976905.158245, "events": [{"op": "set", "side": "bid", "price": 0.63, "size": 451.27}, {"op": "set", "side": "bid", "price": 0.62, "size": 697.0}, {"op": "set", "side": "bid", "price": 0.55, "size": 29.0}, {"op": "delete", "side": "ask", "price": 0.35}, {"op": "set", "side": "ask", "price": 0.36, "size": 11.239999999999997}]}
{"t": 1776976906.1795998, "events": [{"op": "set", "side": "ask", "price": 0.33, "size": 397.0}]}
{"t": 1776976907.188873, "events": [{"op": "delete", "side": "bid", "price": 0.55}]}
{"t": 1776976908.196084, "events": [{"op": "set", "side": "bid", "price": 0.62, "size": 924.0}, {"op": "set", "side": "bid", "price": 0.55, "size": 29.0}, {"op": "set", "side": "ask", "price": 0.34, "size": 256.0}]}
{"t": 1776976909.212866, "events": [{"op": "set", "side": "bid", "price": 0.02, "size": 15.0}, {"op": "set", "side": "ask", "price": 0.02, "size": 127.0}]}
{"t": 1776976911.240003, "events": [{"op": "set", "side": "bid", "price": 0.63, "size": 337.27}, {"op": "set", "side": "bid", "price": 0.62, "size": 697.0}, {"op": "set", "side": "bid", "price": 0.54, "size": 363.0}, {"op": "set", "side": "ask", "price": 0.33, "size": 48.0}]}
{"t": 1776976912.4020412, "events": [{"op": "set", "side": "bid", "price": 0.63, "size": 670.27}, {"op": "set", "side": "bid", "price": 0.62, "size": 647.0}, {"op": "set", "side": "bid", "price": 0.55, "size": 333.0}, {"op": "set", "side": "ask", "price": 0.34, "size": 477.0}, {"op": "set", "side": "ask", "price": 0.35, "size": 292.0}]}
{"t": 1776976915.429585, "events": [{"op": "set", "side": "ask", "price": 0.34, "size": 441.0}]}
{"t": 1776976916.451133, "events": [{"op": "set", "side": "ask", "price": 0.35, "size": 324.0}]}
{"t": 1776976917.458861, "events": [{"op": "set", "side": "bid", "price": 0.56, "size": 29.0}]}
{"t": 1776976922.498913, "events": [{"op": "delete", "side": "bid", "price": 0.56}, {"op": "set", "side": "bid", "price": 0.57, "size": 28.0}]}
{"t": 1776976926.536787, "events": [{"op": "delete", "side": "bid", "price": 0.57}]}
{"t": 1776976927.551632, "events": [{"op": "set", "side": "bid", "price": 0.56, "size": 29.0}]}
{"t": 1776976929.578751, "events": [{"op": "delete", "side": "bid", "price": 0.55}, {"op": "delete", "side": "ask", "price": 0.34}, {"op": "set", "side": "ask", "price": 0.35, "size": 219.0}]}
{"t": 1776976930.605024, "events": [{"op": "set", "side": "bid", "price": 0.62, "size": 648.0}, {"op": "set", "side": "bid", "price": 0.56, "size": 362.0}, {"op": "set", "side": "ask", "price": 0.33, "size": 355.0}]}
{"t": 1776976931.623748, "events": [{"op": "set", "side": "bid", "price": 0.56, "size": 333.0}]}
{"t": 1776976932.637355, "events": [{"op": "set", "side": "bid", "price": 0.57, "size": 28.0}]}
{"t": 1776976936.672655, "events": [{"op": "delete", "side": "bid", "price": 0.57}]}
{"t": 1776976938.691734, "events": [{"op": "set", "side": "bid", "price": 0.63, "size": 313.27}, {"op": "set", "side": "bid", "price": 0.62, "size": 914.0}, {"op": "delete", "side": "bid", "price": 0.56}, {"op": "set", "side": "bid", "price": 0.54, "size": 466.0}, {"op": "set", "side": "bid", "price": 0.57, "size": 28.0}, {"op": "set", "side": "ask", "price": 0.33, "size": 326.0}, {"op": "set", "side": "ask", "price": 0.35, "size": 286.0}]}
{"t": 1776976941.7294898, "events": [{"op": "delete", "side": "bid", "price": 0.57}]}
{"t": 1776976942.738662, "events": [{"op": "set", "side": "bid", "price": 0.55, "size": 29.0}]}
{"t": 1776976946.774417, "events": [{"op": "delete", "side": "bid", "price": 0.55}]}
{"t": 1776976947.781201, "events": [{"op": "set", "side": "bid", "price": 0.55, "size": 29.0}]}
{"t": 1776976961.860786, "events": [{"op": "delete", "side": "bid", "price": 0.55}]}
{"t": 1776976962.8689432, "events": [{"op": "set", "side": "bid", "price": 0.55, "size": 29.0}]}
{"t": 1776976966.893217, "events": [{"op": "delete", "side": "bid", "price": 0.55}]}
{"t": 1776976967.899841, "events": [{"op": "set", "side": "bid", "price": 0.55, "size": 29.0}]}
{"t": 1776976969.9200552, "events": [{"op": "set", "side": "bid", "price": 0.54, "size": 363.0}, {"op": "set", "side": "ask", "price": 0.35, "size": 219.0}]}
