{"t": 1776975854.366905, "events": [{"op": "set", "side": "bid", "price": 0.41, "size": 139.0}, {"op": "set", "side": "ask", "price": 0.55, "size": 37.0}]}
{"t": 1776975855.3857431, "events": [{"op": "set", "side": "bid", "price": 0.42, "size": 413.99}, {"op": "set", "side": "bid", "price": 0.41, "size": 23.0}, {"op": "set", "side": "ask", "price": 0.5, "size": 614.0}, {"op": "delete", "side": "ask", "price": 0.54}, {"op": "set", "side": "ask", "price": 0.57, "size": 3166.02}]}
{"t": 1776975856.396708, "events": [{"op": "set", "side": "bid", "price": 0.42, "size": 1064.99}, {"op": "delete", "side": "ask", "price": 0.48}, {"op": "set", "side": "ask", "price": 0.49, "size": 449.42}]}
{"t": 1776975858.419916, "events": [{"op": "delete", "side": "ask", "price": 0.55}, {"op": "set", "side": "ask", "price": 0.51, "size": 42.0}]}
{"t": 1776975859.432927, "events": [{"op": "set", "side": "bid", "price": 0.42, "size": 413.99}, {"op": "set", "side": "ask", "price": 0.49, "size": 51.420000000000016}, {"op": "set", "side": "ask", "price": 0.5, "size": 180.0}]}
{"t": 1776975860.4405582, "events": [{"op": "set", "side": "bid", "price": 0.42, "size": 1064.99}, {"op": "set", "side": "ask", "price": 0.51, "size": 984.0}, {"op": "set", "side": "ask", "price": 0.57, "size": 3317.02}]}
{"t": 1776975862.460769, "events": [{"op": "delete", "side": "bid", "price": 0.34}, {"op": "set", "side": "bid", "price": 0.03, "size": 17.0}]}
{"t": 1776975863.466253, "events": [{"op": "set", "side": "bid", "price": 0.41, "size": 22.0}, {"op": "set", "side": "ask", "price": 0.51, "size": 942.0}, {"op": "set", "side": "ask", "price": 0.52, "size": 42.0}]}
{"t": 1776975866.4869819, "events": [{"op": "delete", "side": "ask", "price": 0.51}, {"op": "set", "side": "ask", "price": 0.52, "size": 984.0}]}
{"t": 1776975868.5054138, "events": [{"op": "delete", "side": "bid", "price": 0.41}, {"op": "set", "side": "ask", "price": 0.52, "size": 942.0}]}
{"t": 1776975869.519797, "events": [{"op": "set", "side": "bid", "price": 0.42, "size": 413.99}, {"op": "set", "side": "bid", "price": 0.41, "size": 22.0}, {"op": "delete", "side": "ask", "price": 0.52}, {"op": "set", "side": "ask", "price": 0.53, "size": 229.66}]}
{"t": 1776975870.536895, "events": [{"op": "set", "side": "bid", "price": 0.42, "size": 1064.99}, {"op": "set", "side": "ask", "price": 0.5, "size": 495.0}, {"op": "set", "side": "ask", "price": 0.53, "size": 750.66}, {"op": "set", "side": "ask", "price": 0.48, "size": 50.0}, {"op": "set", "side": "ask", "price": 0.57, "size": 3224.02}]}
{"t": 1776975873.562508, "events": [{"op": "set", "side": "ask", "price": 0.54, "size": 39.0}, {"op": "set", "side": "ask", "price": 0.53, "size": 709.66}]}
{"t": 1776975878.59487, "events": [{"op": "set", "side": "bid", "price": 0.42, "size": 64.99000000000001}, {"op": "set", "side": "bid", "price": 0.41, "size": 50.0}, {"op": "set", "side": "bid", "price": 0.33, "size": 10.0}, {"op": "set", "side": "bid", "price": 0.38, "size": 26.0}, {"op": "set", "side": "ask", "price": 0.5, "size": 180.0}, {"op": "set", "side": "ask", "price": 0.54, "size": 40.0}, {"op": "set", "side": "ask", "price": 0.57, "size": 2991.02}, {"op": "set", "side": "ask", "price": 0.53, "size": 188.65999999999997}]}
{"t": 1776975882.637974, "events": [{"op": "set", "side": "bid", "price": 0.42, "size": 489.99}, {"op": "set", "side": "bid", "price": 0.4, "size": 1969.31}, {"op": "set", "side": "bid", "price": 0.41, "size": 225.0}, {"op": "set", "side": "ask", "price": 0.5, "size": 836.0}, {"op": "set", "side": "ask", "price": 0.57, "size": 3340.02}, {"op": "set", "side": "ask", "price": 0.53, "size": 824.0}]}
{"t": 1776975883.6573179, "events": [{"op": "set", "side": "bid", "price": 0.42, "size": 877.99}, {"op": "delete", "side": "bid", "price": 0.38}, {"op": "set", "side": "bid", "price": 0.41, "size": 248.0}, {"op": "set", "side": "ask", "price": 0.54, "size": 39.0}]}
{"t": 1776975889.700941, "events": [{"op": "set", "side": "bid", "price": 0.42, "size": 492.99}, {"op": "set", "side": "bid", "price": 0.4, "size": 1911.31}, {"op": "set", "side": "bid", "price": 0.41, "size": 139.0}, {"op": "set", "side": "ask", "price": 0.5, "size": 684.0}, {"op": "set", "side": "ask", "price": 0.54, "size": 605.0}, {"op": "set", "side": "ask", "price": 0.57, "size": 3224.02}, {"op": "delete", "side": "ask", "price": 0.53}]}
{"t": 1776975890.720798, "events": [{"op": "set", "side": "bid", "price": 0.42, "size": 1552.99}]}
{"t": 1776975893.74344, "events": [{"op": "set", "side": "ask", "price": 0.54, "size": 566.0}, {"op": "set", "side": "ask", "price": 0.55, "size": 37.0}]}
{"t": 1776975898.775449, "events": [{"op": "set", "side": "ask", "price": 0.48, "size": 66.0}]}
{"t": 1776975913.861079, "events": [{"op": "set", "side": "bid", "price": 0.42, "size": 413.99}, {"op": "delete", "side": "bid", "price": 0.41}, {"op": "set", "side": "bid", "price": 0.38, "size": 26.0}, {"op": "set", "side": "ask", "price": 0.5, "size": 622.0}, {"op": "delete", "side": "ask", "price": 0.54}, {"op": "delete", "side": "ask", "price": 0.55}, {"op": "set", "side": "ask", "price": 0.51, "size": 196.06}, {"op": "set", "side": "ask", "price": 0.52, "size": 42.0}, {"op": "set", "side": "ask", "price": 0.57, "size": 3166.02}]}
{"t": 1776975914.8911412, "events": [{"op": "set", "side": "bid", "price": 0.42, "size": 1064.99}, {"op": "set", "side": "bid", "price": 0.33, "size": 60.0}, {"op": "set", "side": "ask", "price": 0.48, "size": 50.0}, {"op": "set", "side": "ask", "price": 0.49, "size": 481.42}]}
{"t": 1776975916.9452019, "events": [{"op": "set", "side": "bid", "price": 0.42, "size": 413.99}, {"op": "set", "side": "ask", "price": 0.49, "size": 51.420000000000016}]}
{"t": 1776975917.960892, "events": [{"op": "set", "side": "bid", "price": 0.42, "size": 1064.99}, {"op": "set", "side": "ask", "price": 0.5, "size": 866.0}, {"op": "delete", "side": "ask", "price": 0.51}, {"op": "set", "side": "ask", "price": 0.52, "size": 592.0}, {"op": "set", "side": "ask", "price": 0.57, "size": 3224.02}]}
{"t": 1776975918.9692569, "events": [{"op": "delete", "side": "bid", "price": 0.38}, {"op": "set", "side": "bid", "price": 0.41, "size": 23.0}, {"op": "set", "side": "ask", "price": 0.52, "size": 550.0}, {"op": "set", "side": "ask", "price": 0.53, "size": 40.0}]}
{"t": 1776975920.987811, "events": [{"op": "set", "side": "ask", "price": 0.53, "size": 228.66}]}
{"t": 1776975923.995276, "events": [{"op": "set", "side": "ask", "price": 0.54, "size": 39.0}, {"op": "set", "side": "ask", "price": 0.53, "size": 188.66}]}
{"t": 1776975934.028235, "events": [{"op": "delete", "side": "ask", "price": 0.54}, {"op": "set", "side": "ask", "price": 0.53, "size": 40.0}]}
{"t": 1776975939.052171, "events": [{"op": "delete", "side": "ask", "price": 0.48}]}
{"t": 1776975940.061205, "events": [{"op": "set", "side": "bid", "price": 0.42, "size": 64.99000000000001}, {"op": "set", "side": "ask", "price": 0.5, "size": 180.0}, {"op": "delete", "side": "ask", "price": 0.52}, {"op": "set", "side": "ask", "price": 0.57, "size": 2991.02}]}
{"t": 1776975943.110956, "events": [{"op": "set", "side": "bid", "price": 0.42, "size": 871.99}, {"op": "set", "side": "bid", "price": 0.4, "size": 1969.31}, {"op": "set", "side": "bid", "price": 0.41, "size": 225.0}, {"op": "set", "side": "ask", "price": 0.5, "size": 496.0}, {"op": "set", "side": "ask", "price": 0.53, "size": 735.0}, {"op": "set", "side": "ask", "price": 0.57, "size": 3340.02}]}
{"t": 1776975944.1347961, "events": [{"op": "set", "side": "bid", "price": 0.41, "size": 248.0}, {"op": "set", "side": "ask", "price": 0.54, "size": 39.0}]}
{"t": 1776975945.176098, "events": [{"op": "set", "side": "bid", "price": 0.4, "size": 1911.31}, {"op": "delete", "side": "ask", "price": 0.53}]}
{"t": 1776975947.2255669, "events": [{"op": "set", "side": "bid", "price": 0.42, "size": 493.99}, {"op": "set", "side": "bid", "price": 0.41, "size": 139.0}, {"op": "set", "side": "ask", "price": 0.5, "size": 478.0}, {"op": "set", "side": "ask", "price": 0.57, "size": 3224.02}]}
{"t": 1776975948.2322109, "events": [{"op": "set", "side": "bid", "price": 0.42, "size": 1121.99}, {"op": "set", "side": "bid", "price": 0.41, "size": 116.0}, {"op": "set", "side": "ask", "price": 0.54, "size": 517.0}]}
{"t": 1776975949.255933, "events": [{"op": "set", "side": "bid", "price": 0.42, "size": 1555.99}, {"op": "set", "side": "bid", "price": 0.41, "size": 139.0}, {"op": "set", "side": "ask", "price": 0.55, "size": 37.0}]}
{"t": 1776975951.2976189, "events": [{"op": "set", "side": "bid", "price": 0.42, "size": 64.99000000000001}, {"op": "set", "side": "bid", "price": 0.41, "size": 23.0}, {"op": "set", "side": "ask", "price": 0.5, "size": 180.0}, {"op": "delete", "side": "ask", "price": 0.54}, {"op": "set", "side": "ask", "price": 0.51, "size": 196.06}, {"op": "set", "side": "ask", "price": 0.57, "size": 2991.02}]}
{"t": 1776975953.32274, "events": [{"op": "set", "side": "bid", "price": 0.42, "size": 486.99}, {"op": "set", "side": "bid", "price": 0.4, "size": 1969.31}, {"op": "set", "side": "bid", "price": 0.41, "size": 225.0}, {"op": "set", "side": "bid", "price": 0.33, "size": 10.0}, {"op": "set", "side": "bid", "price": 0.38, "size": 27.0}, {"op": "set", "side": "ask", "price": 0.5, "size": 502.0}, {"op": "set", "side": "ask", "price": 0.55, "size": 736.0}, {"op": "set", "side": "ask", "price": 0.52, "size": 42.0}, {"op": "set", "side": "ask", "price": 0.57, "size": 3340.02}]}
{"t": 1776975954.332581, "events": [{"op": "set", "side": "bid", "price": 0.42, "size": 869.99}]}
{"t": 1776975959.372451, "events": [{"op": "set", "side": "bid", "price": 0.42, "size": 503.99}, {"op": "set", "side": "bid", "price": 0.4, "size": 2136.31}, {"op": "set", "side": "bid", "price": 0.38, "size": 58.0}, {"op": "set", "side": "bid", "price": 0.41, "size": 23.0}, {"op": "set", "side": "ask", "price": 0.5, "size": 180.0}, {"op": "delete", "side": "ask", "price": 0.55}, {"op": "set", "side": "ask", "price": 0.52, "size": 987.0}, {"op": "set", "side": "ask", "price": 0.57, "size": 3319.02}]}
{"t": 1776975960.382571, "events": [{"op": "set", "side": "bid", "price": 0.42, "size": 918.99}]}
{"t": 1776975961.3887491, "events": [{"op": "set", "side": "bid", "price": 0.33, "size": 14.280000000000001}, {"op": "delete", "side": "ask", "price": 0.51}]}
{"t": 1776975963.398977, "events": [{"op": "delete", "side": "bid", "price": 0.41}, {"op": "set", "side": "ask", "price": 0.52, "size": 946.0}]}
{"t": 1776975964.407889, "events": [{"op": "set", "side": "bid", "price": 0.41, "size": 23.0}, {"op": "set", "side": "ask", "price": 0.53, "size": 40.0}]}
{"t": 1776975970.445288, "events": [{"op": "set", "side": "ask", "price": 0.53, "size": 228.66}]}
{"t": 1776975971.450849, "events": [{"op": "set", "side": "bid", "price": 0.42, "size": 486.99}, {"op": "set", "side": "bid", "price": 0.4, "size": 1969.31}, {"op": "delete", "side": "bid", "price": 0.38}, {"op": "delete", "side": "ask", "price": 0.52}]}
{"t": 1776975972.4612129, "events": [{"op": "set", "side": "bid", "price": 0.42, "size": 465.99}, {"op": "set", "side": "ask", "price": 0.57, "size": 3224.02}]}
{"t": 1776975973.468818, "events": [{"op": "set", "side": "bid", "price": 0.41, "size": 225.0}, {"op": "set", "side": "ask", "price": 0.5, "size": 702.0}, {"op": "set", "side": "ask", "price": 0.53, "size": 758.66}]}
{"t": 1776975974.486274, "events": [{"op": "set", "side": "bid", "price": 0.42, "size": 809.99}, {"op": "set", "side": "bid", "price": 0.41, "size": 248.0}, {"op": "set", "side": "ask", "price": 0.54, "size": 39.0}]}
{"t": 1776975977.5051599, "events": [{"op": "set", "side": "bid", "price": 0.42, "size": 465.99}, {"op": "set", "side": "bid", "price": 0.4, "size": 1911.31}, {"op": "set", "side": "ask", "price": 0.5, "size": 180.0}]}
{"t": 1776975978.524107, "events": [{"op": "set", "side": "bid", "price": 0.42, "size": 1418.99}, {"op": "set", "side": "bid", "price": 0.41, "size": 116.0}, {"op": "set", "side": "ask", "price": 0.53, "size": 1072.6599999999999}, {"op": "set", "side": "ask", "price": 0.54, "size": 550.0}]}
{"t": 1776975979.530004, "events": [{"op": "set", "side": "bid", "price": 0.41, "size": 139.0}, {"op": "set", "side": "ask", "price": 0.55, "size": 37.0}]}
{"t": 1776975989.593303, "events": [{"op": "set", "side": "bid", "price": 0.42, "size": 413.99}, {"op": "set", "side": "bid", "price": 0.41, "size": 23.0}, {"op": "set", "side": "ask", "price": 0.5, "size": 910.0}, {"op": "set", "side": "ask", "price": 0.53, "size": 835.6599999999999}, {"op": "delete", "side": "ask", "price": 0.54}]}
{"t": 1776975990.615396, "events": [{"op": "set", "side": "bid", "price": 0.42, "size": 1064.99}]}
{"t": 1776975993.639185, "events": [{"op": "delete", "side": "bid", "price": 0.41}, {"op": "delete", "side": "ask", "price": 0.55}]}
{"t": 1776975994.652439, "events": [{"op": "set", "side": "bid", "price": 0.41, "size": 23.0}, {"op": "set", "side": "ask", "price": 0.54, "size": 39.0}]}
{"t": 1776975998.684819, "events": [{"op": "set", "side": "ask", "price": 0.57, "size": 3124.02}]}
{"t": 1776976002.718677, "events": [{"op": "set", "side": "ask", "price": 0.5, "size": 180.0}, {"op": "set", "side": "ask", "price": 0.53, "size": 1072.6599999999999}, {"op": "set", "side": "ask", "price": 0.54, "size": 589.0}]}
{"t": 1776976003.738184, "events": [{"op": "set", "side": "ask", "price": 0.54, "size": 550.0}, {"op": "set", "side": "ask", "price": 0.55, "size": 37.0}]}
{"t": 1776976005.821455, "events": [{"op": "set", "side": "ask", "price": 0.5, "size": 906.0}, {"op": "set", "side": "ask", "price": 0.53, "size": 833.6599999999999}, {"op": "delete", "side": "ask", "price": 0.54}]}
{"t": 1776976008.8495371, "events": [{"op": "set", "side": "ask", "price": 0.54, "size": 39.0}, {"op": "delete", "side": "ask", "price": 0.55}]}
{"t": 1776976011.8745532, "events": [{"op": "set", "side": "bid", "price": 0.42, "size": 413.99}, {"op": "set", "side": "ask", "price": 0.5, "size": 180.0}, {"op": "set", "side": "ask", "price": 0.53, "size": 758.6599999999999}]}
{"t": 1776976013.8963861, "events": [{"op": "set", "side": "bid", "price": 0.42, "size": 1064.99}, {"op": "delete", "side": "bid", "price": 0.41}, {"op": "set", "side": "bid", "price": 0.38, "size": 27.0}, {"op": "set", "side": "ask", "price": 0.53, "size": 1072.6599999999999}, {"op": "set", "side": "ask", "price": 0.54, "size": 550.0}, {"op": "set", "side": "ask", "price": 0.55, "size": 38.0}]}
{"t": 1776976018.944151, "events": [{"op": "delete", "side": "bid", "price": 0.38}, {"op": "set", "side": "bid", "price": 0.41, "size": 23.0}, {"op": "set", "side": "ask", "price": 0.55, "size": 37.0}]}
{"t": 1776976021.967751, "events": [{"op": "set", "side": "bid", "price": 0.42, "size": 413.99}, {"op": "set", "side": "bid", "price": 0.33, "size": 30.28}, {"op": "set", "side": "ask", "price": 0.53, "size": 834.6599999999999}, {"op": "delete", "side": "ask", "price": 0.54}]}
{"t": 1776976022.983882, "events": [{"op": "set", "side": "bid", "price": 0.42, "size": 1064.99}, {"op": "set", "side": "ask", "price": 0.5, "size": 908.0}]}
{"t": 1776976023.989538, "events": [{"op": "set", "side": "ask", "price": 0.54, "size": 39.0}, {"op": "delete", "side": "ask", "price": 0.55}, {"op": "set", "side": "ask", "price": 0.48, "size": 16.0}]}
{"t": 1776976028.033005, "events": [{"op": "delete", "side": "bid", "price": 0.41}, {"op": "delete", "side": "ask", "price": 0.54}]}
{"t": 1776976029.046649, "events": [{"op": "set", "side": "bid", "price": 0.41, "size": 23.0}, {"op": "set", "side": "ask", "price": 0.54, "size": 39.0}]}
{"t": 1776976030.0649989, "events": [{"op": "set", "side": "bid", "price": 0.42, "size": 413.99}, {"op": "set", "side": "ask", "price": 0.5, "size": 180.0}, {"op": "set", "side": "ask", "price": 0.53, "size": 758.6599999999999}]}
{"t": 1776976031.0763671, "events": [{"op": "set", "side": "bid", "price": 0.42, "size": 1064.99}, {"op": "set", "side": "ask", "price": 0.54, "size": 589.0}, {"op": "set", "side": "ask", "price": 0.53, "size": 1072.6599999999999}]}
{"t": 1776976033.0979562, "events": [{"op": "delete", "side": "bid", "price": 0.41}, {"op": "set", "side": "ask", "price": 0.54, "size": 550.0}]}
{"t": 1776976034.1065989, "events": [{"op": "set", "side": "bid", "price": 0.41, "size": 23.0}, {"op": "set", "side": "ask", "price": 0.55, "size": 37.0}]}
{"t": 1776976038.1259038, "events": [{"op": "delete", "side": "bid", "price": 0.41}, {"op": "delete", "side": "ask", "price": 0.55}]}
{"t": 1776976039.130999, "events": [{"op": "set", "side": "bid", "price": 0.42, "size": 413.99}, {"op": "set", "side": "bid", "price": 0.41, "size": 23.0}, {"op": "delete", "side": "ask", "price": 0.54}, {"op": "set", "side": "ask", "price": 0.55, "size": 37.0}, {"op": "set", "side": "ask", "price": 0.57, "size": 2891.02}]}
{"t": 1776976040.136569, "events": [{"op": "set", "side": "bid", "price": 0.42, "size": 1064.99}, {"op": "set", "side": "ask", "price": 0.5, "size": 947.0}, {"op": "set", "side": "ask", "price": 0.57, "size": 3240.02}]}
{"t": 1776976041.146323, "events": [{"op": "set", "side": "bid", "price": 0.42, "size": 413.99}, {"op": "set", "side": "ask", "price": 0.57, "size": 2891.02}]}
{"t": 1776976042.1519518, "events": [{"op": "set", "side": "bid", "price": 0.42, "size": 1064.99}, {"op": "set", "side": "ask", "price": 0.57, "size": 3240.02}]}
{"t": 1776976043.1629992, "events": [{"op": "delete", "side": "bid", "price": 0.41}, {"op": "delete", "side": "ask", "price": 0.55}]}
{"t": 1776976044.185159, "events": [{"op": "set", "side": "bid", "price": 0.42, "size": 64.99000000000001}, {"op": "set", "side": "bid", "price": 0.33, "size": 14.280000000000001}, {"op": "set", "side": "bid", "price": 0.41, "size": 23.0}, {"op": "set", "side": "ask", "price": 0.5, "size": 180.0}, {"op": "set", "side": "ask", "price": 0.54, "size": 39.0}, {"op": "set", "side": "ask", "price": 0.57, "size": 2891.02}, {"op": "set", "side": "ask", "price": 0.53, "size": 188.65999999999985}]}
{"t": 1776976045.204722, "events": [{"op": "set", "side": "ask", "price": 0.51, "size": 196.06}, {"op": "delete", "side": "ask", "price": 0.53}]}
{"t": 1776976047.209746, "events": [{"op": "set", "side": "bid", "price": 0.03, "size": 67.0}]}
{"t": 1776976048.218187, "events": [{"op": "set", "side": "bid", "price": 0.42, "size": 869.99}, {"op": "set", "side": "bid", "price": 0.4, "size": 1969.31}, {"op": "set", "side": "bid", "price": 0.41, "size": 225.0}, {"op": "set", "side": "ask", "price": 0.5, "size": 668.0}, {"op": "set", "side": "ask", "price": 0.54, "size": 780.0}, {"op": "set", "side": "ask", "price": 0.57, "size": 3240.02}]}
{"t": 1776976049.2295182, "events": [{"op": "set", "side": "bid", "price": 0.4, "size": 1911.31}, {"op": "set", "side": "bid", "price": 0.41, "size": 248.0}, {"op": "set", "side": "bid", "price": 0.34, "size": 30.0}, {"op": "delete", "side": "ask", "price": 0.54}, {"op": "set", "side": "ask", "price": 0.55, "size": 37.0}, {"op": "set", "side": "ask", "price": 0.57, "size": 2891.02}]}
{"t": 1776976050.238752, "events": [{"op": "set", "side": "bid", "price": 0.42, "size": 493.99}, {"op": "set", "side": "bid", "price": 0.41, "size": 139.0}, {"op": "delete", "side": "ask", "price": 0.48}, {"op": "set", "side": "ask", "price": 0.49, "size": 517.4200000000001}, {"op": "set", "side": "ask", "price": 0.5, "size": 955.0}]}
{"t": 1776976051.266421, "events": [{"op": "set", "side": "bid", "price": 0.42, "size": 1555.99}, {"op": "set", "side": "ask", "price": 0.51, "size": 212.06}, {"op": "set", "side": "ask", "price": 0.57, "size": 3240.02}]}
{"t": 1776976053.276522, "events": [{"op": "set", "side": "bid", "price": 0.41, "size": 116.0}, {"op": "delete", "side": "ask", "price": 0.55}]}
{"t": 1776976054.2832232, "events": [{"op": "set", "side": "bid", "price": 0.41, "size": 139.0}, {"op": "set", "side": "ask", "price": 0.52, "size": 41.0}]}
{"t": 1776976058.306615, "events": [{"op": "set", "side": "bid", "price": 0.42, "size": 64.99000000000001}, {"op": "delete", "side": "bid", "price": 0.41}, {"op": "set", "side": "bid", "price": 0.33, "size": 10.0}, {"op": "set", "side": "bid", "price": 0.38, "size": 26.0}, {"op": "set", "side": "ask", "price": 0.49, "size": 51.42000000000007}, {"op": "set", "side": "ask", "price": 0.5, "size": 180.0}, {"op": "set", "side": "ask", "price": 0.51, "size": 196.06}, {"op": "set", "side": "ask", "price": 0.52, "size": 42.0}, {"op": "set", "side": "ask", "price": 0.57, "size": 2891.02}]}
{"t": 1776976061.337662, "events": [{"op": "set", "side": "bid", "price": 0.42, "size": 534.99}, {"op": "set", "side": "bid", "price": 0.4, "size": 2027.31}, {"op": "set", "side": "ask", "price": 0.57, "size": 3891.02}]}
{"t": 1776976062.354484, "events": [{"op": "set", "side": "bid", "price": 0.42, "size": 1007.99}]}
{"t": 1776976063.365494, "events": [{"op": "delete", "side": "bid", "price": 0.38}, {"op": "set", "side": "bid", "price": 0.33, "size": 14.280000000000001}, {"op": "delete", "side": "ask", "price": 0.52}]}
{"t": 1776976064.375992, "events": [{"op": "set", "side": "bid", "price": 0.41, "size": 23.0}, {"op": "set", "side": "ask", "price": 0.52, "size": 41.0}]}
{"t": 1776976065.3873029, "events": [{"op": "set", "side": "bid", "price": 0.42, "size": 514.99}, {"op": "set", "side": "bid", "price": 0.4, "size": 1911.31}]}
{"t": 1776976066.397533, "events": [{"op": "set", "side": "bid", "price": 0.42, "size": 948.99}, {"op": "set", "side": "bid", "price": 0.41, "size": 139.0}, {"op": "set", "side": "ask", "price": 0.48, "size": 16.0}]}
{"t": 1776976068.419334, "events": [{"op": "set", "side": "bid", "price": 0.41, "size": 116.0}, {"op": "delete", "side": "ask", "price": 0.52}]}
{"t": 1776976069.436353, "events": [{"op": "set", "side": "bid", "price": 0.41, "size": 139.0}, {"op": "set", "side": "ask", "price": 0.52, "size": 41.0}]}
{"t": 1776976074.460224, "events": [{"op": "set", "side": "bid", "price": 0.42, "size": 514.99}, {"op": "set", "side": "ask", "price": 0.57, "size": 3240.02}]}
{"t": 1776976075.471221, "events": [{"op": "set", "side": "bid", "price": 0.42, "size": 948.99}, {"op": "delete", "side": "ask", "price": 0.48}, {"op": "set", "side": "ask", "price": 0.49, "size": 449.4200000000001}, {"op": "set", "side": "ask", "price": 0.5, "size": 936.0}, {"op": "delete", "side": "ask", "price": 0.51}]}
{"t": 1776976077.482344, "events": [{"op": "set", "side": "bid", "price": 0.42, "size": 514.99}, {"op": "set", "side": "ask", "price": 0.49, "size": 51.42000000000007}, {"op": "set", "side": "ask", "price": 0.5, "size": 180.0}, {"op": "set", "side": "ask", "price": 0.57, "size": 3220.02}]}
{"t": 1776976078.494921, "events": [{"op": "set", "side": "bid", "price": 0.42, "size": 948.99}, {"op": "set", "side": "ask", "price": 0.52, "size": 946.0}, {"op": "set", "side": "ask", "price": 0.48, "size": 16.0}, {"op": "set", "side": "ask", "price": 0.53, "size": 40.0}]}
{"t": 1776976083.531923, "events": [{"op": "set", "side": "bid", "price": 0.41, "size": 116.0}, {"op": "delete", "side": "ask", "price": 0.53}]}
{"t": 1776976084.54107, "events": [{"op": "set", "side": "bid", "price": 0.41, "size": 139.0}, {"op": "set", "side": "ask", "price": 0.53, "size": 40.0}]}
{"t": 1776976085.548361, "events": [{"op": "set", "side": "bid", "price": 0.42, "size": 64.99000000000001}, {"op": "set", "side": "bid", "price": 0.41, "size": 23.0}, {"op": "set", "side": "bid", "price": 0.33, "size": 10.0}, {"op": "delete", "side": "ask", "price": 0.52}, {"op": "set", "side": "ask", "price": 0.57, "size": 2891.02}]}
{"t": 1776976088.582797, "events": [{"op": "delete", "side": "bid", "price": 0.41}, {"op": "set", "side": "bid", "price": 0.38, "size": 26.0}, {"op": "set", "side": "ask", "price": 0.51, "size": 43.0}, {"op": "delete", "side": "ask", "price": 0.53}]}
{"t": 1776976089.58958, "events": [{"op": "set", "side": "bid", "price": 0.42, "size": 780.99}, {"op": "set", "side": "bid", "price": 0.4, "size": 2041.31}, {"op": "set", "side": "bid", "price": 0.41, "size": 359.0}, {"op": "set", "side": "ask", "price": 0.5, "size": 670.0}, {"op": "set", "side": "ask", "price": 0.57, "size": 3240.02}, {"op": "set", "side": "ask", "price": 0.53, "size": 780.0}]}
{"t": 1776976090.5952551, "events": [{"op": "set", "side": "bid", "price": 0.33, "size": 26.0}]}
{"t": 1776976091.599458, "events": [{"op": "delete", "side": "bid", "price": 0.41}, {"op": "delete", "side": "ask", "price": 0.53}]}
{"t": 1776976092.6074328, "events": [{"op": "set", "side": "bid", "price": 0.42, "size": 503.99}, {"op": "set", "side": "bid", "price": 0.33, "size": 30.28}, {"op": "set", "side": "ask", "price": 0.57, "size": 3124.02}]}
{"t": 1776976093.6152132, "events": [{"op": "set", "side": "bid", "price": 0.42, "size": 918.99}, {"op": "set", "side": "bid", "price": 0.4, "size": 2136.31}, {"op": "set", "side": "bid", "price": 0.38, "size": 58.0}, {"op": "set", "side": "bid", "price": 0.41, "size": 23.0}, {"op": "set", "side": "ask", "price": 0.5, "size": 687.0}, {"op": "set", "side": "ask", "price": 0.51, "size": 550.0}, {"op": "set", "side": "ask", "price": 0.52, "size": 41.0}]}
{"t": 1776976095.6349592, "events": [{"op": "set", "side": "bid", "price": 0.42, "size": 503.99}, {"op": "set", "side": "bid", "price": 0.4, "size": 2041.31}, {"op": "delete", "side": "bid", "price": 0.38}, {"op": "set", "side": "ask", "price": 0.5, "size": 670.0}, {"op": "delete", "side": "ask", "price": 0.51}]}
{"t": 1776976096.652119, "events": [{"op": "set", "side": "bid", "price": 0.42, "size": 465.99}, {"op": "set", "side": "bid", "price": 0.4, "size": 1969.31}]}
{"t": 1776976097.657048, "events": [{"op": "set", "side": "bid", "price": 0.42, "size": 809.99}, {"op": "set", "side": "bid", "price": 0.41, "size": 248.0}, {"op": "set", "side": "ask", "price": 0.5, "size": 696.0}, {"op": "set", "side": "ask", "price": 0.52, "size": 591.0}]}
{"t": 1776976098.6700659, "events": [{"op": "set", "side": "ask", "price": 0.52, "size": 550.0}, {"op": "set", "side": "ask", "price": 0.53, "size": 40.0}]}
{"t": 1776976099.67869, "events": [{"op": "set", "side": "bid", "price": 0.42, "size": 446.99}, {"op": "set", "side": "bid", "price": 0.4, "size": 1911.31}, {"op": "set", "side": "bid", "price": 0.41, "size": 139.0}, {"op": "set", "side": "ask", "price": 0.5, "size": 670.0}, {"op": "delete", "side": "ask", "price": 0.52}, {"op": "set", "side": "ask", "price": 0.53, "size": 228.66}]}
{"t": 1776976100.698726, "events": [{"op": "set", "side": "ask", "price": 0.5, "size": 608.0}, {"op": "set", "side": "ask", "price": 0.53, "size": 776.66}]}
{"t": 1776976101.709044, "events": [{"op": "set", "side": "bid", "price": 0.42, "size": 1420.99}]}
{"t": 1776976103.7164748, "events": [{"op": "set", "side": "ask", "price": 0.54, "size": 39.0}, {"op": "set", "side": "ask", "price": 0.53, "size": 736.66}]}
{"t": 1776976113.775799, "events": [{"op": "set", "side": "bid", "price": 0.42, "size": 1064.99}, {"op": "set", "side": "bid", "price": 0.41, "size": 22.0}, {"op": "set", "side": "ask", "price": 0.5, "size": 180.0}, {"op": "set", "side": "ask", "price": 0.54, "size": 589.0}, {"op": "set", "side": "ask", "price": 0.53, "size": 1072.6599999999999}]}
{"t": 1776976115.790102, "events": [{"op": "set", "side": "bid", "price": 0.42, "size": 413.99}, {"op": "set", "side": "ask", "price": 0.54, "size": 39.0}, {"op": "set", "side": "ask", "price": 0.57, "size": 2891.02}]}
{"t": 1776976117.808927, "events": [{"op": "set", "side": "bid", "price": 0.42, "size": 1064.99}, {"op": "set", "side": "ask", "price": 0.5, "size": 947.0}, {"op": "set", "side": "ask", "price": 0.57, "size": 3240.02}]}
{"t": 1776976118.820491, "events": [{"op": "delete", "side": "bid", "price": 0.41}, {"op": "delete", "side": "ask", "price": 0.54}]}
{"t": 1776976119.83535, "events": [{"op": "set", "side": "bid", "price": 0.41, "size": 23.0}, {"op": "set", "side": "ask", "price": 0.54, "size": 39.0}]}
{"t": 1776976128.8931751, "events": [{"op": "set", "side": "bid", "price": 0.41, "size": 22.0}, {"op": "set", "side": "ask", "price": 0.5, "size": 180.0}, {"op": "set", "side": "ask", "price": 0.54, "size": 589.0}, {"op": "set", "side": "ask", "price": 0.57, "size": 3124.02}]}
{"t": 1776976130.9047801, "events": [{"op": "set", "side": "bid", "price": 0.42, "size": 413.99}, {"op": "set", "side": "ask", "price": 0.5, "size": 947.0}, {"op": "set", "side": "ask", "price": 0.54, "size": 39.0}, {"op": "set", "side": "ask", "price": 0.57, "size": 2891.02}]}
{"t": 1776976131.9146821, "events": [{"op": "set", "side": "bid", "price": 0.42, "size": 1064.99}, {"op": "set", "side": "ask", "price": 0.57, "size": 3240.02}]}
{"t": 1776976133.922157, "events": [{"op": "set", "side": "bid", "price": 0.41, "size": 23.0}]}
{"t": 1776976135.934583, "events": [{"op": "set", "side": "bid", "price": 0.42, "size": 64.99000000000001}, {"op": "set", "side": "ask", "price": 0.5, "size": 180.0}, {"op": "set", "side": "ask", "price": 0.57, "size": 2891.02}, {"op": "set", "side": "ask", "price": 0.53, "size": 188.65999999999985}]}
{"t": 1776976136.9557, "events": [{"op": "set", "side": "bid", "price": 0.33, "size": 10.0}, {"op": "set", "side": "ask", "price": 0.51, "size": 196.06}, {"op": "delete", "side": "ask", "price": 0.53}]}
{"t": 1776976137.96097, "events": [{"op": "delete", "side": "bid", "price": 0.41}, {"op": "delete", "side": "ask", "price": 0.54}]}
{"t": 1776976138.9725718, "events": [{"op": "set", "side": "bid", "price": 0.42, "size": 484.99}, {"op": "set", "side": "bid", "price": 0.4, "size": 1969.31}, {"op": "set", "side": "bid", "price": 0.41, "size": 267.28}, {"op": "set", "side": "ask", "price": 0.49, "size": 493.4200000000001}, {"op": "set", "side": "ask", "price": 0.5, "size": 948.0}, {"op": "set", "side": "ask", "price": 0.52, "size": 42.0}, {"op": "set", "side": "ask", "price": 0.57, "size": 3240.02}]}
{"t": 1776976139.976351, "events": [{"op": "set", "side": "bid", "price": 0.42, "size": 862.99}, {"op": "set", "side": "bid", "price": 0.41, "size": 247.0}, {"op": "delete", "side": "ask", "price": 0.48}]}
{"t": 1776976143.994279, "events": [{"op": "set", "side": "bid", "price": 0.41, "size": 249.0}, {"op": "set", "side": "bid", "price": 0.33, "size": 26.0}, {"op": "set", "side": "ask", "price": 0.52, "size": 41.0}]}
{"t": 1776976149.017121, "events": [{"op": "delete", "side": "ask", "price": 0.51}]}
{"t": 1776976152.035327, "events": [{"op": "set", "side": "bid", "price": 0.42, "size": 64.99000000000001}, {"op": "set", "side": "bid", "price": 0.4, "size": 1911.31}, {"op": "set", "side": "bid", "price": 0.41, "size": 24.0}, {"op": "set", "side": "bid", "price": 0.33, "size": 10.0}, {"op": "set", "side": "ask", "price": 0.49, "size": 51.42000000000007}, {"op": "set", "side": "ask", "price": 0.5, "size": 180.0}, {"op": "set", "side": "ask", "price": 0.57, "size": 2891.02}]}
{"t": 1776976153.054967, "events": [{"op": "set", "side": "bid", "price": 0.42, "size": 483.99}, {"op": "set", "side": "bid", "price": 0.4, "size": 1969.31}, {"op": "set", "side": "bid", "price": 0.41, "size": 249.0}, {"op": "set", "side": "ask", "price": 0.57, "size": 3891.02}]}
{"t": 1776976154.063997, "events": [{"op": "set", "side": "bid", "price": 0.41, "size": 248.0}, {"op": "delete", "side": "ask", "price": 0.52}, {"op": "set", "side": "ask", "price": 0.51, "size": 42.0}]}
{"t": 1776976156.091637, "events": [{"op": "set", "side": "bid", "price": 0.42, "size": 861.99}]}
{"t": 1776976163.1601741, "events": [{"op": "set", "side": "bid", "price": 0.41, "size": 225.0}, {"op": "delete", "side": "ask", "price": 0.51}]}
{"t": 1776976164.1660988, "events": [{"op": "set", "side": "bid", "price": 0.41, "size": 248.0}, {"op": "set", "side": "ask", "price": 0.51, "size": 42.0}]}
{"t": 1776976168.185441, "events": [{"op": "set", "side": "bid", "price": 0.41, "size": 225.0}, {"op": "delete", "side": "ask", "price": 0.51}]}
{"t": 1776976169.201382, "events": [{"op": "set", "side": "bid", "price": 0.41, "size": 248.0}, {"op": "set", "side": "ask", "price": 0.51, "size": 42.0}]}
{"t": 1776976172.213068, "events": [{"op": "set", "side": "bid", "price": 0.42, "size": 495.99}, {"op": "set", "side": "bid", "price": 0.4, "size": 1911.31}, {"op": "set", "side": "bid", "price": 0.41, "size": 139.0}]}
{"t": 1776976173.230133, "events": [{"op": "set", "side": "bid", "price": 0.42, "size": 1562.99}, {"op": "set", "side": "bid", "price": 0.41, "size": 116.0}, {"op": "delete", "side": "ask", "price": 0.51}]}
{"t": 1776976174.237823, "events": [{"op": "set", "side": "bid", "price": 0.41, "size": 140.0}, {"op": "set", "side": "ask", "price": 0.51, "size": 42.0}]}
{"t": 1776976175.24962, "events": [{"op": "set", "side": "bid", "price": 0.42, "size": 483.99}, {"op": "set", "side": "bid", "price": 0.41, "size": 24.0}]}
{"t": 1776976177.2679732, "events": [{"op": "set", "side": "bid", "price": 0.42, "size": 413.99}]}
{"t": 1776976178.273995, "events": [{"op": "set", "side": "bid", "price": 0.42, "size": 1064.99}, {"op": "delete", "side": "bid", "price": 0.41}, {"op": "delete", "side": "ask", "price": 0.51}]}
{"t": 1776976179.287406, "events": [{"op": "set", "side": "bid", "price": 0.41, "size": 23.0}, {"op": "set", "side": "ask", "price": 0.51, "size": 42.0}]}
{"t": 1776976183.318472, "events": [{"op": "delete", "side": "bid", "price": 0.41}, {"op": "set", "side": "ask", "price": 0.27, "size": 289.47}, {"op": "delete", "side": "ask", "price": 0.51}]}
{"t": 1776976184.330831, "events": [{"op": "set", "side": "bid", "price": 0.41, "size": 23.0}, {"op": "set", "side": "ask", "price": 0.51, "size": 42.0}]}
{"t": 1776976186.344102, "events": [{"op": "set", "side": "ask", "price": 0.27, "size": 84.00000000000003}]}
{"t": 1776976188.349905, "events": [{"op": "delete", "side": "bid", "price": 0.41}, {"op": "set", "side": "ask", "price": 0.27, "size": 289.47}, {"op": "delete", "side": "ask", "price": 0.51}]}
{"t": 1776976189.36215, "events": [{"op": "set", "side": "bid", "price": 0.33, "size": 14.280000000000001}, {"op": "set", "side": "bid", "price": 0.41, "size": 23.0}, {"op": "set", "side": "ask", "price": 0.27, "size": 84.00000000000003}, {"op": "set", "side": "ask", "price": 0.51, "size": 42.0}]}
{"t": 1776976193.395335, "events": [{"op": "delete", "side": "bid", "price": 0.41}, {"op": "set", "side": "ask", "price": 0.27, "size": 289.47}, {"op": "delete", "side": "ask", "price": 0.51}, {"op": "set", "side": "ask", "price": 0.48, "size": 50.0}]}
{"t": 1776976194.405488, "events": [{"op": "set", "side": "bid", "price": 0.41, "size": 23.0}, {"op": "set", "side": "ask", "price": 0.27, "size": 84.00000000000003}, {"op": "set", "side": "ask", "price": 0.51, "size": 42.0}]}
{"t": 1776976197.420757, "events": [{"op": "set", "side": "bid", "price": 0.42, "size": 413.99}, {"op": "set", "side": "ask", "price": 0.57, "size": 3240.02}]}
{"t": 1776976198.435571, "events": [{"op": "set", "side": "bid", "price": 0.42, "size": 1064.99}, {"op": "set", "side": "bid", "price": 0.41, "size": 22.0}, {"op": "delete", "side": "ask", "price": 0.48}, {"op": "set", "side": "ask", "price": 0.49, "size": 383.4200000000001}, {"op": "set", "side": "ask", "price": 0.5, "size": 919.0}, {"op": "set", "side": "ask", "price": 0.51, "size": 58.0}]}
{"t": 1776976200.4496331, "events": [{"op": "set", "side": "bid", "price": 0.33, "size": 30.28}, {"op": "set", "side": "ask", "price": 0.51, "size": 254.06}]}
{"t": 1776976203.4636748, "events": [{"op": "delete", "side": "bid", "price": 0.41}, {"op": "set", "side": "ask", "price": 0.51, "size": 212.06}]}
{"t": 1776976204.476952, "events": [{"op": "set", "side": "bid", "price": 0.42, "size": 64.99000000000001}, {"op": "set", "side": "bid", "price": 0.33, "size": 14.280000000000001}, {"op": "set", "side": "bid", "price": 0.41, "size": 23.0}, {"op": "set", "side": "ask", "price": 0.49, "size": 101.42000000000007}, {"op": "set", "side": "ask", "price": 0.5, "size": 180.0}, {"op": "set", "side": "ask", "price": 0.51, "size": 196.06}, {"op": "set", "side": "ask", "price": 0.52, "size": 41.0}, {"op": "set", "side": "ask", "price": 0.57, "size": 2891.02}]}
{"t": 1776976207.508864, "events": [{"op": "set", "side": "bid", "price": 0.42, "size": 481.99}, {"op": "set", "side": "bid", "price": 0.4, "size": 1969.31}, {"op": "set", "side": "bid", "price": 0.41, "size": 248.0}, {"op": "set", "side": "ask", "price": 0.49, "size": 51.42000000000007}, {"op": "set", "side": "ask", "price": 0.57, "size": 3891.02}]}
{"t": 1776976208.525941, "events": [{"op": "set", "side": "bid", "price": 0.42, "size": 855.99}, {"op": "set", "side": "bid", "price": 0.41, "size": 225.0}, {"op": "delete", "side": "ask", "price": 0.52}]}
{"t": 1776976209.539958, "events": [{"op": "set", "side": "bid", "price": 0.41, "size": 248.0}, {"op": "set", "side": "ask", "price": 0.52, "size": 41.0}]}
{"t": 1776976214.569775, "events": [{"op": "set", "side": "bid", "price": 0.4, "size": 1911.31}]}
{"t": 1776976215.5757089, "events": [{"op": "set", "side": "bid", "price": 0.42, "size": 1564.99}, {"op": "set", "side": "bid", "price": 0.41, "size": 139.0}]}
{"t": 1776976217.597552, "events": [{"op": "set", "side": "bid", "price": 0.42, "size": 481.99}, {"op": "set", "side": "bid", "price": 0.41, "size": 23.0}, {"op": "set", "side": "bid", "price": 0.33, "size": 30.28}]}
{"t": 1776976218.6080482, "events": [{"op": "set", "side": "bid", "price": 0.42, "size": 1064.99}, {"op": "delete", "side": "bid", "price": 0.41}]}
{"t": 1776976219.616928, "events": [{"op": "set", "side": "bid", "price": 0.41, "size": 23.0}]}
{"t": 1776976222.6332319, "events": [{"op": "set", "side": "bid", "price": 0.42, "size": 413.99}]}
{"t": 1776976223.6436858, "events": [{"op": "set", "side": "bid", "price": 0.42, "size": 1064.99}, {"op": "set", "side": "ask", "price": 0.48, "size": 16.0}]}
{"t": 1776976225.663619, "events": [{"op": "delete", "side": "bid", "price": 0.34}, {"op": "set", "side": "bid", "price": 0.03, "size": 17.0}]}
{"t": 1776976238.714187, "events": [{"op": "delete", "side": "bid", "price": 0.41}, {"op": "delete", "side": "ask", "price": 0.52}]}
{"t": 1776976239.7258828, "events": [{"op": "set", "side": "bid", "price": 0.41, "size": 23.0}, {"op": "set", "side": "ask", "price": 0.52, "size": 41.0}]}
{"t": 1776976253.8076642, "events": [{"op": "delete", "side": "bid", "price": 0.41}, {"op": "delete", "side": "ask", "price": 0.52}]}
{"t": 1776976254.822479, "events": [{"op": "set", "side": "bid", "price": 0.42, "size": 413.99}, {"op": "set", "side": "bid", "price": 0.41, "size": 23.0}, {"op": "set", "side": "ask", "price": 0.52, "size": 41.0}]}
{"t": 1776976255.835129, "events": [{"op": "set", "side": "bid", "price": 0.42, "size": 1064.99}, {"op": "delete", "side": "ask", "price": 0.48}, {"op": "set", "side": "ask", "price": 0.49, "size": 517.4200000000001}, {"op": "set", "side": "ask", "price": 0.5, "size": 955.0}, {"op": "set", "side": "ask", "price": 0.51, "size": 212.06}, {"op": "set", "side": "ask", "price": 0.57, "size": 3240.02}]}
{"t": 1776976259.875783, "events": [{"op": "set", "side": "bid", "price": 0.42, "size": 413.99}, {"op": "set", "side": "ask", "price": 0.49, "size": 51.42000000000007}, {"op": "set", "side": "ask", "price": 0.5, "size": 180.0}, {"op": "set", "side": "ask", "price": 0.51, "size": 196.06}, {"op": "set", "side": "ask", "price": 0.57, "size": 3224.02}]}
{"t": 1776976260.885631, "events": [{"op": "set", "side": "bid", "price": 0.42, "size": 1064.99}, {"op": "set", "side": "ask", "price": 0.52, "size": 994.0}]}
{"t": 1776976263.909769, "events": [{"op": "set", "side": "ask", "price": 0.52, "size": 953.0}, {"op": "set", "side": "ask", "price": 0.53, "size": 40.0}]}
{"t": 1776976276.0147579, "events": [{"op": "set", "side": "bid", "price": 0.42, "size": 413.99}, {"op": "delete", "side": "ask", "price": 0.52}, {"op": "set", "side": "ask", "price": 0.57, "size": 3124.02}]}
{"t": 1776976277.039475, "events": [{"op": "set", "side": "bid", "price": 0.42, "size": 1064.99}, {"op": "set", "side": "ask", "price": 0.5, "size": 562.0}, {"op": "set", "side": "ask", "price": 0.53, "size": 576.0}]}
{"t": 1776976279.0620182, "events": [{"op": "set", "side": "ask", "price": 0.54, "size": 39.0}, {"op": "set", "side": "ask", "price": 0.53, "size": 536.0}]}
{"t": 1776976280.070851, "events": [{"op": "set", "side": "bid", "price": 0.42, "size": 413.99}, {"op": "set", "side": "ask", "price": 0.5, "size": 518.0}, {"op": "delete", "side": "ask", "price": 0.53}]}
{"t": 1776976281.087897, "events": [{"op": "set", "side": "bid", "price": 0.42, "size": 1064.99}, {"op": "set", "side": "ask", "price": 0.54, "size": 565.0}]}
{"t": 1776976284.125754, "events": [{"op": "set", "side": "ask", "price": 0.54, "size": 526.0}, {"op": "set", "side": "ask", "price": 0.55, "size": 37.0}]}
{"t": 1776976285.139929, "events": [{"op": "set", "side": "bid", "price": 0.42, "size": 64.99000000000001}, {"op": "set", "side": "bid", "price": 0.33, "size": 14.280000000000001}, {"op": "set", "side": "ask", "price": 0.5, "size": 180.0}, {"op": "delete", "side": "ask", "price": 0.54}, {"op": "set", "side": "ask", "price": 0.57, "size": 2891.02}]}
{"t": 1776976287.161626, "events": [{"op": "set", "side": "bid", "price": 0.42, "size": 479.99}, {"op": "set", "side": "bid", "price": 0.4, "size": 1969.31}, {"op": "set", "side": "bid", "price": 0.41, "size": 248.0}, {"op": "set", "side": "ask", "price": 0.5, "size": 569.0}, {"op": "set", "side": "ask", "price": 0.55, "size": 791.0}, {"op": "set", "side": "ask", "price": 0.57, "size": 3240.02}]}
{"t": 1776976288.1785212, "events": [{"op": "set", "side": "bid", "price": 0.42, "size": 849.99}]}
{"t": 1776976289.1844962, "events": [{"op": "set", "side": "bid", "price": 0.41, "size": 225.0}, {"op": "set", "side": "ask", "price": 0.55, "size": 754.0}]}
{"t": 1776976290.196137, "events": [{"op": "set", "side": "bid", "price": 0.41, "size": 249.0}, {"op": "set", "side": "ask", "price": 0.56, "size": 33.0}]}
{"t": 1776976299.2527418, "events": [{"op": "set", "side": "bid", "price": 0.33, "size": 30.28}]}
{"t": 1776976301.276474, "events": [{"op": "set", "side": "bid", "price": 0.42, "size": 64.99000000000001}, {"op": "set", "side": "bid", "price": 0.4, "size": 1911.31}, {"op": "set", "side": "bid", "price": 0.41, "size": 24.0}, {"op": "set", "side": "bid", "price": 0.33, "size": 14.280000000000001}, {"op": "set", "side": "ask", "price": 0.5, "size": 180.0}, {"op": "delete", "side": "ask", "price": 0.55}, {"op": "set", "side": "ask", "price": 0.57, "size": 2891.02}]}
{"t": 1776976303.3065321, "events": [{"op": "set", "side": "bid", "price": 0.41, "size": 50.0}, {"op": "set", "side": "bid", "price": 0.33, "size": 10.0}, {"op": "delete", "side": "ask", "price": 0.56}]}
{"t": 1776976304.313708, "events": [{"op": "set", "side": "bid", "price": 0.42, "size": 529.99}, {"op": "set", "side": "bid", "price": 0.4, "size": 2027.31}, {"op": "set", "side": "bid", "price": 0.41, "size": 22.0}, {"op": "set", "side": "ask", "price": 0.5, "size": 593.0}, {"op": "set", "side": "ask", "price": 0.52, "size": 42.0}, {"op": "set", "side": "ask", "price": 0.56, "size": 760.0}, {"op": "set", "side": "ask", "price": 0.57, "size": 3240.02}]}
{"t": 1776976305.355718, "events": [{"op": "set", "side": "bid", "price": 0.42, "size": 993.99}]}
{"t": 1776976307.3653572, "events": [{"op": "set", "side": "bid", "price": 0.42, "size": 514.99}, {"op": "set", "side": "bid", "price": 0.4, "size": 1911.31}, {"op": "set", "side": "bid", "price": 0.41, "size": 138.0}, {"op": "set", "side": "ask", "price": 0.5, "size": 180.0}, {"op": "set", "side": "ask", "price": 0.52, "size": 997.0}, {"op": "delete", "side": "ask", "price": 0.56}, {"op": "set", "side": "ask", "price": 0.57, "size": 3224.02}]}
{"t": 1776976308.374354, "events": [{"op": "set", "side": "bid", "price": 0.42, "size": 948.99}, {"op": "set", "side": "bid", "price": 0.41, "size": 116.0}, {"op": "set", "side": "bid", "price": 0.33, "size": 60.0}, {"op": "set", "side": "ask", "price": 0.52, "size": 955.0}]}
{"t": 1776976309.386129, "events": [{"op": "set", "side": "bid", "price": 0.41, "size": 139.0}, {"op": "set", "side": "ask", "price": 0.53, "size": 40.0}]}
{"t": 1776976313.409361, "events": [{"op": "set", "side": "bid", "price": 0.41, "size": 116.0}, {"op": "delete", "side": "ask", "price": 0.53}]}
{"t": 1776976314.4200819, "events": [{"op": "set", "side": "bid", "price": 0.41, "size": 139.0}, {"op": "set", "side": "ask", "price": 0.53, "size": 40.0}]}
{"t": 1776976318.442741, "events": [{"op": "set", "side": "bid", "price": 0.41, "size": 116.0}, {"op": "delete", "side": "ask", "price": 0.53}]}
{"t": 1776976319.457519, "events": [{"op": "set", "side": "bid", "price": 0.41, "size": 139.0}, {"op": "set", "side": "ask", "price": 0.53, "size": 40.0}]}
{"t": 1776976323.4797351, "events": [{"op": "set", "side": "bid", "price": 0.42, "size": 514.99}, {"op": "delete", "side": "ask", "price": 0.52}, {"op": "set", "side": "ask", "price": 0.57, "size": 3124.02}]}
{"t": 1776976324.50117, "events": [{"op": "set", "side": "bid", "price": 0.42, "size": 948.99}, {"op": "set", "side": "ask", "price": 0.5, "size": 583.0}, {"op": "set", "side": "ask", "price": 0.48, "size": 50.0}, {"op": "set", "side": "ask", "price": 0.53, "size": 582.0}]}
{"t": 1776976325.519989, "events": [{"op": "set", "side": "ask", "price": 0.54, "size": 39.0}, {"op": "set", "side": "ask", "price": 0.53, "size": 542.0}]}
{"t": 1776976332.56369, "events": [{"op": "set", "side": "bid", "price": 0.42, "size": 514.99}, {"op": "delete", "side": "ask", "price": 0.53}]}
{"t": 1776976333.587355, "events": [{"op": "set", "side": "bid", "price": 0.42, "size": 948.99}, {"op": "set", "side": "bid", "price": 0.41, "size": 116.0}, {"op": "set", "side": "ask", "price": 0.5, "size": 664.0}, {"op": "set", "side": "ask", "price": 0.54, "size": 562.0}]}
{"t": 1776976334.603316, "events": [{"op": "set", "side": "bid", "price": 0.42, "size": 514.99}, {"op": "set", "side": "bid", "price": 0.41, "size": 23.0}, {"op": "set", "side": "ask", "price": 0.5, "size": 583.0}, {"op": "delete", "side": "ask", "price": 0.54}, {"op": "set", "side": "ask", "price": 0.55, "size": 37.0}, {"op": "set", "side": "ask", "price": 0.57, "size": 2891.02}]}
{"t": 1776976336.625223, "events": [{"op": "set", "side": "bid", "price": 0.42, "size": 948.99}, {"op": "set", "side": "bid", "price": 0.4, "size": 2027.31}, {"op": "delete", "side": "ask", "price": 0.48}, {"op": "set", "side": "ask", "price": 0.49, "size": 460.4200000000001}, {"op": "set", "side": "ask", "price": 0.5, "size": 940.0}, {"op": "set", "side": "ask", "price": 0.57, "size": 3240.02}]}
{"t": 1776976339.6474261, "events": [{"op": "set", "side": "bid", "price": 0.42, "size": 514.99}, {"op": "set", "side": "bid", "price": 0.4, "size": 1911.31}, {"op": "delete", "side": "bid", "price": 0.41}, {"op": "set", "side": "ask", "price": 0.49, "size": 51.42000000000007}, {"op": "set", "side": "ask", "price": 0.5, "size": 180.0}, {"op": "delete", "side": "ask", "price": 0.55}]}
{"t": 1776976340.6580539, "events": [{"op": "set", "side": "bid", "price": 0.42, "size": 64.99000000000001}, {"op": "set", "side": "bid", "price": 0.33, "size": 10.0}, {"op": "set", "side": "bid", "price": 0.41, "size": 23.0}, {"op": "set", "side": "ask", "price": 0.52, "size": 41.0}, {"op": "set", "side": "ask", "price": 0.57, "size": 2891.02}]}
{"t": 1776976341.674314, "events": [{"op": "set", "side": "bid", "price": 0.42, "size": 498.99}, {"op": "set", "side": "bid", "price": 0.41, "size": 139.0}, {"op": "set", "side": "ask", "price": 0.51, "size": 658.0}, {"op": "set", "side": "ask", "price": 0.55, "size": 609.0}]}
{"t": 1776976342.686982, "events": [{"op": "set", "side": "bid", "price": 0.42, "size": 455.99}, {"op": "delete", "side": "ask", "price": 0.51}, {"op": "delete", "side": "ask", "price": 0.55}, {"op": "set", "side": "ask", "price": 0.52, "size": 233.29}]}
{"t": 1776976343.692986, "events": [{"op": "set", "side": "bid", "price": 0.4, "size": 1969.31}, {"op": "set", "side": "bid", "price": 0.41, "size": 248.0}, {"op": "set", "side": "ask", "price": 0.57, "size": 3891.02}]}
{"t": 1776976344.703347, "events": [{"op": "set", "side": "bid", "price": 0.42, "size": 64.99000000000001}, {"op": "set", "side": "bid", "price": 0.4, "size": 1911.31}, {"op": "set", "side": "bid", "price": 0.41, "size": 23.0}, {"op": "set", "side": "ask", "price": 0.49, "size": 101.42000000000007}, {"op": "set", "side": "ask", "price": 0.52, "size": 192.29}, {"op": "set", "side": "ask", "price": 0.57, "size": 2891.02}, {"op": "set", "side": "ask", "price": 0.53, "size": 40.0}]}
{"t": 1776976347.7271721, "events": [{"op": "set", "side": "bid", "price": 0.42, "size": 478.99}, {"op": "set", "side": "bid", "price": 0.4, "size": 1969.31}, {"op": "set", "side": "bid", "price": 0.41, "size": 248.0}, {"op": "set", "side": "ask", "price": 0.49, "size": 51.42000000000007}, {"op": "set", "side": "ask", "price": 0.5, "size": 609.0}, {"op": "set", "side": "ask", "price": 0.57, "size": 3240.02}, {"op": "set", "side": "ask", "price": 0.53, "size": 804.0}]}
{"t": 1776976350.768629, "events": [{"op": "set", "side": "bid", "price": 0.42, "size": 845.99}, {"op": "set", "side": "bid", "price": 0.41, "size": 225.0}, {"op": "set", "side": "bid", "price": 0.33, "size": 60.0}, {"op": "set", "side": "ask", "price": 0.48, "size": 50.0}, {"op": "set", "side": "ask", "price": 0.53, "size": 764.0}]}
{"t": 1776976351.775647, "events": [{"op": "set", "side": "bid", "price": 0.42, "size": 64.99000000000001}, {"op": "set", "side": "bid", "price": 0.4, "size": 1911.31}, {"op": "set", "side": "bid", "price": 0.41, "size": 50.0}, {"op": "set", "side": "bid", "price": 0.33, "size": 10.0}, {"op": "set", "side": "bid", "price": 0.38, "size": 27.0}, {"op": "set", "side": "ask", "price": 0.5, "size": 180.0}, {"op": "set", "side": "ask", "price": 0.57, "size": 2891.02}, {"op": "set", "side": "ask", "price": 0.53, "size": 41.0}]}
{"t": 1776976355.830212, "events": [{"op": "delete", "side": "bid", "price": 0.38}, {"op": "delete", "side": "ask", "price": 0.53}]}
{"t": 1776976356.839608, "events": [{"op": "set", "side": "bid", "price": 0.42, "size": 477.99}, {"op": "set", "side": "bid", "price": 0.4, "size": 1969.31}, {"op": "set", "side": "bid", "price": 0.41, "size": 225.0}, {"op": "set", "side": "bid", "price": 0.39, "size": 26.0}, {"op": "set", "side": "ask", "price": 0.5, "size": 670.0}, {"op": "set", "side": "ask", "price": 0.54, "size": 39.0}, {"op": "delete", "side": "ask", "price": 0.52}, {"op": "set", "side": "ask", "price": 0.57, "size": 3240.02}, {"op": "set", "side": "ask", "price": 0.53, "size": 780.0}]}
{"t": 1776976357.858582, "events": [{"op": "set", "side": "bid", "price": 0.42, "size": 844.99}, {"op": "set", "side": "ask", "price": 0.51, "size": 196.06}]}
{"t": 1776976359.87871, "events": [{"op": "set", "side": "bid", "price": 0.42, "size": 506.99}, {"op": "delete", "side": "bid", "price": 0.39}, {"op": "delete", "side": "bid", "price": 0.41}, {"op": "set", "side": "ask", "price": 0.5, "size": 589.0}, {"op": "delete", "side": "ask", "price": 0.54}, {"op": "set", "side": "ask", "price": 0.57, "size": 3124.02}, {"op": "delete", "side": "ask", "price": 0.53}]}
{"t": 1776976360.895073, "events": [{"op": "set", "side": "bid", "price": 0.42, "size": 927.99}, {"op": "set", "side": "bid", "price": 0.4, "size": 2136.31}, {"op": "set", "side": "bid", "price": 0.33, "size": 60.0}, {"op": "set", "side": "bid", "price": 0.39, "size": 58.0}, {"op": "set", "side": "ask", "price": 0.54, "size": 543.0}]}
{"t": 1776976361.903726, "events": [{"op": "set", "side": "bid", "price": 0.41, "size": 23.0}, {"op": "set", "side": "ask", "price": 0.55, "size": 37.0}]}
{"t": 1776976362.91397, "events": [{"op": "set", "side": "bid", "price": 0.42, "size": 477.99}, {"op": "set", "side": "bid", "price": 0.4, "size": 1969.31}, {"op": "delete", "side": "bid", "price": 0.39}, {"op": "delete", "side": "ask", "price": 0.54}, {"op": "set", "side": "ask", "price": 0.57, "size": 2891.02}]}
{"t": 1776976363.930155, "events": [{"op": "set", "side": "bid", "price": 0.42, "size": 802.99}, {"op": "set", "side": "bid", "price": 0.41, "size": 248.0}, {"op": "delete", "side": "ask", "price": 0.48}, {"op": "set", "side": "ask", "price": 0.49, "size": 554.4200000000001}, {"op": "set", "side": "ask", "price": 0.5, "size": 964.0}, {"op": "set", "side": "ask", "price": 0.51, "size": 246.06}, {"op": "set", "side": "ask", "price": 0.57, "size": 3240.02}]}
{"t": 1776976364.937811, "events": [{"op": "set", "side": "bid", "price": 0.41, "size": 225.0}, {"op": "delete", "side": "ask", "price": 0.55}]}
{"t": 1776976365.9445639, "events": [{"op": "set", "side": "bid", "price": 0.41, "size": 248.0}, {"op": "set", "side": "ask", "price": 0.52, "size": 41.0}]}
{"t": 1776976366.949543, "events": [{"op": "set", "side": "ask", "price": 0.51, "size": 50.0}]}
{"t": 1776976370.9749482, "events": [{"op": "set", "side": "bid", "price": 0.41, "size": 225.0}, {"op": "set", "side": "ask", "price": 0.52, "size": 192.29}]}
{"t": 1776976371.985274, "events": [{"op": "set", "side": "bid", "price": 0.41, "size": 248.0}, {"op": "set", "side": "ask", "price": 0.53, "size": 40.0}]}
{"t": 1776976375.010626, "events": [{"op": "set", "side": "bid", "price": 0.41, "size": 225.0}, {"op": "delete", "side": "ask", "price": 0.53}]}
{"t": 1776976376.01981, "events": [{"op": "set", "side": "bid", "price": 0.41, "size": 248.0}, {"op": "set", "side": "ask", "price": 0.53, "size": 40.0}]}
{"t": 1776976385.0620549, "events": [{"op": "set", "side": "bid", "price": 0.41, "size": 225.0}, {"op": "set", "side": "ask", "price": 0.51, "size": 246.06}, {"op": "delete", "side": "ask", "price": 0.52}, {"op": "delete", "side": "ask", "price": 0.53}]}
{"t": 1776976386.068693, "events": [{"op": "set", "side": "bid", "price": 0.41, "size": 248.0}, {"op": "set", "side": "ask", "price": 0.52, "size": 41.0}]}
{"t": 1776976390.085834, "events": [{"op": "set", "side": "bid", "price": 0.42, "size": 448.99}, {"op": "set", "side": "bid", "price": 0.4, "size": 1911.31}, {"op": "set", "side": "bid", "price": 0.41, "size": 116.0}, {"op": "set", "side": "ask", "price": 0.49, "size": 51.42000000000007}, {"op": "set", "side": "ask", "price": 0.5, "size": 180.0}, {"op": "delete", "side": "ask", "price": 0.51}, {"op": "set", "side": "ask", "price": 0.52, "size": 957.0}, {"op": "set", "side": "ask", "price": 0.57, "size": 3226.02}]}
{"t": 1776976391.098208, "events": [{"op": "set", "side": "bid", "price": 0.42, "size": 1427.99}, {"op": "set", "side": "bid", "price": 0.41, "size": 139.0}, {"op": "set", "side": "ask", "price": 0.53, "size": 40.0}]}
{"t": 1776976393.108543, "events": [{"op": "set", "side": "bid", "price": 0.42, "size": 448.99}, {"op": "set", "side": "bid", "price": 0.41, "size": 23.0}, {"op": "delete", "side": "ask", "price": 0.52}]}
{"t": 1776976394.119156, "events": [{"op": "set", "side": "bid", "price": 0.42, "size": 413.99}, {"op": "set", "side": "ask", "price": 0.5, "size": 619.0}, {"op": "set", "side": "ask", "price": 0.53, "size": 591.0}, {"op": "set", "side": "ask", "price": 0.57, "size": 3124.02}]}
{"t": 1776976395.125777, "events": [{"op": "set", "side": "bid", "price": 0.42, "size": 1064.99}, {"op": "delete", "side": "bid", "price": 0.41}, {"op": "set", "side": "ask", "price": 0.53, "size": 551.0}]}
{"t": 1776976396.130979, "events": [{"op": "set", "side": "bid", "price": 0.41, "size": 23.0}, {"op": "set", "side": "ask", "price": 0.54, "size": 39.0}]}
{"t": 1776976400.151349, "events": [{"op": "delete", "side": "bid", "price": 0.41}, {"op": "delete", "side": "ask", "price": 0.54}]}
{"t": 1776976401.163003, "events": [{"op": "set", "side": "bid", "price": 0.41, "size": 23.0}, {"op": "set", "side": "ask", "price": 0.54, "size": 39.0}]}
{"t": 1776976405.183253, "events": [{"op": "delete", "side": "bid", "price": 0.41}, {"op": "delete", "side": "ask", "price": 0.54}]}
{"t": 1776976406.18958, "events": [{"op": "set", "side": "bid", "price": 0.41, "size": 23.0}, {"op": "set", "side": "ask", "price": 0.54, "size": 39.0}, {"op": "set", "side": "ask", "price": 0.51, "size": 196.06}, {"op": "set", "side": "ask", "price": 0.48, "size": 50.0}]}
{"t": 1776976415.243485, "events": [{"op": "set", "side": "bid", "price": 0.42, "size": 413.99}, {"op": "delete", "side": "bid", "price": 0.41}, {"op": "delete", "side": "ask", "price": 0.54}, {"op": "delete", "side": "ask", "price": 0.53}]}
{"t": 1776976416.25911, "events": [{"op": "set", "side": "bid", "price": 0.42, "size": 1064.99}, {"op": "set", "side": "bid", "price": 0.38, "size": 27.0}, {"op": "set", "side": "ask", "price": 0.5, "size": 665.0}, {"op": "set", "side": "ask", "price": 0.54, "size": 562.0}, {"op": "delete", "side": "ask", "price": 0.51}, {"op": "set", "side": "ask", "price": 0.52, "size": 42.0}, {"op": "set", "side": "ask", "price": 0.53, "size": 188.66}]}
{"t": 1776976420.296268, "events": [{"op": "delete", "side": "bid", "price": 0.38}, {"op": "delete", "side": "ask", "price": 0.52}]}
{"t": 1776976421.30323, "events": [{"op": "set", "side": "bid", "price": 0.41, "size": 23.0}, {"op": "set", "side": "ask", "price": 0.55, "size": 37.0}]}
{"t": 1776976423.3098712, "events": [{"op": "set", "side": "ask", "price": 0.5, "size": 947.0}, {"op": "delete", "side": "ask", "price": 0.54}, {"op": "set", "side": "ask", "price": 0.57, "size": 3240.02}, {"op": "set", "side": "ask", "price": 0.53, "size": 1072.66}]}
{"t": 1776976425.340163, "events": [{"op": "set", "side": "bid", "price": 0.42, "size": 64.99000000000001}, {"op": "delete", "side": "bid", "price": 0.41}, {"op": "set", "side": "bid", "price": 0.33, "size": 10.0}, {"op": "set", "side": "bid", "price": 0.38, "size": 27.0}, {"op": "set", "side": "ask", "price": 0.5, "size": 180.0}, {"op": "set", "side": "ask", "price": 0.54, "size": 39.0}, {"op": "delete", "side": "ask", "price": 0.55}, {"op": "set", "side": "ask", "price": 0.57, "size": 2891.02}, {"op": "set", "side": "ask", "price": 0.53, "size": 188.66000000000008}]}
{"t": 1776976428.364198, "events": [{"op": "set", "side": "bid", "price": 0.42, "size": 987.99}, {"op": "set", "side": "bid", "price": 0.4, "size": 2027.31}, {"op": "set", "side": "ask", "price": 0.5, "size": 947.0}, {"op": "set", "side": "ask", "price": 0.57, "size": 3240.02}, {"op": "set", "side": "ask", "price": 0.53, "size": 1072.66}]}
{"t": 1776976430.376935, "events": [{"op": "set", "side": "bid", "price": 0.42, "size": 527.99}, {"op": "delete", "side": "bid", "price": 0.38}, {"op": "set", "side": "ask", "price": 0.5, "size": 180.0}, {"op": "delete", "side": "ask", "price": 0.54}]}
{"t": 1776976431.391558, "events": [{"op": "set", "side": "bid", "price": 0.42, "size": 948.99}, {"op": "set", "side": "bid", "price": 0.41, "size": 23.0}, {"op": "set", "side": "ask", "price": 0.54, "size": 589.0}, {"op": "set", "side": "ask", "price": 0.57, "size": 3124.02}]}
{"t": 1776976435.41402, "events": [{"op": "delete", "side": "bid", "price": 0.41}, {"op": "set", "side": "ask", "price": 0.54, "size": 550.0}]}
{"t": 1776976436.4190028, "events": [{"op": "set", "side": "bid", "price": 0.42, "size": 514.99}, {"op": "set", "side": "bid", "price": 0.33, "size": 60.0}, {"op": "set", "side": "bid", "price": 0.41, "size": 23.0}, {"op": "delete", "side": "ask", "price": 0.54}, {"op": "set", "side": "ask", "price": 0.55, "size": 37.0}, {"op": "set", "side": "ask", "price": 0.57, "size": 2891.02}]}
{"t": 1776976437.425882, "events": [{"op": "set", "side": "bid", "price": 0.42, "size": 948.99}, {"op": "set", "side": "ask", "price": 0.5, "size": 947.0}, {"op": "set", "side": "ask", "price": 0.57, "size": 3240.02}]}
{"t": 1776976438.4467258, "events": [{"op": "set", "side": "bid", "price": 0.42, "size": 514.99}, {"op": "set", "side": "bid", "price": 0.4, "size": 1911.31}, {"op": "set", "side": "bid", "price": 0.41, "size": 139.0}, {"op": "set", "side": "ask", "price": 0.57, "size": 2891.02}]}
{"t": 1776976439.456811, "events": [{"op": "set", "side": "bid", "price": 0.42, "size": 948.99}, {"op": "set", "side": "ask", "price": 0.57, "size": 3240.02}]}
{"t": 1776976440.468045, "events": [{"op": "set", "side": "ask", "price": 0.54, "size": 39.0}, {"op": "delete", "side": "ask", "price": 0.55}]}
{"t": 1776976442.480271, "events": [{"op": "delete", "side": "ask", "price": 0.48}, {"op": "set", "side": "ask", "price": 0.5, "size": 180.0}, {"op": "set", "side": "ask", "price": 0.54, "size": 589.0}, {"op": "set", "side": "ask", "price": 0.57, "size": 3124.02}]}
{"t": 1776976443.4918458, "events": [{"op": "set", "side": "bid", "price": 0.42, "size": 514.99}, {"op": "set", "side": "ask", "price": 0.5, "size": 947.0}, {"op": "set", "side": "ask", "price": 0.54, "size": 39.0}, {"op": "set", "side": "ask", "price": 0.57, "size": 2891.02}]}
{"t": 1776976444.5010781, "events": [{"op": "set", "side": "bid", "price": 0.42, "size": 948.99}, {"op": "set", "side": "ask", "price": 0.57, "size": 3240.02}]}
{"t": 1776976450.5300539, "events": [{"op": "delete", "side": "ask", "price": 0.54}]}
{"t": 1776976451.535392, "events": [{"op": "set", "side": "bid", "price": 0.42, "size": 514.99}, {"op": "set", "side": "bid", "price": 0.41, "size": 23.0}, {"op": "set", "side": "ask", "price": 0.54, "size": 39.0}, {"op": "set", "side": "ask", "price": 0.57, "size": 2891.02}]}
{"t": 1776976453.5542011, "events": [{"op": "set", "side": "bid", "price": 0.42, "size": 948.99}, {"op": "set", "side": "bid", "price": 0.4, "size": 2027.31}, {"op": "set", "side": "ask", "price": 0.57, "size": 3240.02}]}
{"t": 1776976455.5719721, "events": [{"op": "set", "side": "bid", "price": 0.4, "size": 1911.31}, {"op": "set", "side": "bid", "price": 0.41, "size": 139.0}, {"op": "set", "side": "ask", "price": 0.5, "size": 180.0}, {"op": "set", "side": "ask", "price": 0.54, "size": 550.0}, {"op": "set", "side": "ask", "price": 0.55, "size": 37.0}, {"op": "set", "side": "ask", "price": 0.57, "size": 3124.02}]}
{"t": 1776976458.60728, "events": [{"op": "set", "side": "bid", "price": 0.42, "size": 514.99}, {"op": "delete", "side": "ask", "price": 0.54}, {"op": "set", "side": "ask", "price": 0.57, "size": 2891.02}]}
{"t": 1776976459.62, "events": [{"op": "set", "side": "ask", "price": 0.5, "size": 947.0}]}
{"t": 1776976460.625124, "events": [{"op": "set", "side": "bid", "price": 0.42, "size": 948.99}, {"op": "set", "side": "ask", "price": 0.54, "size": 39.0}, {"op": "delete", "side": "ask", "price": 0.55}, {"op": "set", "side": "ask", "price": 0.57, "size": 3240.02}]}
{"t": 1776976461.631319, "events": [{"op": "set", "side": "bid", "price": 0.42, "size": 514.99}, {"op": "set", "side": "ask", "price": 0.5, "size": 180.0}, {"op": "set", "side": "ask", "price": 0.57, "size": 3124.02}]}
{"t": 1776976462.638276, "events": [{"op": "set", "side": "bid", "price": 0.42, "size": 948.99}, {"op": "set", "side": "ask", "price": 0.54, "size": 589.0}]}
{"t": 1776976465.66493, "events": [{"op": "set", "side": "bid", "price": 0.42, "size": 64.99000000000001}, {"op": "set", "side": "bid", "price": 0.41, "size": 27.28}, {"op": "set", "side": "bid", "price": 0.33, "size": 10.0}, {"op": "set", "side": "ask", "price": 0.53, "size": 8.526512829121202e-14}, {"op": "set", "side": "ask", "price": 0.54, "size": 39.0}, {"op": "set", "side": "ask", "price": 0.57, "size": 2891.02}]}
{"t": 1776976468.700096, "events": [{"op": "set", "side": "bid", "price": 0.42, "size": 837.99}, {"op": "set", "side": "bid", "price": 0.4, "size": 1969.31}, {"op": "set", "side": "bid", "price": 0.41, "size": 248.0}, {"op": "set", "side": "ask", "price": 0.5, "size": 666.0}, {"op": "set", "side": "ask", "price": 0.54, "size": 819.0}, {"op": "set", "side": "ask", "price": 0.57, "size": 3240.02}]}
{"t": 1776976470.713255, "events": [{"op": "set", "side": "bid", "price": 0.41, "size": 249.0}, {"op": "set", "side": "ask", "price": 0.54, "size": 780.0}, {"op": "set", "side": "ask", "price": 0.55, "size": 36.0}]}
{"t": 1776976472.725442, "events": [{"op": "set", "side": "bid", "price": 0.42, "size": 449.99}, {"op": "set", "side": "bid", "price": 0.4, "size": 1911.31}, {"op": "set", "side": "bid", "price": 0.41, "size": 140.0}, {"op": "set", "side": "ask", "price": 0.5, "size": 674.0}, {"op": "delete", "side": "ask", "price": 0.54}, {"op": "set", "side": "ask", "price": 0.55, "size": 490.0}, {"op": "set", "side": "ask", "price": 0.57, "size": 3066.02}]}
{"t": 1776976473.738061, "events": [{"op": "set", "side": "bid", "price": 0.42, "size": 1429.99}]}
{"t": 1776976474.742902, "events": [{"op": "set", "side": "bid", "price": 0.41, "size": 116.0}, {"op": "set", "side": "ask", "price": 0.55, "size": 454.0}]}
{"t": 1776976475.752197, "events": [{"op": "set", "side": "bid", "price": 0.41, "size": 140.0}, {"op": "set", "side": "ask", "price": 0.56, "size": 33.0}]}
{"t": 1776976477.761339, "events": [{"op": "set", "side": "bid", "price": 0.42, "size": 64.99000000000001}, {"op": "set", "side": "bid", "price": 0.41, "size": 24.0}, {"op": "set", "side": "ask", "price": 0.5, "size": 180.0}, {"op": "delete", "side": "ask", "price": 0.55}, {"op": "set", "side": "ask", "price": 0.57, "size": 2891.02}]}
{"t": 1776976479.7830348, "events": [{"op": "delete", "side": "bid", "price": 0.41}, {"op": "delete", "side": "ask", "price": 0.56}]}
{"t": 1776976480.793513, "events": [{"op": "set", "side": "bid", "price": 0.41, "size": 23.0}, {"op": "set", "side": "ask", "price": 0.51, "size": 42.0}]}
{"t": 1776976481.809105, "events": [{"op": "set", "side": "bid", "price": 0.42, "size": 984.99}, {"op": "set", "side": "bid", "price": 0.4, "size": 2027.31}, {"op": "set", "side": "ask", "price": 0.57, "size": 3891.02}]}
{"t": 1776976484.820907, "events": [{"op": "set", "side": "bid", "price": 0.42, "size": 514.99}, {"op": "set", "side": "bid", "price": 0.4, "size": 1911.31}]}
{"t": 1776976485.858399, "events": [{"op": "set", "side": "bid", "price": 0.42, "size": 948.99}, {"op": "set", "side": "bid", "price": 0.41, "size": 139.0}, {"op": "set", "side": "bid", "price": 0.33, "size": 14.280000000000001}]}
{"t": 1776976489.887844, "events": [{"op": "set", "side": "bid", "price": 0.41, "size": 116.0}, {"op": "delete", "side": "ask", "price": 0.51}]}
{"t": 1776976490.901129, "events": [{"op": "set", "side": "bid", "price": 0.42, "size": 514.99}, {"op": "set", "side": "bid", "price": 0.41, "size": 23.0}, {"op": "set", "side": "ask", "price": 0.51, "size": 42.0}]}
{"t": 1776976491.914994, "events": [{"op": "set", "side": "bid", "price": 0.4, "size": 2027.31}]}
{"t": 1776976492.923475, "events": [{"op": "set", "side": "bid", "price": 0.42, "size": 948.99}]}
{"t": 1776976494.9357922, "events": [{"op": "delete", "side": "bid", "price": 0.41}, {"op": "delete", "side": "ask", "price": 0.51}]}
{"t": 1776976495.9455118, "events": [{"op": "set", "side": "bid", "price": 0.41, "size": 23.0}, {"op": "set", "side": "ask", "price": 0.51, "size": 42.0}]}
{"t": 1776976499.969461, "events": [{"op": "delete", "side": "bid", "price": 0.41}, {"op": "delete", "side": "ask", "price": 0.51}]}
{"t": 1776976500.976686, "events": [{"op": "set", "side": "bid", "price": 0.41, "size": 23.0}, {"op": "set", "side": "ask", "price": 0.51, "size": 42.0}]}
{"t": 1776976504.995602, "events": [{"op": "set", "side": "bid", "price": 0.42, "size": 514.99}, {"op": "set", "side": "bid", "price": 0.4, "size": 1911.31}, {"op": "delete", "side": "bid", "price": 0.41}, {"op": "delete", "side": "ask", "price": 0.51}]}
{"t": 1776976506.004798, "events": [{"op": "set", "side": "bid", "price": 0.41, "size": 139.0}, {"op": "set", "side": "ask", "price": 0.51, "size": 42.0}]}
{"t": 1776976507.017001, "events": [{"op": "set", "side": "bid", "price": 0.42, "size": 948.99}]}
{"t": 1776976510.0364318, "events": [{"op": "set", "side": "bid", "price": 0.41, "size": 116.0}, {"op": "delete", "side": "ask", "price": 0.51}]}
{"t": 1776976511.044847, "events": [{"op": "set", "side": "bid", "price": 0.41, "size": 139.0}, {"op": "set", "side": "ask", "price": 0.51, "size": 42.0}]}
{"t": 1776976516.090231, "events": [{"op": "delete", "side": "bid", "price": 0.19}, {"op": "set", "side": "bid", "price": 0.18, "size": 2794.0}, {"op": "delete", "side": "ask", "price": 0.22}, {"op": "set", "side": "ask", "price": 0.23, "size": 8.0}, {"op": "set", "side": "ask", "price": 0.01, "size": 14.0}, {"op": "set", "side": "ask", "price": 0.04, "size": 35.0}, {"op": "set", "side": "ask", "price": 0.24, "size": 2934.0}]}
{"t": 1776976520.122738, "events": [{"op": "set", "side": "bid", "price": 0.41, "size": 116.0}, {"op": "delete", "side": "ask", "price": 0.51}]}
{"t": 1776976521.1357608, "events": [{"op": "set", "side": "bid", "price": 0.42, "size": 514.99}, {"op": "set", "side": "bid", "price": 0.41, "size": 23.0}, {"op": "set", "side": "ask", "price": 0.51, "size": 42.0}]}
{"t": 1776976522.1437619, "events": [{"op": "set", "side": "bid", "price": 0.42, "size": 948.99}, {"op": "set", "side": "bid", "price": 0.4, "size": 2027.31}]}
{"t": 1776976525.156095, "events": [{"op": "delete", "side": "bid", "price": 0.41}, {"op": "set", "side": "ask", "price": 0.27, "size": 289.47}, {"op": "delete", "side": "ask", "price": 0.51}]}
{"t": 1776976526.162179, "events": [{"op": "set", "side": "bid", "price": 0.41, "size": 23.0}, {"op": "set", "side": "ask", "price": 0.51, "size": 42.0}]}
{"t": 1776976530.176915, "events": [{"op": "set", "side": "ask", "price": 0.27, "size": 84.00000000000003}, {"op": "delete", "side": "ask", "price": 0.51}]}
{"t": 1776976531.1844459, "events": [{"op": "set", "side": "ask", "price": 0.51, "size": 42.0}]}
{"t": 1776976535.199321, "events": [{"op": "delete", "side": "bid", "price": 0.41}, {"op": "delete", "side": "ask", "price": 0.51}]}
{"t": 1776976536.203557, "events": [{"op": "set", "side": "bid", "price": 0.42, "size": 64.99000000000001}, {"op": "set", "side": "bid", "price": 0.4, "size": 1911.31}, {"op": "set", "side": "bid", "price": 0.33, "size": 10.0}, {"op": "set", "side": "bid", "price": 0.41, "size": 23.0}, {"op": "set", "side": "ask", "price": 0.51, "size": 42.0}, {"op": "set", "side": "ask", "price": 0.57, "size": 2891.02}]}
{"t": 1776976538.221212, "events": [{"op": "set", "side": "bid", "price": 0.42, "size": 832.99}, {"op": "set", "side": "bid", "price": 0.4, "size": 1969.31}, {"op": "set", "side": "bid", "price": 0.41, "size": 248.0}, {"op": "set", "side": "ask", "price": 0.25, "size": 43.0}, {"op": "set", "side": "ask", "price": 0.57, "size": 3891.02}, {"op": "set", "side": "ask", "price": 0.01, "size": 1.0}, {"op": "delete", "side": "ask", "price": 0.04}]}
{"t": 1776976540.237312, "events": [{"op": "set", "side": "bid", "price": 0.42, "size": 473.99}, {"op": "set", "side": "bid", "price": 0.4, "size": 1911.31}, {"op": "set", "side": "bid", "price": 0.41, "size": 225.0}, {"op": "delete", "side": "ask", "price": 0.51}]}
{"t": 1776976541.245595, "events": [{"op": "set", "side": "bid", "price": 0.41, "size": 248.0}, {"op": "set", "side": "ask", "price": 0.51, "size": 42.0}]}
{"t": 1776976542.257569, "events": [{"op": "set", "side": "bid", "price": 0.42, "size": 449.99}, {"op": "set", "side": "bid", "price": 0.41, "size": 139.0}]}
{"t": 1776976545.305117, "events": [{"op": "set", "side": "bid", "price": 0.41, "size": 24.0}]}
{"t": 1776976546.315924, "events": [{"op": "set", "side": "bid", "price": 0.42, "size": 413.99}]}
{"t": 1776976547.325418, "events": [{"op": "set", "side": "bid", "price": 0.42, "size": 1064.99}]}
{"t": 1776976548.331649, "events": [{"op": "set", "side": "bid", "price": 0.42, "size": 413.99}]}
{"t": 1776976550.374534, "events": [{"op": "set", "side": "bid", "price": 0.42, "size": 1064.99}, {"op": "set", "side": "bid", "price": 0.41, "size": 23.0}]}
{"t": 1776976552.38733, "events": [{"op": "set", "side": "bid", "price": 0.42, "size": 413.99}]}
{"t": 1776976553.394047, "events": [{"op": "set", "side": "bid", "price": 0.42, "size": 1064.99}]}
{"t": 1776976555.404792, "events": [{"op": "delete", "side": "bid", "price": 0.41}, {"op": "delete", "side": "ask", "price": 0.51}]}
{"t": 1776976556.4166641, "events": [{"op": "set", "side": "bid", "price": 0.41, "size": 23.0}, {"op": "set", "side": "ask", "price": 0.51, "size": 42.0}]}
{"t": 1776976560.430049, "events": [{"op": "set", "side": "bid", "price": 0.42, "size": 413.99}, {"op": "delete", "side": "bid", "price": 0.41}, {"op": "set", "side": "bid", "price": 0.33, "size": 14.280000000000001}, {"op": "delete", "side": "ask", "price": 0.51}]}
{"t": 1776976561.438821, "events": [{"op": "set", "side": "bid", "price": 0.42, "size": 1064.99}, {"op": "set", "side": "bid", "price": 0.41, "size": 23.0}, {"op": "set", "side": "ask", "price": 0.51, "size": 42.0}]}
{"t": 1776976565.468847, "events": [{"op": "set", "side": "bid", "price": 0.42, "size": 413.99}]}
{"t": 1776976566.4827142, "events": [{"op": "set", "side": "bid", "price": 0.42, "size": 1064.99}]}
{"t": 1776976569.49947, "events": [{"op": "set", "side": "bid", "price": 0.42, "size": 64.99000000000001}, {"op": "set", "side": "bid", "price": 0.33, "size": 10.0}, {"op": "set", "side": "ask", "price": 0.57, "size": 2891.02}]}
{"t": 1776976572.538016, "events": [{"op": "set", "side": "bid", "price": 0.42, "size": 831.99}, {"op": "set", "side": "bid", "price": 0.4, "size": 1969.31}, {"op": "set", "side": "bid", "price": 0.41, "size": 248.0}, {"op": "set", "side": "ask", "price": 0.57, "size": 3891.02}]}
{"t": 1776976573.54511, "events": [{"op": "set", "side": "bid", "price": 0.42, "size": 473.99}, {"op": "set", "side": "bid", "price": 0.4, "size": 1911.31}]}
{"t": 1776976574.550605, "events": [{"op": "set", "side": "bid", "price": 0.42, "size": 1430.99}, {"op": "set", "side": "bid", "price": 0.41, "size": 139.0}]}
{"t": 1776976575.5694778, "events": [{"op": "set", "side": "bid", "price": 0.41, "size": 116.0}, {"op": "delete", "side": "ask", "price": 0.51}]}
{"t": 1776976576.575867, "events": [{"op": "set", "side": "bid", "price": 0.42, "size": 471.99}, {"op": "delete", "side": "bid", "price": 0.41}, {"op": "set", "side": "ask", "price": 0.51, "size": 42.0}]}
{"t": 1776976577.582925, "events": [{"op": "set", "side": "bid", "price": 0.42, "size": 435.99}]}
{"t": 1776976578.5899022, "events": [{"op": "set", "side": "bid", "price": 0.42, "size": 1086.99}]}
{"t": 1776976579.598368, "events": [{"op": "set", "side": "bid", "price": 0.42, "size": 435.99}, {"op": "set", "side": "bid", "price": 0.33, "size": 14.280000000000001}]}
{"t": 1776976580.610691, "events": [{"op": "set", "side": "bid", "price": 0.42, "size": 1064.99}, {"op": "set", "side": "bid", "price": 0.41, "size": 24.0}]}
{"t": 1776976587.65838, "events": [{"op": "set", "side": "bid", "price": 0.42, "size": 413.99}]}
{"t": 1776976588.667841, "events": [{"op": "set", "side": "bid", "price": 0.42, "size": 1064.99}]}
{"t": 1776976590.681835, "events": [{"op": "set", "side": "bid", "price": 0.41, "size": 23.0}]}
{"t": 1776976595.7320058, "events": [{"op": "set", "side": "ask", "price": 0.27, "size": 289.47}]}
{"t": 1776976596.7381172, "events": [{"op": "set", "side": "ask", "price": 0.27, "size": 84.00000000000003}]}
{"t": 1776976605.780865, "events": [{"op": "set", "side": "bid", "price": 0.42, "size": 413.99}]}
{"t": 1776976606.794375, "events": [{"op": "set", "side": "bid", "price": 0.42, "size": 1064.99}]}
{"t": 1776976610.818959, "events": [{"op": "set", "side": "ask", "price": 0.27, "size": 289.47}]}
{"t": 1776976616.860393, "events": [{"op": "set", "side": "ask", "price": 0.27, "size": 84.00000000000003}]}
{"t": 1776976619.87493, "events": [{"op": "delete", "side": "bid", "price": 0.41}, {"op": "delete", "side": "ask", "price": 0.51}]}
{"t": 1776976620.890514, "events": [{"op": "set", "side": "bid", "price": 0.41, "size": 23.0}, {"op": "set", "side": "ask", "price": 0.51, "size": 42.0}]}
{"t": 1776976622.908661, "events": [{"op": "set", "side": "ask", "price": 0.57, "size": 3443.75}]}
{"t": 1776976623.9121861, "events": [{"op": "set", "side": "bid", "price": 0.42, "size": 413.99}]}
{"t": 1776976624.9222841, "events": [{"op": "set", "side": "bid", "price": 0.42, "size": 1064.99}]}
{"t": 1776976625.935311, "events": [{"op": "set", "side": "bid", "price": 0.41, "size": 24.0}]}
{"t": 1776976627.946018, "events": [{"op": "set", "side": "bid", "price": 0.42, "size": 64.99000000000001}, {"op": "set", "side": "bid", "price": 0.33, "size": 10.0}, {"op": "set", "side": "ask", "price": 0.57, "size": 2443.75}]}
{"t": 1776976629.966581, "events": [{"op": "delete", "side": "bid", "price": 0.41}, {"op": "delete", "side": "ask", "price": 0.51}]}
{"t": 1776976630.9735959, "events": [{"op": "set", "side": "bid", "price": 0.41, "size": 23.0}, {"op": "set", "side": "ask", "price": 0.51, "size": 42.0}]}
{"t": 1776976632.999614, "events": [{"op": "set", "side": "bid", "price": 0.42, "size": 993.99}, {"op": "set", "side": "bid", "price": 0.4, "size": 2027.31}, {"op": "set", "side": "ask", "price": 0.57, "size": 3443.75}]}
{"t": 1776976636.012798, "events": [{"op": "set", "side": "bid", "price": 0.42, "size": 514.99}, {"op": "set", "side": "bid", "price": 0.4, "size": 1911.31}, {"op": "set", "side": "bid", "price": 0.41, "size": 24.0}]}
{"t": 1776976637.021386, "events": [{"op": "set", "side": "bid", "price": 0.42, "size": 948.99}, {"op": "set", "side": "bid", "price": 0.41, "size": 140.0}]}
{"t": 1776976640.0406752, "events": [{"op": "set", "side": "bid", "price": 0.41, "size": 116.0}, {"op": "delete", "side": "ask", "price": 0.23}, {"op": "delete", "side": "ask", "price": 0.51}]}
{"t": 1776976641.045354, "events": [{"op": "set", "side": "bid", "price": 0.41, "size": 140.0}, {"op": "set", "side": "bid", "price": 0.33, "size": 14.280000000000001}, {"op": "set", "side": "ask", "price": 0.51, "size": 42.0}, {"op": "set", "side": "ask", "price": 0.01, "size": 201.0}]}
{"t": 1776976648.087174, "events": [{"op": "set", "side": "bid", "price": 0.42, "size": 514.99}]}
{"t": 1776976649.094667, "events": [{"op": "set", "side": "bid", "price": 0.42, "size": 948.99}]}
{"t": 1776976650.106755, "events": [{"op": "set", "side": "bid", "price": 0.42, "size": 514.99}, {"op": "set", "side": "bid", "price": 0.41, "size": 116.0}, {"op": "delete", "side": "ask", "price": 0.51}]}
{"t": 1776976651.118593, "events": [{"op": "set", "side": "bid", "price": 0.42, "size": 948.99}, {"op": "set", "side": "bid", "price": 0.41, "size": 139.0}, {"op": "set", "side": "ask", "price": 0.51, "size": 42.0}]}
{"t": 1776976653.130749, "events": [{"op": "set", "side": "bid", "price": 0.42, "size": 514.99}]}
{"t": 1776976654.136329, "events": [{"op": "set", "side": "bid", "price": 0.42, "size": 948.99}]}
{"t": 1776976655.139762, "events": [{"op": "set", "side": "bid", "price": 0.41, "size": 116.0}, {"op": "delete", "side": "ask", "price": 0.51}]}
{"t": 1776976656.145735, "events": [{"op": "set", "side": "bid", "price": 0.41, "size": 139.0}, {"op": "set", "side": "ask", "price": 0.51, "size": 42.0}]}
{"t": 1776976661.1799512, "events": [{"op": "set", "side": "bid", "price": 0.41, "size": 116.0}, {"op": "delete", "side": "ask", "price": 0.51}]}
{"t": 1776976662.1883461, "events": [{"op": "set", "side": "bid", "price": 0.41, "size": 139.0}, {"op": "set", "side": "ask", "price": 0.51, "size": 42.0}]}
{"t": 1776976665.228876, "events": [{"op": "set", "side": "bid", "price": 0.41, "size": 116.0}, {"op": "delete", "side": "ask", "price": 0.51}]}
{"t": 1776976666.242671, "events": [{"op": "set", "side": "bid", "price": 0.41, "size": 139.0}, {"op": "set", "side": "ask", "price": 0.51, "size": 42.0}]}
{"t": 1776976670.27538, "events": [{"op": "set", "side": "bid", "price": 0.41, "size": 116.0}, {"op": "delete", "side": "ask", "price": 0.51}]}
{"t": 1776976671.281625, "events": [{"op": "set", "side": "bid", "price": 0.41, "size": 139.0}, {"op": "set", "side": "ask", "price": 0.51, "size": 42.0}]}
{"t": 1776976675.3047261, "events": [{"op": "set", "side": "bid", "price": 0.41, "size": 116.0}, {"op": "delete", "side": "ask", "price": 0.51}]}
{"t": 1776976676.313505, "events": [{"op": "set", "side": "bid", "price": 0.41, "size": 139.0}, {"op": "set", "side": "ask", "price": 0.51, "size": 42.0}]}
{"t": 1776976680.334271, "events": [{"op": "set", "side": "bid", "price": 0.41, "size": 116.0}, {"op": "set", "side": "ask", "price": 0.27, "size": 289.47}, {"op": "delete", "side": "ask", "price": 0.51}]}
{"t": 1776976681.3585122, "events": [{"op": "set", "side": "bid", "price": 0.41, "size": 139.0}, {"op": "set", "side": "ask", "price": 0.51, "size": 42.0}]}
{"t": 1776976685.3721159, "events": [{"op": "set", "side": "ask", "price": 0.27, "size": 84.00000000000003}]}
{"t": 1776976688.379301, "events": [{"op": "set", "side": "bid", "price": 0.42, "size": 514.99}]}
{"t": 1776976689.3868952, "events": [{"op": "set", "side": "bid", "price": 0.42, "size": 948.99}]}
{"t": 1776976690.397115, "events": [{"op": "set", "side": "bid", "price": 0.41, "size": 116.0}, {"op": "delete", "side": "ask", "price": 0.51}]}
{"t": 1776976691.417778, "events": [{"op": "set", "side": "bid", "price": 0.41, "size": 139.0}, {"op": "set", "side": "ask", "price": 0.51, "size": 42.0}]}
{"t": 1776976694.6291242, "events": [{"op": "set", "side": "bid", "price": 0.42, "size": 64.99000000000001}, {"op": "set", "side": "bid", "price": 0.41, "size": 23.0}, {"op": "set", "side": "bid", "price": 0.33, "size": 10.0}, {"op": "set", "side": "ask", "price": 0.57, "size": 2443.75}]}
{"t": 1776976695.801642, "events": [{"op": "set", "side": "bid", "price": 0.41, "size": 22.0}, {"op": "delete", "side": "ask", "price": 0.51}]}
{"t": 1776976696.810546, "events": [{"op": "set", "side": "ask", "price": 0.51, "size": 42.0}]}
{"t": 1776976698.8431628, "events": [{"op": "set", "side": "bid", "price": 0.42, "size": 477.99}, {"op": "set", "side": "bid", "price": 0.4, "size": 1969.31}, {"op": "set", "side": "bid", "price": 0.41, "size": 247.0}, {"op": "set", "side": "bid", "price": 0.33, "size": 60.0}, {"op": "set", "side": "ask", "price": 0.57, "size": 3443.75}]}
{"t": 1776976699.857614, "events": [{"op": "set", "side": "bid", "price": 0.42, "size": 843.99}, {"op": "set", "side": "ask", "price": 0.57, "size": 3399.03}]}
{"t": 1776976702.870096, "events": [{"op": "delete", "side": "bid", "price": 0.41}, {"op": "delete", "side": "ask", "price": 0.51}]}
{"t": 1776976703.879584, "events": [{"op": "set", "side": "bid", "price": 0.42, "size": 506.99}, {"op": "set", "side": "bid", "price": 0.4, "size": 2136.31}, {"op": "set", "side": "bid", "price": 0.37, "size": 63.0}, {"op": "set", "side": "bid", "price": 0.41, "size": 24.0}, {"op": "set", "side": "ask", "price": 0.51, "size": 42.0}]}
{"t": 1776976704.894332, "events": [{"op": "set", "side": "bid", "price": 0.42, "size": 926.99}]}
{"t": 1776976705.8967402, "events": [{"op": "set", "side": "ask", "price": 0.27, "size": 289.47}, {"op": "set", "side": "ask", "price": 0.48, "size": 50.0}]}
{"t": 1776976706.91446, "events": [{"op": "set", "side": "ask", "price": 0.27, "size": 84.00000000000003}]}
{"t": 1776976709.929922, "events": [{"op": "delete", "side": "bid", "price": 0.41}]}
{"t": 1776976710.941517, "events": [{"op": "set", "side": "bid", "price": 0.41, "size": 24.0}]}
{"t": 1776976714.967621, "events": [{"op": "delete", "side": "bid", "price": 0.41}]}
{"t": 1776976715.9786172, "events": [{"op": "set", "side": "bid", "price": 0.41, "size": 24.0}]}
{"t": 1776976720.0040588, "events": [{"op": "set", "side": "bid", "price": 0.42, "size": 477.99}, {"op": "set", "side": "bid", "price": 0.4, "size": 1969.31}, {"op": "set", "side": "bid", "price": 0.37, "size": 5.0}, {"op": "set", "side": "ask", "price": 0.57, "size": 3177.03}]}
{"t": 1776976721.023626, "events": [{"op": "set", "side": "bid", "price": 0.42, "size": 802.99}, {"op": "set", "side": "bid", "price": 0.41, "size": 248.0}, {"op": "delete", "side": "ask", "price": 0.48}, {"op": "set", "side": "ask", "price": 0.49, "size": 369.4200000000001}, {"op": "set", "side": "ask", "price": 0.5, "size": 915.0}, {"op": "set", "side": "ask", "price": 0.57, "size": 2526.03}]}
{"t": 1776976725.0786262, "events": [{"op": "set", "side": "bid", "price": 0.41, "size": 225.0}, {"op": "set", "side": "ask", "price": 0.51, "size": 50.0}]}
{"t": 1776976727.112159, "events": [{"op": "set", "side": "bid", "price": 0.41, "size": 249.0}, {"op": "set", "side": "ask", "price": 0.52, "size": 41.0}]}
{"t": 1776976729.136172, "events": [{"op": "set", "side": "bid", "price": 0.42, "size": 448.99}, {"op": "set", "side": "bid", "price": 0.4, "size": 1911.31}, {"op": "set", "side": "bid", "price": 0.41, "size": 140.0}, {"op": "set", "side": "ask", "price": 0.49, "size": 101.42000000000007}, {"op": "set", "side": "ask", "price": 0.5, "size": 180.0}, {"op": "delete", "side": "ask", "price": 0.51}, {"op": "set", "side": "ask", "price": 0.57, "size": 2511.03}]}
{"t": 1776976730.1580229, "events": [{"op": "set", "side": "bid", "price": 0.42, "size": 1427.99}, {"op": "set", "side": "ask", "price": 0.49, "size": 51.42000000000007}, {"op": "set", "side": "ask", "price": 0.52, "size": 998.0}]}
{"t": 1776976732.18078, "events": [{"op": "set", "side": "bid", "price": 0.41, "size": 116.0}, {"op": "set", "side": "ask", "price": 0.52, "size": 957.0}]}
{"t": 1776976736.203402, "events": [{"op": "set", "side": "bid", "price": 0.41, "size": 140.0}, {"op": "set", "side": "ask", "price": 0.53, "size": 40.000000000000085}]}
{"t": 1776976738.2212422, "events": [{"op": "set", "side": "bid", "price": 0.42, "size": 413.99}, {"op": "set", "side": "bid", "price": 0.41, "size": 24.0}, {"op": "delete", "side": "ask", "price": 0.52}, {"op": "set", "side": "ask", "price": 0.57, "size": 2410.03}, {"op": "set", "side": "ask", "price": 0.53, "size": 755.6600000000001}]}
{"t": 1776976739.229032, "events": [{"op": "set", "side": "bid", "price": 0.42, "size": 1064.99}, {"op": "set", "side": "ask", "price": 0.5, "size": 524.0}]}
{"t": 1776976740.2347279, "events": [{"op": "set", "side": "bid", "price": 0.42, "size": 413.99}, {"op": "set", "side": "ask", "price": 0.57, "size": 2177.03}]}
{"t": 1776976741.2510169, "events": [{"op": "set", "side": "bid", "price": 0.42, "size": 1064.99}, {"op": "set", "side": "ask", "price": 0.5, "size": 797.0}, {"op": "set", "side": "ask", "price": 0.53, "size": 1043.66}, {"op": "set", "side": "ask", "price": 0.57, "size": 2526.03}]}
{"t": 1776976746.492167, "events": [{"op": "delete", "side": "bid", "price": 0.41}, {"op": "set", "side": "ask", "price": 0.53, "size": 1003.6600000000001}]}
{"t": 1776976751.5377312, "events": [{"op": "set", "side": "ask", "price": 0.54, "size": 39.0}, {"op": "set", "side": "ask", "price": 0.48, "size": 50.0}]}
{"t": 1776976752.540415, "events": [{"op": "set", "side": "bid", "price": 0.42, "size": 413.99}, {"op": "set", "side": "bid", "price": 0.41, "size": 23.0}, {"op": "set", "side": "ask", "price": 0.5, "size": 947.0}, {"op": "set", "side": "ask", "price": 0.57, "size": 2177.03}, {"op": "set", "side": "ask", "price": 0.53, "size": 1072.66}]}
{"t": 1776976753.55836, "events": [{"op": "set", "side": "bid", "price": 0.42, "size": 1064.99}, {"op": "set", "side": "ask", "price": 0.57, "size": 2526.03}]}
{"t": 1776976755.570341, "events": [{"op": "delete", "side": "bid", "price": 0.41}, {"op": "delete", "side": "ask", "price": 0.54}]}
{"t": 1776976756.580106, "events": [{"op": "set", "side": "bid", "price": 0.41, "size": 24.0}, {"op": "set", "side": "ask", "price": 0.54, "size": 39.0}]}
{"t": 1776976760.616456, "events": [{"op": "delete", "side": "ask", "price": 0.25}, {"op": "set", "side": "ask", "price": 0.5, "size": 180.0}, {"op": "set", "side": "ask", "price": 0.54, "size": 601.0}, {"op": "set", "side": "ask", "price": 0.55, "size": 37.0}, {"op": "set", "side": "ask", "price": 0.57, "size": 2410.03}, {"op": "set", "side": "ask", "price": 0.04, "size": 47.0}, {"op": "set", "side": "ask", "price": 0.53, "size": 833.6600000000001}]}
{"t": 1776976765.655814, "events": [{"op": "delete", "side": "bid", "price": 0.41}, {"op": "delete", "side": "ask", "price": 0.55}]}
{"t": 1776976766.6620412, "events": [{"op": "set", "side": "bid", "price": 0.41, "size": 23.0}, {"op": "set", "side": "ask", "price": 0.55, "size": 37.0}]}
{"t": 1776976769.6871839, "events": [{"op": "set", "side": "bid", "price": 0.42, "size": 413.99}, {"op": "delete", "side": "ask", "price": 0.54}]}
{"t": 1776976770.703775, "events": [{"op": "set", "side": "bid", "price": 0.42, "size": 1064.99}, {"op": "delete", "side": "bid", "price": 0.41}, {"op": "delete", "side": "ask", "price": 0.48}, {"op": "set", "side": "ask", "price": 0.5, "size": 901.0}, {"op": "set", "side": "ask", "price": 0.53, "size": 732.6600000000001}, {"op": "delete", "side": "ask", "price": 0.55}, {"op": "set", "side": "ask", "price": 0.57, "size": 2352.03}]}
{"t": 1776976771.725236, "events": [{"op": "set", "side": "bid", "price": 0.03, "size": 67.0}, {"op": "set", "side": "bid", "price": 0.41, "size": 23.0}, {"op": "set", "side": "ask", "price": 0.54, "size": 39.0}]}
{"t": 1776976772.744343, "events": [{"op": "set", "side": "bid", "price": 0.42, "size": 413.99}, {"op": "set", "side": "ask", "price": 0.5, "size": 180.0}, {"op": "set", "side": "ask", "price": 0.53, "size": 715.6600000000001}]}
{"t": 1776976773.7583098, "events": [{"op": "set", "side": "bid", "price": 0.42, "size": 1064.99}, {"op": "set", "side": "ask", "price": 0.53, "size": 833.6600000000001}, {"op": "set", "side": "ask", "price": 0.54, "size": 641.0}, {"op": "set", "side": "ask", "price": 0.57, "size": 2410.03}]}
{"t": 1776976774.777013, "events": [{"op": "set", "side": "bid", "price": 0.34, "size": 30.0}]}
{"t": 1776976775.7824068, "events": [{"op": "set", "side": "ask", "price": 0.54, "size": 602.0}, {"op": "set", "side": "ask", "price": 0.55, "size": 37.0}]}
{"t": 1776976780.8084228, "events": [{"op": "delete", "side": "bid", "price": 0.41}, {"op": "delete", "side": "ask", "price": 0.55}]}
{"t": 1776976781.81758, "events": [{"op": "set", "side": "bid", "price": 0.41, "size": 23.0}, {"op": "set", "side": "ask", "price": 0.55, "size": 37.0}]}
{"t": 1776976785.8373, "events": [{"op": "delete", "side": "bid", "price": 0.41}, {"op": "delete", "side": "ask", "price": 0.55}]}
{"t": 1776976786.846972, "events": [{"op": "set", "side": "bid", "price": 0.41, "size": 23.0}, {"op": "set", "side": "ask", "price": 0.55, "size": 37.0}, {"op": "set", "side": "ask", "price": 0.57, "size": 2310.03}]}
{"t": 1776976789.882459, "events": [{"op": "set", "side": "bid", "price": 0.42, "size": 413.99}, {"op": "set", "side": "ask", "price": 0.53, "size": 732.6600000000001}, {"op": "delete", "side": "ask", "price": 0.54}, {"op": "set", "side": "ask", "price": 0.25, "size": 40.0}, {"op": "set", "side": "ask", "price": 0.57, "size": 2252.03}, {"op": "delete", "side": "ask", "price": 0.04}]}
{"t": 1776976790.891396, "events": [{"op": "set", "side": "bid", "price": 0.42, "size": 1064.99}, {"op": "delete", "side": "bid", "price": 0.41}, {"op": "set", "side": "ask", "price": 0.5, "size": 901.0}, {"op": "delete", "side": "ask", "price": 0.55}]}
{"t": 1776976791.9012082, "events": [{"op": "set", "side": "bid", "price": 0.41, "size": 23.0}, {"op": "set", "side": "ask", "price": 0.54, "size": 39.0}]}
{"t": 1776976792.913603, "events": [{"op": "set", "side": "bid", "price": 0.42, "size": 413.99}, {"op": "set", "side": "ask", "price": 0.5, "size": 180.0}, {"op": "set", "side": "ask", "price": 0.53, "size": 715.6600000000001}]}
{"t": 1776976793.92892, "events": [{"op": "set", "side": "bid", "price": 0.42, "size": 1064.99}, {"op": "set", "side": "ask", "price": 0.53, "size": 833.6600000000001}, {"op": "set", "side": "ask", "price": 0.54, "size": 640.0}, {"op": "set", "side": "ask", "price": 0.57, "size": 2310.03}]}
{"t": 1776976795.9431622, "events": [{"op": "set", "side": "ask", "price": 0.54, "size": 601.0}, {"op": "set", "side": "ask", "price": 0.55, "size": 37.0}]}
{"t": 1776976798.966105, "events": [{"op": "set", "side": "bid", "price": 0.42, "size": 64.99000000000001}, {"op": "set", "side": "bid", "price": 0.33, "size": 10.0}, {"op": "set", "side": "ask", "price": 0.53, "size": 188.66000000000008}, {"op": "delete", "side": "ask", "price": 0.54}, {"op": "set", "side": "ask", "price": 0.57, "size": 2077.03}]}
{"t": 1776976802.004491, "events": [{"op": "set", "side": "bid", "price": 0.41, "size": 22.0}, {"op": "set", "side": "ask", "price": 0.54, "size": 39.0}, {"op": "delete", "side": "ask", "price": 0.55}]}
{"t": 1776976803.02252, "events": [{"op": "set", "side": "bid", "price": 0.42, "size": 477.99}, {"op": "set", "side": "bid", "price": 0.4, "size": 1969.31}, {"op": "set", "side": "bid", "price": 0.41, "size": 247.0}, {"op": "set", "side": "ask", "price": 0.5, "size": 838.0}, {"op": "set", "side": "ask", "price": 0.53, "size": 825.0000000000001}, {"op": "set", "side": "ask", "price": 0.48, "size": 50.0}, {"op": "set", "side": "ask", "price": 0.57, "size": 2426.03}]}
{"t": 1776976804.039381, "events": [{"op": "set", "side": "bid", "price": 0.42, "size": 842.99}, {"op": "set", "side": "ask", "price": 0.01, "size": 1.0}, {"op": "set", "side": "ask", "price": 0.04, "size": 50.0}]}
{"t": 1776976806.063827, "events": [{"op": "set", "side": "bid", "price": 0.42, "size": 499.99}, {"op": "set", "side": "bid", "price": 0.4, "size": 1911.31}, {"op": "set", "side": "bid", "price": 0.41, "size": 116.0}, {"op": "set", "side": "ask", "price": 0.5, "size": 689.0}, {"op": "delete", "side": "ask", "price": 0.54}, {"op": "set", "side": "ask", "price": 0.57, "size": 2310.03}, {"op": "set", "side": "ask", "price": 0.53, "size": 1.1368683772161603e-13}]}
{"t": 1776976807.082735, "events": [{"op": "set", "side": "bid", "price": 0.41, "size": 139.0}, {"op": "set", "side": "ask", "price": 0.51, "size": 42.0}]}
{"t": 1776976809.098349, "events": [{"op": "set", "side": "ask", "price": 0.54, "size": 568.0}]}
{"t": 1776976810.112881, "events": [{"op": "set", "side": "bid", "price": 0.42, "size": 1573.99}]}
{"t": 1776976811.119054, "events": [{"op": "set", "side": "bid", "price": 0.41, "size": 116.0}, {"op": "delete", "side": "ask", "price": 0.51}]}
{"t": 1776976812.1601799, "events": [{"op": "set", "side": "bid", "price": 0.42, "size": 413.99}, {"op": "set", "side": "bid", "price": 0.41, "size": 24.0}, {"op": "set", "side": "bid", "price": 0.33, "size": 60.0}, {"op": "set", "side": "ask", "price": 0.5, "size": 618.0}, {"op": "delete", "side": "ask", "price": 0.54}, {"op": "set", "side": "ask", "price": 0.55, "size": 36.0}, {"op": "set", "side": "ask", "price": 0.57, "size": 2252.03}]}
{"t": 1776976814.181136, "events": [{"op": "set", "side": "bid", "price": 0.42, "size": 1064.99}, {"op": "set", "side": "ask", "price": 0.49, "size": 469.4200000000001}]}
{"t": 1776976816.192041, "events": [{"op": "set", "side": "bid", "price": 0.42, "size": 413.99}, {"op": "set", "side": "ask", "price": 0.49, "size": 51.42000000000007}, {"op": "set", "side": "ask", "price": 0.57, "size": 2077.03}]}
{"t": 1776976817.207639, "events": [{"op": "set", "side": "bid", "price": 0.42, "size": 1064.99}, {"op": "delete", "side": "bid", "price": 0.41}, {"op": "set", "side": "ask", "price": 0.5, "size": 775.0}, {"op": "set", "side": "ask", "price": 0.55, "size": 808.0}, {"op": "set", "side": "ask", "price": 0.57, "size": 2426.03}]}
{"t": 1776976818.228111, "events": [{"op": "set", "side": "bid", "price": 0.41, "size": 23.0}, {"op": "set", "side": "ask", "price": 0.51, "size": 42.0}]}
{"t": 1776976820.246989, "events": [{"op": "set", "side": "bid", "price": 0.42, "size": 413.99}, {"op": "delete", "side": "ask", "price": 0.55}]}
{"t": 1776976821.2622788, "events": [{"op": "set", "side": "bid", "price": 0.42, "size": 1064.99}, {"op": "set", "side": "ask", "price": 0.5, "size": 762.0}, {"op": "set", "side": "ask", "price": 0.51, "size": 746.06}, {"op": "set", "side": "ask", "price": 0.52, "size": 41.0}, {"op": "set", "side": "ask", "price": 0.57, "size": 2288.03}]}
{"t": 1776976823.281095, "events": [{"op": "set", "side": "bid", "price": 0.42, "size": 64.99000000000001}, {"op": "set", "side": "bid", "price": 0.33, "size": 10.0}, {"op": "set", "side": "ask", "price": 0.5, "size": 180.0}, {"op": "set", "side": "ask", "price": 0.51, "size": 196.06}, {"op": "set", "side": "ask", "price": 0.52, "size": 591.0}, {"op": "set", "side": "ask", "price": 0.57, "size": 2055.03}]}
{"t": 1776976824.2959201, "events": [{"op": "set", "side": "bid", "price": 0.42, "size": 715.99}]}
{"t": 1776976825.307746, "events": [{"op": "set", "side": "bid", "price": 0.33, "size": 60.0}, {"op": "delete", "side": "ask", "price": 0.51}, {"op": "set", "side": "ask", "price": 0.52, "size": 41.0}, {"op": "set", "side": "ask", "price": 0.53, "size": 188.6600000000001}]}
{"t": 1776976826.322222, "events": [{"op": "set", "side": "bid", "price": 0.42, "size": 462.99}, {"op": "set", "side": "bid", "price": 0.4, "size": 1969.31}, {"op": "set", "side": "bid", "price": 0.35, "size": 429.34}, {"op": "set", "side": "bid", "price": 0.41, "size": 248.0}, {"op": "set", "side": "ask", "price": 0.5, "size": 742.0}, {"op": "set", "side": "ask", "price": 0.54, "size": 39.0}, {"op": "delete", "side": "ask", "price": 0.52}, {"op": "set", "side": "ask", "price": 0.57, "size": 2404.03}, {"op": "set", "side": "ask", "price": 0.53, "size": 988.6600000000001}]}
{"t": 1776976827.333923, "events": [{"op": "set", "side": "bid", "price": 0.42, "size": 801.99}, {"op": "set", "side": "bid", "price": 0.35, "size": 100.0}]}
{"t": 1776976829.35049, "events": [{"op": "set", "side": "bid", "price": 0.42, "size": 462.99}, {"op": "set", "side": "bid", "price": 0.4, "size": 1911.31}, {"op": "set", "side": "ask", "price": 0.5, "size": 180.0}]}
{"t": 1776976830.3663218, "events": [{"op": "set", "side": "bid", "price": 0.42, "size": 448.99}, {"op": "set", "side": "bid", "price": 0.41, "size": 139.0}, {"op": "set", "side": "ask", "price": 0.57, "size": 2288.03}, {"op": "set", "side": "ask", "price": 0.53, "size": 833.6600000000001}]}
{"t": 1776976831.380969, "events": [{"op": "set", "side": "ask", "price": 0.54, "size": 602.0}, {"op": "set", "side": "ask", "price": 0.55, "size": 38.0}]}
{"t": 1776976832.395662, "events": [{"op": "set", "side": "bid", "price": 0.42, "size": 1427.99}]}
{"t": 1776976834.404785, "events": [{"op": "set", "side": "bid", "price": 0.42, "size": 413.99}, {"op": "set", "side": "bid", "price": 0.41, "size": 23.0}, {"op": "delete", "side": "ask", "price": 0.54}, {"op": "set", "side": "ask", "price": 0.57, "size": 2055.03}]}
{"t": 1776976836.4244428, "events": [{"op": "delete", "side": "bid", "price": 0.41}, {"op": "set", "side": "bid", "price": 0.36, "size": 315.3}, {"op": "set", "side": "ask", "price": 0.48, "size": 66.0}, {"op": "set", "side": "ask", "price": 0.5, "size": 947.0}, {"op": "delete", "side": "ask", "price": 0.55}, {"op": "set", "side": "ask", "price": 0.53, "size": 1072.66}]}
{"t": 1776976837.434342, "events": [{"op": "set", "side": "bid", "price": 0.42, "size": 1064.99}, {"op": "delete", "side": "bid", "price": 0.36}, {"op": "set", "side": "bid", "price": 0.41, "size": 23.0}, {"op": "delete", "side": "ask", "price": 0.48}, {"op": "set", "side": "ask", "price": 0.54, "size": 39.0}, {"op": "set", "side": "ask", "price": 0.57, "size": 2404.03}]}
{"t": 1776976839.444206, "events": [{"op": "set", "side": "bid", "price": 0.42, "size": 413.99}, {"op": "delete", "side": "ask", "price": 0.25}, {"op": "set", "side": "ask", "price": 0.5, "size": 180.0}, {"op": "set", "side": "ask", "price": 0.53, "size": 833.6600000000001}, {"op": "set", "side": "ask", "price": 0.57, "size": 2288.03}, {"op": "set", "side": "ask", "price": 0.01, "size": 47.0}]}
{"t": 1776976840.4514198, "events": [{"op": "set", "side": "bid", "price": 0.42, "size": 1064.99}, {"op": "set", "side": "ask", "price": 0.54, "size": 641.0}]}
{"t": 1776976841.461482, "events": [{"op": "set", "side": "ask", "price": 0.54, "size": 602.0}, {"op": "set", "side": "ask", "price": 0.55, "size": 37.0}]}
{"t": 1776976842.471614, "events": [{"op": "set", "side": "ask", "price": 0.57, "size": 2243.3100000000004}]}
{"t": 1776976843.4774091, "events": [{"op": "set", "side": "bid", "price": 0.42, "size": 413.99}, {"op": "delete", "side": "ask", "price": 0.54}]}
