{"t": 1776975854.366905, "events": [{"op": "set", "side": "ask", "price": 0.13, "size": 69.0}]}
{"t": 1776975855.3857431, "events": [{"op": "delete", "side": "ask", "price": 0.12}, {"op": "set", "side": "ask", "price": 0.03, "size": 452.0}]}
{"t": 1776975856.396708, "events": [{"op": "set", "side": "ask", "price": 0.13, "size": 72.0}, {"op": "set", "side": "ask", "price": 0.14, "size": 38.0}]}
{"t": 1776975858.419916, "events": [{"op": "set", "side": "ask", "price": 0.13, "size": 40.0}, {"op": "set", "side": "ask", "price": 0.04, "size": 45.0}]}
{"t": 1776975859.432927, "events": [{"op": "delete", "side": "ask", "price": 0.13}, {"op": "set", "side": "ask", "price": 0.03, "size": 464.0}, {"op": "delete", "side": "ask", "price": 0.14}, {"op": "set", "side": "ask", "price": 0.05, "size": 44.0}, {"op": "set", "side": "ask", "price": 0.04, "size": 96.0}]}
{"t": 1776975860.4405582, "events": [{"op": "set", "side": "bid", "price": 0.86, "size": 1.0}]}
{"t": 1776975862.460769, "events": [{"op": "delete", "side": "bid", "price": 0.86}]}
{"t": 1776975863.466253, "events": [{"op": "set", "side": "ask", "price": 0.06, "size": 41.0}, {"op": "set", "side": "ask", "price": 0.04, "size": 51.0}]}
{"t": 1776975865.479498, "events": [{"op": "set", "side": "bid", "price": 0.84, "size": 1.0}]}
{"t": 1776975866.4869819, "events": [{"op": "delete", "side": "ask", "price": 0.05}, {"op": "set", "side": "ask", "price": 0.03, "size": 460.0}, {"op": "set", "side": "ask", "price": 0.06, "size": 90.0}, {"op": "set", "side": "ask", "price": 0.07, "size": 45.0}, {"op": "delete", "side": "ask", "price": 0.04}]}
{"t": 1776975867.501479, "events": [{"op": "delete", "side": "bid", "price": 0.84}]}
{"t": 1776975868.5054138, "events": [{"op": "set", "side": "ask", "price": 0.06, "size": 49.0}]}
{"t": 1776975869.519797, "events": [{"op": "set", "side": "bid", "price": 0.84, "size": 1.0}, {"op": "delete", "side": "ask", "price": 0.07}, {"op": "delete", "side": "ask", "price": 0.06}, {"op": "set", "side": "ask", "price": 0.03, "size": 459.0}, {"op": "set", "side": "ask", "price": 0.08, "size": 39.0}]}
{"t": 1776975870.536895, "events": [{"op": "set", "side": "ask", "price": 0.08, "size": 85.0}, {"op": "set", "side": "ask", "price": 0.09, "size": 43.0}]}
{"t": 1776975871.54954, "events": [{"op": "delete", "side": "bid", "price": 0.84}]}
{"t": 1776975873.562508, "events": [{"op": "set", "side": "bid", "price": 0.82, "size": 6.0}, {"op": "set", "side": "ask", "price": 0.08, "size": 46.0}, {"op": "set", "side": "ask", "price": 0.1, "size": 37.0}]}
{"t": 1776975878.59487, "events": [{"op": "set", "side": "bid", "price": 0.81, "size": 28.0}, {"op": "set", "side": "bid", "price": 0.8, "size": 402.18000000000006}, {"op": "delete", "side": "ask", "price": 0.09}, {"op": "delete", "side": "ask", "price": 0.08}, {"op": "set", "side": "ask", "price": 0.03, "size": 420.0}, {"op": "delete", "side": "ask", "price": 0.1}]}
{"t": 1776975881.629726, "events": [{"op": "set", "side": "bid", "price": 0.82, "size": 5.0}]}
{"t": 1776975882.637974, "events": [{"op": "set", "side": "bid", "price": 0.82, "size": 8.0}, {"op": "set", "side": "bid", "price": 0.81, "size": 1318.0}, {"op": "set", "side": "bid", "price": 0.8, "size": 1112.18}, {"op": "delete", "side": "bid", "price": 0.56}, {"op": "set", "side": "bid", "price": 0.4, "size": 65.0}, {"op": "set", "side": "ask", "price": 0.03, "size": 917.0}, {"op": "set", "side": "ask", "price": 0.05, "size": 42.0}, {"op": "set", "side": "ask", "price": 0.04, "size": 474.0}, {"op": "set", "side": "ask", "price": 0.02, "size": 2798.0}]}
{"t": 1776975884.672483, "events": [{"op": "delete", "side": "bid", "price": 0.52}, {"op": "set", "side": "bid", "price": 0.02, "size": 62.0}, {"op": "set", "side": "bid", "price": 0.85, "size": 1.0}]}
{"t": 1776975885.684871, "events": [{"op": "delete", "side": "bid", "price": 0.85}]}
{"t": 1776975888.692513, "events": [{"op": "set", "side": "bid", "price": 0.85, "size": 1.0}, {"op": "set", "side": "ask", "price": 0.06, "size": 49.0}]}
{"t": 1776975889.700941, "events": [{"op": "set", "side": "ask", "price": 0.05, "size": 115.0}, {"op": "set", "side": "ask", "price": 0.03, "size": 461.0}, {"op": "set", "side": "ask", "price": 0.06, "size": 256.0}, {"op": "set", "side": "ask", "price": 0.07, "size": 40.0}, {"op": "delete", "side": "ask", "price": 0.04}, {"op": "set", "side": "ask", "price": 0.02, "size": 2389.0}]}
{"t": 1776975890.720798, "events": [{"op": "delete", "side": "bid", "price": 0.85}]}
{"t": 1776975892.7351732, "events": [{"op": "set", "side": "bid", "price": 0.82, "size": 5.0}, {"op": "set", "side": "bid", "price": 0.83, "size": 1.0}]}
{"t": 1776975913.861079, "events": [{"op": "set", "side": "ask", "price": 0.06, "size": 89.0}, {"op": "delete", "side": "ask", "price": 0.05}, {"op": "set", "side": "ask", "price": 0.03, "size": 420.0}]}
{"t": 1776975914.8911412, "events": [{"op": "set", "side": "ask", "price": 0.07, "size": 77.0}, {"op": "set", "side": "ask", "price": 0.08, "size": 116.0}, {"op": "set", "side": "ask", "price": 0.09, "size": 38.0}]}
{"t": 1776975916.9452019, "events": [{"op": "delete", "side": "ask", "price": 0.07}, {"op": "set", "side": "ask", "price": 0.06, "size": 87.0}, {"op": "delete", "side": "ask", "price": 0.08}]}
{"t": 1776975917.960892, "events": [{"op": "set", "side": "ask", "price": 0.09, "size": 89.0}, {"op": "set", "side": "ask", "price": 0.1, "size": 55.0}]}
{"t": 1776975918.9692569, "events": [{"op": "set", "side": "ask", "price": 0.09, "size": 51.0}, {"op": "set", "side": "ask", "price": 0.11, "size": 35.0}]}
{"t": 1776975927.006464, "events": [{"op": "delete", "side": "bid", "price": 0.83}]}
{"t": 1776975940.061205, "events": [{"op": "set", "side": "bid", "price": 0.81, "size": 28.0}, {"op": "set", "side": "bid", "price": 0.8, "size": 402.18000000000006}, {"op": "delete", "side": "bid", "price": 0.4}, {"op": "delete", "side": "bid", "price": 0.02}, {"op": "set", "side": "bid", "price": 0.56, "size": 83.0}, {"op": "set", "side": "bid", "price": 0.52, "size": 38.0}, {"op": "delete", "side": "ask", "price": 0.09}, {"op": "set", "side": "ask", "price": 0.06, "size": 49.0}, {"op": "delete", "side": "ask", "price": 0.1}, {"op": "delete", "side": "ask", "price": 0.11}]}
{"t": 1776975941.0863051, "events": [{"op": "set", "side": "ask", "price": 0.07, "size": 40.0}]}
{"t": 1776975942.095907, "events": [{"op": "set", "side": "bid", "price": 0.81, "size": 1318.0}, {"op": "set", "side": "bid", "price": 0.8, "size": 1112.18}, {"op": "set", "side": "ask", "price": 0.07, "size": 262.0}, {"op": "set", "side": "ask", "price": 0.06, "size": 89.0}, {"op": "set", "side": "ask", "price": 0.08, "size": 474.0}]}
{"t": 1776975943.110956, "events": [{"op": "set", "side": "ask", "price": 0.07, "size": 222.0}, {"op": "set", "side": "ask", "price": 0.03, "size": 448.0}]}
{"t": 1776975944.1347961, "events": [{"op": "set", "side": "ask", "price": 0.09, "size": 39.0}]}
{"t": 1776975945.176098, "events": [{"op": "delete", "side": "ask", "price": 0.07}, {"op": "set", "side": "ask", "price": 0.06, "size": 88.0}, {"op": "delete", "side": "ask", "price": 0.08}]}
{"t": 1776975946.19179, "events": [{"op": "set", "side": "ask", "price": 0.1, "size": 23.0}]}
{"t": 1776975948.2322109, "events": [{"op": "set", "side": "ask", "price": 0.09, "size": 51.0}, {"op": "set", "side": "ask", "price": 0.1, "size": 79.0}]}
{"t": 1776975949.255933, "events": [{"op": "set", "side": "ask", "price": 0.11, "size": 35.0}]}
{"t": 1776975951.2976189, "events": [{"op": "set", "side": "bid", "price": 0.81, "size": 28.0}, {"op": "set", "side": "bid", "price": 0.8, "size": 402.18000000000006}, {"op": "delete", "side": "ask", "price": 0.09}, {"op": "set", "side": "ask", "price": 0.06, "size": 49.0}, {"op": "delete", "side": "ask", "price": 0.1}]}
{"t": 1776975952.314472, "events": [{"op": "set", "side": "ask", "price": 0.12, "size": 23.0}]}
{"t": 1776975953.32274, "events": [{"op": "set", "side": "bid", "price": 0.81, "size": 1318.0}, {"op": "set", "side": "bid", "price": 0.8, "size": 1112.18}, {"op": "delete", "side": "ask", "price": 0.11}, {"op": "delete", "side": "ask", "price": 0.06}, {"op": "set", "side": "ask", "price": 0.12, "size": 66.0}, {"op": "set", "side": "ask", "price": 0.13, "size": 303.0}, {"op": "set", "side": "ask", "price": 0.14, "size": 474.0}]}
{"t": 1776975955.341995, "events": [{"op": "set", "side": "ask", "price": 0.12, "size": 43.0}, {"op": "set", "side": "ask", "price": 0.14, "size": 497.0}]}
{"t": 1776975959.372451, "events": [{"op": "delete", "side": "ask", "price": 0.12}, {"op": "set", "side": "ask", "price": 0.13, "size": 272.0}, {"op": "set", "side": "ask", "price": 0.14, "size": 331.0}, {"op": "set", "side": "ask", "price": 0.15, "size": 265.0}]}
{"t": 1776975961.3887491, "events": [{"op": "set", "side": "ask", "price": 0.14, "size": 308.0}]}
{"t": 1776975963.398977, "events": [{"op": "set", "side": "ask", "price": 0.14, "size": 277.0}, {"op": "set", "side": "ask", "price": 0.15, "size": 288.0}]}
{"t": 1776975964.407889, "events": [{"op": "set", "side": "ask", "price": 0.15, "size": 318.0}]}
{"t": 1776975971.450849, "events": [{"op": "set", "side": "ask", "price": 0.13, "size": 172.0}, {"op": "delete", "side": "ask", "price": 0.14}, {"op": "set", "side": "ask", "price": 0.03, "size": 420.0}, {"op": "set", "side": "ask", "price": 0.15, "size": 205.0}, {"op": "set", "side": "ask", "price": 0.04, "size": 18.0}]}
{"t": 1776975972.4612129, "events": [{"op": "set", "side": "ask", "price": 0.14, "size": 31.0}]}
{"t": 1776975973.468818, "events": [{"op": "delete", "side": "ask", "price": 0.14}, {"op": "set", "side": "ask", "price": 0.16, "size": 214.0}]}
{"t": 1776975974.486274, "events": [{"op": "set", "side": "ask", "price": 0.14, "size": 36.0}]}
{"t": 1776975977.5051599, "events": [{"op": "delete", "side": "bid", "price": 0.56}, {"op": "set", "side": "bid", "price": 0.02, "size": 70.0}, {"op": "set", "side": "bid", "price": 0.4, "size": 28.0}, {"op": "set", "side": "ask", "price": 0.13, "size": 44.0}]}
{"t": 1776975978.524107, "events": [{"op": "set", "side": "ask", "price": 0.14, "size": 88.0}, {"op": "set", "side": "ask", "price": 0.15, "size": 117.0}, {"op": "set", "side": "ask", "price": 0.16, "size": 126.0}]}
{"t": 1776975979.530004, "events": [{"op": "set", "side": "ask", "price": 0.15, "size": 149.0}, {"op": "set", "side": "ask", "price": 0.16, "size": 149.0}]}
{"t": 1776975989.593303, "events": [{"op": "set", "side": "ask", "price": 0.13, "size": 106.0}, {"op": "delete", "side": "ask", "price": 0.14}, {"op": "set", "side": "ask", "price": 0.15, "size": 32.0}, {"op": "set", "side": "ask", "price": 0.16, "size": 102.0}, {"op": "set", "side": "ask", "price": 0.17, "size": 82.0}, {"op": "delete", "side": "ask", "price": 0.04}]}
{"t": 1776975991.6244469, "events": [{"op": "set", "side": "ask", "price": 0.16, "size": 79.0}, {"op": "set", "side": "ask", "price": 0.04, "size": 27.0}]}
{"t": 1776975993.639185, "events": [{"op": "delete", "side": "ask", "price": 0.15}]}
{"t": 1776975994.652439, "events": [{"op": "set", "side": "ask", "price": 0.14, "size": 36.0}]}
{"t": 1776976002.718677, "events": [{"op": "set", "side": "ask", "price": 0.13, "size": 80.0}, {"op": "set", "side": "ask", "price": 0.14, "size": 88.0}, {"op": "delete", "side": "ask", "price": 0.16}, {"op": "delete", "side": "ask", "price": 0.17}, {"op": "set", "side": "ask", "price": 0.15, "size": 64.0}]}
{"t": 1776976003.738184, "events": [{"op": "set", "side": "ask", "price": 0.14, "size": 82.0}]}
{"t": 1776976004.7654002, "events": [{"op": "set", "side": "ask", "price": 0.15, "size": 87.0}]}
{"t": 1776976005.821455, "events": [{"op": "set", "side": "ask", "price": 0.13, "size": 44.0}, {"op": "set", "side": "ask", "price": 0.14, "size": 62.0}, {"op": "set", "side": "ask", "price": 0.15, "size": 69.0}, {"op": "set", "side": "ask", "price": 0.16, "size": 56.0}]}
{"t": 1776976008.8495371, "events": [{"op": "set", "side": "ask", "price": 0.14, "size": 67.0}]}
{"t": 1776976009.860466, "events": [{"op": "set", "side": "ask", "price": 0.15, "size": 46.0}]}
{"t": 1776976010.867645, "events": [{"op": "set", "side": "ask", "price": 0.16, "size": 79.0}]}
{"t": 1776976011.8745532, "events": [{"op": "delete", "side": "ask", "price": 0.15}]}
{"t": 1776976012.8924701, "events": [{"op": "set", "side": "ask", "price": 0.14, "size": 62.0}, {"op": "set", "side": "ask", "price": 0.16, "size": 63.0}, {"op": "delete", "side": "ask", "price": 0.04}]}
{"t": 1776976013.8963861, "events": [{"op": "set", "side": "ask", "price": 0.14, "size": 27.0}, {"op": "set", "side": "ask", "price": 0.15, "size": 32.0}, {"op": "set", "side": "ask", "price": 0.17, "size": 48.0}]}
{"t": 1776976015.9212391, "events": [{"op": "set", "side": "ask", "price": 0.16, "size": 40.0}]}
{"t": 1776976016.9275122, "events": [{"op": "delete", "side": "ask", "price": 0.13}, {"op": "set", "side": "ask", "price": 0.04, "size": 25.0}]}
{"t": 1776976021.967751, "events": [{"op": "delete", "side": "ask", "price": 0.14}, {"op": "set", "side": "ask", "price": 0.15, "size": 249.0}, {"op": "set", "side": "ask", "price": 0.16, "size": 474.0}, {"op": "delete", "side": "ask", "price": 0.17}, {"op": "set", "side": "ask", "price": 0.04, "size": 57.0}]}
{"t": 1776976023.989538, "events": [{"op": "set", "side": "ask", "price": 0.15, "size": 217.0}, {"op": "set", "side": "ask", "price": 0.05, "size": 45.0}]}
{"t": 1776976027.025457, "events": [{"op": "set", "side": "ask", "price": 0.16, "size": 497.0}]}
{"t": 1776976028.033005, "events": [{"op": "delete", "side": "ask", "price": 0.05}]}
{"t": 1776976029.046649, "events": [{"op": "set", "side": "ask", "price": 0.05, "size": 45.0}]}
{"t": 1776976030.0649989, "events": [{"op": "delete", "side": "ask", "price": 0.15}, {"op": "set", "side": "ask", "price": 0.16, "size": 272.0}, {"op": "set", "side": "ask", "price": 0.04, "size": 25.0}]}
{"t": 1776976031.0763671, "events": [{"op": "set", "side": "ask", "price": 0.05, "size": 273.0}, {"op": "set", "side": "ask", "price": 0.17, "size": 197.0}]}
{"t": 1776976033.0979562, "events": [{"op": "set", "side": "ask", "price": 0.05, "size": 228.0}]}
{"t": 1776976034.1065989, "events": [{"op": "set", "side": "ask", "price": 0.06, "size": 45.0}]}
{"t": 1776976038.1259038, "events": [{"op": "delete", "side": "ask", "price": 0.06}, {"op": "set", "side": "ask", "price": 0.16, "size": 249.0}]}
{"t": 1776976039.130999, "events": [{"op": "delete", "side": "ask", "price": 0.16}, {"op": "delete", "side": "ask", "price": 0.17}, {"op": "set", "side": "ask", "price": 0.06, "size": 45.0}]}
{"t": 1776976040.136569, "events": [{"op": "set", "side": "ask", "price": 0.05, "size": 474.0}, {"op": "set", "side": "ask", "price": 0.03, "size": 446.0}, {"op": "set", "side": "ask", "price": 0.04, "size": 212.0}]}
{"t": 1776976041.146323, "events": [{"op": "delete", "side": "ask", "price": 0.05}, {"op": "delete", "side": "ask", "price": 0.04}]}
{"t": 1776976042.1519518, "events": [{"op": "set", "side": "ask", "price": 0.06, "size": 95.0}, {"op": "set", "side": "ask", "price": 0.03, "size": 464.0}, {"op": "set", "side": "ask", "price": 0.07, "size": 42.0}]}
{"t": 1776976043.1629992, "events": [{"op": "set", "side": "ask", "price": 0.06, "size": 50.0}]}
{"t": 1776976044.185159, "events": [{"op": "set", "side": "bid", "price": 0.81, "size": 28.0}, {"op": "set", "side": "bid", "price": 0.8, "size": 402.18000000000006}, {"op": "delete", "side": "ask", "price": 0.07}, {"op": "delete", "side": "ask", "price": 0.06}, {"op": "set", "side": "ask", "price": 0.03, "size": 420.0}, {"op": "set", "side": "ask", "price": 0.08, "size": 38.0}]}
{"t": 1776976047.209746, "events": [{"op": "set", "side": "bid", "price": 0.81, "size": 1318.0}, {"op": "set", "side": "bid", "price": 0.8, "size": 1112.18}, {"op": "delete", "side": "bid", "price": 0.02}, {"op": "set", "side": "bid", "price": 0.56, "size": 80.0}, {"op": "delete", "side": "bid", "price": 0.4}, {"op": "set", "side": "ask", "price": 0.08, "size": 260.0}, {"op": "set", "side": "ask", "price": 0.03, "size": 458.0}, {"op": "set", "side": "ask", "price": 0.09, "size": 497.0}]}
{"t": 1776976048.218187, "events": [{"op": "delete", "side": "bid", "price": 0.52}, {"op": "set", "side": "bid", "price": 0.02, "size": 56.0}, {"op": "set", "side": "ask", "price": 0.08, "size": 222.0}, {"op": "set", "side": "ask", "price": 0.03, "size": 484.0}]}
{"t": 1776976049.2295182, "events": [{"op": "set", "side": "ask", "price": 0.09, "size": 61.0}, {"op": "delete", "side": "ask", "price": 0.08}, {"op": "set", "side": "ask", "price": 0.03, "size": 446.0}, {"op": "set", "side": "ask", "price": 0.1, "size": 38.0}]}
{"t": 1776976050.238752, "events": [{"op": "set", "side": "ask", "price": 0.1, "size": 152.0}, {"op": "set", "side": "ask", "price": 0.11, "size": 210.0}]}
{"t": 1776976053.276522, "events": [{"op": "set", "side": "ask", "price": 0.1, "size": 114.0}, {"op": "set", "side": "ask", "price": 0.09, "size": 38.0}]}
{"t": 1776976054.2832232, "events": [{"op": "set", "side": "ask", "price": 0.12, "size": 58.0}]}
{"t": 1776976058.306615, "events": [{"op": "set", "side": "bid", "price": 0.81, "size": 28.0}, {"op": "set", "side": "bid", "price": 0.8, "size": 402.18000000000006}, {"op": "delete", "side": "ask", "price": 0.1}, {"op": "delete", "side": "ask", "price": 0.09}, {"op": "delete", "side": "ask", "price": 0.11}]}
{"t": 1776976062.354484, "events": [{"op": "set", "side": "bid", "price": 0.81, "size": 1318.0}, {"op": "set", "side": "bid", "price": 0.8, "size": 1112.18}, {"op": "set", "side": "ask", "price": 0.12, "size": 259.0}, {"op": "set", "side": "ask", "price": 0.03, "size": 503.0}, {"op": "set", "side": "ask", "price": 0.13, "size": 474.0}, {"op": "set", "side": "ask", "price": 0.14, "size": 30.0}]}
{"t": 1776976064.375992, "events": [{"op": "set", "side": "ask", "price": 0.12, "size": 236.0}, {"op": "set", "side": "ask", "price": 0.14, "size": 53.0}]}
{"t": 1776976065.3873029, "events": [{"op": "delete", "side": "ask", "price": 0.12}, {"op": "delete", "side": "ask", "price": 0.13}, {"op": "set", "side": "ask", "price": 0.03, "size": 473.0}, {"op": "set", "side": "ask", "price": 0.14, "size": 23.0}, {"op": "set", "side": "ask", "price": 0.04, "size": 44.0}]}
{"t": 1776976066.397533, "events": [{"op": "set", "side": "ask", "price": 0.14, "size": 86.0}, {"op": "set", "side": "ask", "price": 0.15, "size": 59.0}]}
{"t": 1776976067.41327, "events": [{"op": "set", "side": "ask", "price": 0.14, "size": 63.0}]}
{"t": 1776976068.419334, "events": [{"op": "set", "side": "ask", "price": 0.15, "size": 82.0}, {"op": "delete", "side": "ask", "price": 0.04}]}
{"t": 1776976069.436353, "events": [{"op": "set", "side": "ask", "price": 0.04, "size": 45.0}]}
{"t": 1776976074.460224, "events": [{"op": "delete", "side": "ask", "price": 0.14}, {"op": "set", "side": "ask", "price": 0.03, "size": 420.0}, {"op": "set", "side": "ask", "price": 0.15, "size": 68.0}]}
{"t": 1776976075.471221, "events": [{"op": "set", "side": "ask", "price": 0.16, "size": 56.0}, {"op": "set", "side": "ask", "price": 0.04, "size": 74.0}]}
{"t": 1776976077.482344, "events": [{"op": "set", "side": "ask", "price": 0.15, "size": 35.0}, {"op": "set", "side": "ask", "price": 0.16, "size": 46.0}, {"op": "set", "side": "ask", "price": 0.04, "size": 68.0}]}
{"t": 1776976078.494921, "events": [{"op": "set", "side": "ask", "price": 0.16, "size": 69.0}, {"op": "set", "side": "ask", "price": 0.05, "size": 45.0}, {"op": "set", "side": "ask", "price": 0.04, "size": 23.0}]}
{"t": 1776976079.5075068, "events": [{"op": "delete", "side": "bid", "price": 0.82}]}
{"t": 1776976083.531923, "events": [{"op": "delete", "side": "ask", "price": 0.05}]}
{"t": 1776976084.54107, "events": [{"op": "set", "side": "ask", "price": 0.05, "size": 45.0}]}
{"t": 1776976085.548361, "events": [{"op": "set", "side": "bid", "price": 0.81, "size": 28.0}, {"op": "set", "side": "bid", "price": 0.8, "size": 402.18000000000006}, {"op": "delete", "side": "ask", "price": 0.15}, {"op": "set", "side": "ask", "price": 0.16, "size": 23.0}, {"op": "delete", "side": "ask", "price": 0.04}]}
{"t": 1776976088.582797, "events": [{"op": "delete", "side": "bid", "price": 0.02}, {"op": "set", "side": "bid", "price": 0.52, "size": 53.0}, {"op": "delete", "side": "ask", "price": 0.05}, {"op": "set", "side": "ask", "price": 0.04, "size": 45.0}]}
{"t": 1776976089.58958, "events": [{"op": "set", "side": "bid", "price": 0.81, "size": 1318.0}, {"op": "set", "side": "bid", "price": 0.8, "size": 1112.18}, {"op": "delete", "side": "bid", "price": 0.56}, {"op": "set", "side": "bid", "price": 0.4, "size": 71.0}, {"op": "set", "side": "ask", "price": 0.16, "size": 234.0}, {"op": "set", "side": "ask", "price": 0.05, "size": 23.0}, {"op": "set", "side": "ask", "price": 0.17, "size": 474.0}, {"op": "set", "side": "ask", "price": 0.04, "size": 70.0}]}
{"t": 1776976091.599458, "events": [{"op": "delete", "side": "ask", "price": 0.05}]}
{"t": 1776976092.6074328, "events": [{"op": "set", "side": "ask", "price": 0.16, "size": 148.0}, {"op": "set", "side": "ask", "price": 0.17, "size": 122.0}, {"op": "set", "side": "ask", "price": 0.04, "size": 172.0}]}
{"t": 1776976093.6152132, "events": [{"op": "set", "side": "ask", "price": 0.05, "size": 45.0}, {"op": "set", "side": "ask", "price": 0.04, "size": 127.0}]}
{"t": 1776976094.628316, "events": [{"op": "set", "side": "ask", "price": 0.16, "size": 125.0}]}
{"t": 1776976095.6349592, "events": [{"op": "delete", "side": "ask", "price": 0.16}, {"op": "delete", "side": "ask", "price": 0.17}]}
{"t": 1776976096.652119, "events": [{"op": "set", "side": "ask", "price": 0.04, "size": 69.0}]}
{"t": 1776976097.657048, "events": [{"op": "set", "side": "ask", "price": 0.05, "size": 115.0}, {"op": "set", "side": "ask", "price": 0.06, "size": 92.0}]}
{"t": 1776976098.6700659, "events": [{"op": "set", "side": "ask", "price": 0.05, "size": 70.0}, {"op": "set", "side": "ask", "price": 0.07, "size": 67.0}]}
{"t": 1776976099.67869, "events": [{"op": "delete", "side": "ask", "price": 0.05}, {"op": "delete", "side": "ask", "price": 0.06}]}
{"t": 1776976100.698726, "events": [{"op": "set", "side": "ask", "price": 0.07, "size": 151.0}, {"op": "set", "side": "ask", "price": 0.08, "size": 85.0}, {"op": "set", "side": "ask", "price": 0.04, "size": 91.0}]}
{"t": 1776976103.7164748, "events": [{"op": "set", "side": "ask", "price": 0.07, "size": 111.0}, {"op": "set", "side": "ask", "price": 0.09, "size": 38.0}]}
{"t": 1776976104.730009, "events": [{"op": "set", "side": "ask", "price": 0.07, "size": 84.0}]}
{"t": 1776976105.735141, "events": [{"op": "set", "side": "ask", "price": 0.1, "size": 23.0}]}
{"t": 1776976113.775799, "events": [{"op": "delete", "side": "ask", "price": 0.07}, {"op": "delete", "side": "ask", "price": 0.08}, {"op": "set", "side": "ask", "price": 0.09, "size": 23.0}, {"op": "set", "side": "ask", "price": 0.1, "size": 62.0}, {"op": "set", "side": "ask", "price": 0.11, "size": 53.0}, {"op": "set", "side": "ask", "price": 0.04, "size": 43.0}]}
{"t": 1776976116.79982, "events": [{"op": "delete", "side": "ask", "price": 0.09}, {"op": "set", "side": "ask", "price": 0.1, "size": 55.0}, {"op": "set", "side": "ask", "price": 0.11, "size": 43.0}, {"op": "set", "side": "ask", "price": 0.04, "size": 63.0}]}
{"t": 1776976118.820491, "events": [{"op": "set", "side": "ask", "price": 0.04, "size": 20.0}]}
{"t": 1776976119.83535, "events": [{"op": "set", "side": "ask", "price": 0.12, "size": 30.0}]}
{"t": 1776976124.868124, "events": [{"op": "set", "side": "ask", "price": 0.1, "size": 32.0}]}
{"t": 1776976126.880416, "events": [{"op": "set", "side": "ask", "price": 0.12, "size": 53.0}]}
{"t": 1776976128.8931751, "events": [{"op": "delete", "side": "ask", "price": 0.1}, {"op": "set", "side": "ask", "price": 0.03, "size": 473.0}, {"op": "delete", "side": "ask", "price": 0.11}, {"op": "set", "side": "ask", "price": 0.12, "size": 255.0}, {"op": "set", "side": "ask", "price": 0.13, "size": 474.0}, {"op": "set", "side": "ask", "price": 0.04, "size": 44.0}]}
{"t": 1776976129.9012349, "events": [{"op": "delete", "side": "bid", "price": 0.52}, {"op": "set", "side": "bid", "price": 0.02, "size": 27.0}]}
{"t": 1776976130.9047801, "events": [{"op": "set", "side": "bid", "price": 0.52, "size": 33.0}, {"op": "set", "side": "ask", "price": 0.12, "size": 154.0}, {"op": "set", "side": "ask", "price": 0.03, "size": 420.0}, {"op": "set", "side": "ask", "price": 0.13, "size": 118.0}, {"op": "set", "side": "ask", "price": 0.04, "size": 181.0}]}
{"t": 1776976133.922157, "events": [{"op": "set", "side": "ask", "price": 0.13, "size": 152.0}, {"op": "set", "side": "ask", "price": 0.04, "size": 137.0}]}
{"t": 1776976135.934583, "events": [{"op": "set", "side": "bid", "price": 0.81, "size": 28.0}, {"op": "set", "side": "bid", "price": 0.8, "size": 402.18000000000006}, {"op": "set", "side": "ask", "price": 0.12, "size": 23.0}, {"op": "set", "side": "ask", "price": 0.13, "size": 34.0}, {"op": "set", "side": "ask", "price": 0.04, "size": 25.0}]}
{"t": 1776976137.96097, "events": [{"op": "delete", "side": "ask", "price": 0.13}]}
{"t": 1776976138.9725718, "events": [{"op": "delete", "side": "bid", "price": 0.4}, {"op": "set", "side": "bid", "price": 0.56, "size": 67.0}, {"op": "set", "side": "ask", "price": 0.05, "size": 43.0}]}
{"t": 1776976139.976351, "events": [{"op": "set", "side": "bid", "price": 0.81, "size": 1318.0}, {"op": "set", "side": "bid", "price": 0.8, "size": 1112.18}, {"op": "set", "side": "ask", "price": 0.05, "size": 66.0}, {"op": "set", "side": "ask", "price": 0.12, "size": 234.0}, {"op": "set", "side": "ask", "price": 0.13, "size": 474.0}]}
{"t": 1776976143.994279, "events": [{"op": "set", "side": "ask", "price": 0.05, "size": 23.0}, {"op": "set", "side": "ask", "price": 0.13, "size": 508.0}]}
{"t": 1776976145.000753, "events": [{"op": "set", "side": "bid", "price": 0.82, "size": 16.0}, {"op": "set", "side": "ask", "price": 0.14, "size": 74.0}]}
{"t": 1776976150.020832, "events": [{"op": "set", "side": "ask", "price": 0.12, "size": 211.0}]}
{"t": 1776976151.0279732, "events": [{"op": "set", "side": "ask", "price": 0.14, "size": 97.0}]}
{"t": 1776976152.035327, "events": [{"op": "set", "side": "bid", "price": 0.81, "size": 28.0}, {"op": "set", "side": "bid", "price": 0.8, "size": 402.18000000000006}, {"op": "delete", "side": "ask", "price": 0.05}, {"op": "delete", "side": "ask", "price": 0.12}, {"op": "set", "side": "ask", "price": 0.13, "size": 34.0}]}
{"t": 1776976154.063997, "events": [{"op": "set", "side": "bid", "price": 0.55, "size": 337.0}, {"op": "delete", "side": "bid", "price": 0.02}, {"op": "delete", "side": "ask", "price": 0.13}, {"op": "set", "side": "ask", "price": 0.04, "size": 45.0}]}
{"t": 1776976155.081144, "events": [{"op": "set", "side": "bid", "price": 0.81, "size": 1318.0}, {"op": "set", "side": "bid", "price": 0.8, "size": 1112.18}, {"op": "set", "side": "ask", "price": 0.14, "size": 361.0}, {"op": "set", "side": "ask", "price": 0.13, "size": 95.0}, {"op": "set", "side": "ask", "price": 0.15, "size": 474.0}]}
{"t": 1776976159.129062, "events": [{"op": "set", "side": "ask", "price": 0.14, "size": 395.0}, {"op": "delete", "side": "ask", "price": 0.04}]}
{"t": 1776976160.14115, "events": [{"op": "set", "side": "ask", "price": 0.14, "size": 372.0}]}
{"t": 1776976161.148304, "events": [{"op": "set", "side": "ask", "price": 0.15, "size": 497.0}]}
{"t": 1776976163.1601741, "events": [{"op": "set", "side": "ask", "price": 0.14, "size": 338.0}]}
{"t": 1776976164.1660988, "events": [{"op": "set", "side": "ask", "price": 0.14, "size": 372.0}]}
{"t": 1776976168.185441, "events": [{"op": "set", "side": "ask", "price": 0.14, "size": 338.0}]}
{"t": 1776976169.201382, "events": [{"op": "set", "side": "ask", "price": 0.14, "size": 372.0}]}
{"t": 1776976172.213068, "events": [{"op": "delete", "side": "bid", "price": 0.52}, {"op": "set", "side": "bid", "price": 0.02, "size": 34.0}, {"op": "delete", "side": "ask", "price": 0.13}, {"op": "set", "side": "ask", "price": 0.14, "size": 336.0}, {"op": "set", "side": "ask", "price": 0.15, "size": 306.0}, {"op": "set", "side": "ask", "price": 0.04, "size": 28.0}]}
{"t": 1776976173.230133, "events": [{"op": "set", "side": "ask", "price": 0.14, "size": 302.0}, {"op": "set", "side": "ask", "price": 0.16, "size": 278.0}]}
{"t": 1776976174.237823, "events": [{"op": "set", "side": "ask", "price": 0.15, "size": 336.0}]}
{"t": 1776976176.259373, "events": [{"op": "delete", "side": "bid", "price": 0.56}, {"op": "set", "side": "bid", "price": 0.4, "size": 64.0}, {"op": "set", "side": "ask", "price": 0.14, "size": 210.0}, {"op": "set", "side": "ask", "price": 0.15, "size": 244.0}, {"op": "set", "side": "ask", "price": 0.16, "size": 220.0}]}
{"t": 1776976177.2679732, "events": [{"op": "set", "side": "ask", "price": 0.15, "size": 221.0}]}
{"t": 1776976178.273995, "events": [{"op": "set", "side": "ask", "price": 0.15, "size": 191.0}]}
{"t": 1776976179.287406, "events": [{"op": "set", "side": "ask", "price": 0.15, "size": 222.0}]}
{"t": 1776976183.318472, "events": [{"op": "set", "side": "ask", "price": 0.15, "size": 191.0}]}
{"t": 1776976184.330831, "events": [{"op": "set", "side": "ask", "price": 0.15, "size": 222.0}]}
{"t": 1776976188.349905, "events": [{"op": "set", "side": "ask", "price": 0.15, "size": 191.0}]}
{"t": 1776976189.36215, "events": [{"op": "set", "side": "ask", "price": 0.15, "size": 222.0}]}
{"t": 1776976193.395335, "events": [{"op": "set", "side": "ask", "price": 0.15, "size": 191.0}]}
{"t": 1776976194.405488, "events": [{"op": "set", "side": "ask", "price": 0.15, "size": 222.0}]}
{"t": 1776976197.420757, "events": [{"op": "set", "side": "ask", "price": 0.14, "size": 166.0}, {"op": "set", "side": "ask", "price": 0.15, "size": 156.0}, {"op": "set", "side": "ask", "price": 0.16, "size": 138.0}]}
{"t": 1776976198.435571, "events": [{"op": "set", "side": "bid", "price": 0.55, "size": 300.0}, {"op": "set", "side": "bid", "price": 0.01, "size": 1035.0}, {"op": "set", "side": "ask", "price": 0.15, "size": 155.0}]}
{"t": 1776976203.4636748, "events": [{"op": "set", "side": "ask", "price": 0.15, "size": 125.0}]}
{"t": 1776976204.476952, "events": [{"op": "set", "side": "bid", "price": 0.81, "size": 28.0}, {"op": "set", "side": "bid", "price": 0.8, "size": 402.18000000000006}, {"op": "delete", "side": "bid", "price": 0.4}, {"op": "delete", "side": "bid", "price": 0.02}, {"op": "set", "side": "bid", "price": 0.56, "size": 76.0}, {"op": "set", "side": "bid", "price": 0.52, "size": 27.0}, {"op": "set", "side": "ask", "price": 0.14, "size": 74.0}, {"op": "set", "side": "ask", "price": 0.15, "size": 31.0}, {"op": "delete", "side": "ask", "price": 0.16}, {"op": "delete", "side": "ask", "price": 0.04}]}
{"t": 1776976207.508864, "events": [{"op": "set", "side": "bid", "price": 0.81, "size": 1318.0}, {"op": "set", "side": "bid", "price": 0.8, "size": 1112.18}, {"op": "set", "side": "ask", "price": 0.14, "size": 105.0}, {"op": "set", "side": "ask", "price": 0.15, "size": 247.0}, {"op": "set", "side": "ask", "price": 0.16, "size": 474.0}]}
{"t": 1776976208.525941, "events": [{"op": "set", "side": "ask", "price": 0.15, "size": 216.0}, {"op": "set", "side": "ask", "price": 0.04, "size": 29.0}]}
{"t": 1776976209.539958, "events": [{"op": "delete", "side": "bid", "price": 0.82}, {"op": "set", "side": "ask", "price": 0.14, "size": 31.0}, {"op": "set", "side": "ask", "price": 0.15, "size": 247.0}]}
{"t": 1776976211.5591419, "events": [{"op": "set", "side": "ask", "price": 0.16, "size": 497.0}]}
{"t": 1776976214.569775, "events": [{"op": "delete", "side": "ask", "price": 0.14}]}
{"t": 1776976215.5757089, "events": [{"op": "set", "side": "ask", "price": 0.15, "size": 259.0}, {"op": "set", "side": "ask", "price": 0.16, "size": 299.0}, {"op": "set", "side": "ask", "price": 0.17, "size": 261.0}]}
{"t": 1776976217.597552, "events": [{"op": "set", "side": "ask", "price": 0.15, "size": 247.0}]}
{"t": 1776976218.6080482, "events": [{"op": "set", "side": "ask", "price": 0.15, "size": 133.0}, {"op": "set", "side": "ask", "price": 0.16, "size": 201.0}, {"op": "set", "side": "ask", "price": 0.17, "size": 195.0}, {"op": "set", "side": "ask", "price": 0.05, "size": 45.0}]}
{"t": 1776976222.6332319, "events": [{"op": "set", "side": "bid", "price": 0.02, "size": 35.0}, {"op": "set", "side": "bid", "price": 0.01, "size": 1000.0}, {"op": "set", "side": "ask", "price": 0.05, "size": 131.0}, {"op": "delete", "side": "ask", "price": 0.15}, {"op": "set", "side": "ask", "price": 0.16, "size": 130.0}, {"op": "set", "side": "ask", "price": 0.17, "size": 107.0}]}
{"t": 1776976223.6436858, "events": [{"op": "set", "side": "ask", "price": 0.05, "size": 52.0}, {"op": "set", "side": "ask", "price": 0.16, "size": 74.0}, {"op": "set", "side": "ask", "price": 0.17, "size": 85.0}, {"op": "set", "side": "ask", "price": 0.06, "size": 44.0}]}
{"t": 1776976238.714187, "events": [{"op": "delete", "side": "ask", "price": 0.06}]}
{"t": 1776976239.7258828, "events": [{"op": "set", "side": "ask", "price": 0.06, "size": 44.0}]}
{"t": 1776976253.8076642, "events": [{"op": "delete", "side": "ask", "price": 0.06}]}
{"t": 1776976254.822479, "events": [{"op": "delete", "side": "ask", "price": 0.05}, {"op": "delete", "side": "ask", "price": 0.16}, {"op": "delete", "side": "ask", "price": 0.17}, {"op": "set", "side": "ask", "price": 0.06, "size": 44.0}]}
{"t": 1776976255.835129, "events": [{"op": "delete", "side": "bid", "price": 0.56}, {"op": "set", "side": "bid", "price": 0.4, "size": 65.0}, {"op": "set", "side": "ask", "price": 0.06, "size": 270.0}, {"op": "set", "side": "ask", "price": 0.07, "size": 474.0}, {"op": "set", "side": "ask", "price": 0.04, "size": 43.0}]}
{"t": 1776976258.864931, "events": [{"op": "set", "side": "ask", "price": 0.06, "size": 226.0}, {"op": "set", "side": "ask", "price": 0.08, "size": 64.0}, {"op": "set", "side": "ask", "price": 0.01, "size": 293.0}]}
{"t": 1776976259.875783, "events": [{"op": "delete", "side": "ask", "price": 0.06}, {"op": "delete", "side": "ask", "price": 0.07}, {"op": "delete", "side": "ask", "price": 0.04}]}
{"t": 1776976260.885631, "events": [{"op": "set", "side": "ask", "price": 0.08, "size": 304.0}, {"op": "set", "side": "ask", "price": 0.03, "size": 483.0}, {"op": "set", "side": "ask", "price": 0.09, "size": 474.0}]}
{"t": 1776976263.909769, "events": [{"op": "set", "side": "ask", "price": 0.08, "size": 265.0}, {"op": "set", "side": "ask", "price": 0.1, "size": 38.0}]}
{"t": 1776976272.989215, "events": [{"op": "set", "side": "ask", "price": 0.08, "size": 240.0}]}
{"t": 1776976273.996962, "events": [{"op": "set", "side": "bid", "price": 0.82, "size": 16.0}, {"op": "delete", "side": "ask", "price": 0.1}, {"op": "set", "side": "ask", "price": 0.11, "size": 74.0}]}
{"t": 1776976275.0072398, "events": [{"op": "set", "side": "ask", "price": 0.11, "size": 97.0}, {"op": "set", "side": "ask", "price": 0.12, "size": 32.0}]}
{"t": 1776976276.0147579, "events": [{"op": "delete", "side": "ask", "price": 0.09}, {"op": "delete", "side": "ask", "price": 0.08}, {"op": "set", "side": "ask", "price": 0.03, "size": 420.0}]}
{"t": 1776976277.039475, "events": [{"op": "set", "side": "ask", "price": 0.12, "size": 81.0}, {"op": "set", "side": "ask", "price": 0.11, "size": 129.0}, {"op": "set", "side": "ask", "price": 0.13, "size": 60.0}]}
{"t": 1776976279.0620182, "events": [{"op": "set", "side": "ask", "price": 0.12, "size": 49.0}, {"op": "set", "side": "ask", "price": 0.13, "size": 91.0}]}
{"t": 1776976280.070851, "events": [{"op": "delete", "side": "ask", "price": 0.12}, {"op": "set", "side": "ask", "price": 0.01, "size": 270.0}]}
{"t": 1776976281.087897, "events": [{"op": "set", "side": "ask", "price": 0.13, "size": 75.0}, {"op": "set", "side": "ask", "price": 0.11, "size": 104.0}, {"op": "set", "side": "ask", "price": 0.14, "size": 55.0}, {"op": "set", "side": "ask", "price": 0.04, "size": 23.0}]}
{"t": 1776976282.1068, "events": [{"op": "set", "side": "ask", "price": 0.14, "size": 78.0}]}
{"t": 1776976284.125754, "events": [{"op": "set", "side": "ask", "price": 0.13, "size": 44.0}, {"op": "set", "side": "ask", "price": 0.12, "size": 37.0}]}
{"t": 1776976285.139929, "events": [{"op": "set", "side": "bid", "price": 0.81, "size": 28.0}, {"op": "set", "side": "bid", "price": 0.8, "size": 402.18000000000006}, {"op": "set", "side": "ask", "price": 0.11, "size": 74.0}, {"op": "delete", "side": "ask", "price": 0.13}, {"op": "set", "side": "ask", "price": 0.14, "size": 23.0}]}
{"t": 1776976287.161626, "events": [{"op": "set", "side": "bid", "price": 0.81, "size": 1318.0}, {"op": "set", "side": "bid", "price": 0.8, "size": 1112.18}, {"op": "delete", "side": "bid", "price": 0.02}, {"op": "set", "side": "bid", "price": 0.56, "size": 78.0}, {"op": "delete", "side": "bid", "price": 0.4}, {"op": "set", "side": "bid", "price": 0.41, "size": 26.0}, {"op": "set", "side": "ask", "price": 0.12, "size": 60.0}, {"op": "set", "side": "ask", "price": 0.14, "size": 234.0}, {"op": "set", "side": "ask", "price": 0.15, "size": 474.0}]}
{"t": 1776976289.1844962, "events": [{"op": "delete", "side": "bid", "price": 0.52}, {"op": "set", "side": "bid", "price": 0.02, "size": 29.0}, {"op": "set", "side": "ask", "price": 0.12, "size": 23.0}]}
{"t": 1776976290.196137, "events": [{"op": "set", "side": "ask", "price": 0.13, "size": 36.0}]}
{"t": 1776976291.210453, "events": [{"op": "set", "side": "ask", "price": 0.14, "size": 211.0}]}
{"t": 1776976292.216908, "events": [{"op": "set", "side": "ask", "price": 0.15, "size": 497.0}]}
{"t": 1776976294.2310212, "events": [{"op": "set", "side": "ask", "price": 0.13, "size": 37.0}]}
{"t": 1776976301.276474, "events": [{"op": "set", "side": "bid", "price": 0.81, "size": 28.0}, {"op": "set", "side": "bid", "price": 0.8, "size": 402.18000000000006}, {"op": "delete", "side": "ask", "price": 0.12}, {"op": "delete", "side": "ask", "price": 0.14}, {"op": "set", "side": "ask", "price": 0.15, "size": 23.0}]}
{"t": 1776976303.3065321, "events": [{"op": "delete", "side": "ask", "price": 0.13}, {"op": "delete", "side": "ask", "price": 0.04}]}
{"t": 1776976304.313708, "events": [{"op": "set", "side": "bid", "price": 0.81, "size": 1318.0}, {"op": "set", "side": "bid", "price": 0.8, "size": 1112.18}, {"op": "set", "side": "ask", "price": 0.11, "size": 97.0}, {"op": "set", "side": "ask", "price": 0.15, "size": 234.0}, {"op": "set", "side": "ask", "price": 0.12, "size": 37.0}, {"op": "set", "side": "ask", "price": 0.16, "size": 474.0}]}
{"t": 1776976306.360851, "events": [{"op": "set", "side": "ask", "price": 0.11, "size": 74.0}]}
{"t": 1776976307.3653572, "events": [{"op": "set", "side": "ask", "price": 0.12, "size": 139.0}, {"op": "set", "side": "ask", "price": 0.15, "size": 139.0}, {"op": "set", "side": "ask", "price": 0.16, "size": 99.0}, {"op": "set", "side": "ask", "price": 0.04, "size": 28.0}]}
{"t": 1776976308.374354, "events": [{"op": "set", "side": "ask", "price": 0.12, "size": 102.0}]}
{"t": 1776976309.386129, "events": [{"op": "set", "side": "ask", "price": 0.13, "size": 37.0}]}
{"t": 1776976310.395447, "events": [{"op": "set", "side": "ask", "price": 0.15, "size": 116.0}]}
{"t": 1776976313.409361, "events": [{"op": "delete", "side": "ask", "price": 0.13}]}
{"t": 1776976314.4200819, "events": [{"op": "set", "side": "ask", "price": 0.13, "size": 37.0}]}
{"t": 1776976318.442741, "events": [{"op": "delete", "side": "ask", "price": 0.13}]}
{"t": 1776976319.457519, "events": [{"op": "set", "side": "ask", "price": 0.13, "size": 37.0}]}
{"t": 1776976323.4797351, "events": [{"op": "delete", "side": "ask", "price": 0.12}, {"op": "delete", "side": "ask", "price": 0.15}, {"op": "delete", "side": "ask", "price": 0.16}]}
{"t": 1776976324.50117, "events": [{"op": "set", "side": "ask", "price": 0.11, "size": 111.0}, {"op": "set", "side": "ask", "price": 0.13, "size": 257.0}, {"op": "set", "side": "ask", "price": 0.14, "size": 474.0}]}
{"t": 1776976325.519989, "events": [{"op": "set", "side": "ask", "price": 0.13, "size": 220.0}, {"op": "set", "side": "ask", "price": 0.14, "size": 507.0}]}
{"t": 1776976329.543661, "events": [{"op": "delete", "side": "bid", "price": 0.56}, {"op": "set", "side": "bid", "price": 0.52, "size": 79.0}, {"op": "set", "side": "ask", "price": 0.14, "size": 530.0}]}
{"t": 1776976332.56369, "events": [{"op": "delete", "side": "ask", "price": 0.13}]}
{"t": 1776976333.587355, "events": [{"op": "set", "side": "ask", "price": 0.11, "size": 302.0}, {"op": "set", "side": "ask", "price": 0.14, "size": 283.0}, {"op": "set", "side": "ask", "price": 0.12, "size": 39.0}, {"op": "set", "side": "ask", "price": 0.15, "size": 222.0}]}
{"t": 1776976334.603316, "events": [{"op": "set", "side": "ask", "price": 0.11, "size": 74.0}]}
{"t": 1776976335.619046, "events": [{"op": "set", "side": "ask", "price": 0.14, "size": 194.0}, {"op": "set", "side": "ask", "price": 0.15, "size": 190.0}]}
{"t": 1776976336.625223, "events": [{"op": "set", "side": "ask", "price": 0.12, "size": 164.0}]}
{"t": 1776976337.636217, "events": [{"op": "delete", "side": "ask", "price": 0.11}]}
{"t": 1776976339.6474261, "events": [{"op": "set", "side": "ask", "price": 0.12, "size": 125.0}]}
{"t": 1776976340.6580539, "events": [{"op": "set", "side": "bid", "price": 0.81, "size": 28.0}, {"op": "set", "side": "bid", "price": 0.8, "size": 402.18000000000006}, {"op": "delete", "side": "bid", "price": 0.02}, {"op": "set", "side": "bid", "price": 0.56, "size": 58.0}, {"op": "delete", "side": "bid", "price": 0.41}, {"op": "delete", "side": "ask", "price": 0.12}, {"op": "set", "side": "ask", "price": 0.14, "size": 23.0}, {"op": "delete", "side": "ask", "price": 0.15}, {"op": "set", "side": "ask", "price": 0.13, "size": 35.0}, {"op": "delete", "side": "ask", "price": 0.04}]}
{"t": 1776976341.674314, "events": [{"op": "delete", "side": "ask", "price": 0.14}]}
{"t": 1776976343.692986, "events": [{"op": "set", "side": "ask", "price": 0.14, "size": 23.0}]}
{"t": 1776976344.703347, "events": [{"op": "delete", "side": "ask", "price": 0.13}, {"op": "set", "side": "ask", "price": 0.14, "size": 54.0}]}
{"t": 1776976348.738213, "events": [{"op": "set", "side": "ask", "price": 0.14, "size": 31.0}]}
{"t": 1776976349.756854, "events": [{"op": "set", "side": "ask", "price": 0.04, "size": 23.0}]}
{"t": 1776976350.768629, "events": [{"op": "set", "side": "bid", "price": 0.81, "size": 1318.0}, {"op": "set", "side": "bid", "price": 0.8, "size": 1112.18}, {"op": "set", "side": "ask", "price": 0.14, "size": 233.0}, {"op": "set", "side": "ask", "price": 0.03, "size": 473.0}, {"op": "set", "side": "ask", "price": 0.15, "size": 474.0}, {"op": "set", "side": "ask", "price": 0.04, "size": 51.0}]}
{"t": 1776976351.775647, "events": [{"op": "set", "side": "bid", "price": 0.81, "size": 28.0}, {"op": "set", "side": "bid", "price": 0.8, "size": 402.18000000000006}, {"op": "delete", "side": "ask", "price": 0.14}, {"op": "set", "side": "ask", "price": 0.03, "size": 420.0}, {"op": "delete", "side": "ask", "price": 0.15}]}
{"t": 1776976352.80179, "events": [{"op": "set", "side": "ask", "price": 0.05, "size": 42.0}, {"op": "set", "side": "ask", "price": 0.04, "size": 28.0}]}
{"t": 1776976355.830212, "events": [{"op": "set", "side": "bid", "price": 0.81, "size": 1318.0}, {"op": "set", "side": "bid", "price": 0.8, "size": 1112.18}, {"op": "set", "side": "ask", "price": 0.05, "size": 27.0}, {"op": "set", "side": "ask", "price": 0.06, "size": 240.0}, {"op": "set", "side": "ask", "price": 0.07, "size": 474.0}]}
{"t": 1776976356.839608, "events": [{"op": "set", "side": "ask", "price": 0.08, "size": 39.0}]}
{"t": 1776976359.87871, "events": [{"op": "delete", "side": "ask", "price": 0.05}, {"op": "set", "side": "ask", "price": 0.06, "size": 66.0}, {"op": "delete", "side": "ask", "price": 0.07}]}
{"t": 1776976360.895073, "events": [{"op": "set", "side": "ask", "price": 0.08, "size": 85.0}, {"op": "set", "side": "ask", "price": 0.09, "size": 138.0}]}
{"t": 1776976361.903726, "events": [{"op": "set", "side": "ask", "price": 0.1, "size": 37.0}]}
{"t": 1776976362.91397, "events": [{"op": "set", "side": "ask", "price": 0.06, "size": 64.0}, {"op": "delete", "side": "ask", "price": 0.08}, {"op": "delete", "side": "ask", "price": 0.09}]}
{"t": 1776976363.930155, "events": [{"op": "set", "side": "ask", "price": 0.1, "size": 86.0}, {"op": "set", "side": "ask", "price": 0.11, "size": 54.0}]}
{"t": 1776976364.937811, "events": [{"op": "set", "side": "ask", "price": 0.1, "size": 49.0}]}
{"t": 1776976365.9445639, "events": [{"op": "set", "side": "ask", "price": 0.12, "size": 31.0}]}
{"t": 1776976379.035361, "events": [{"op": "set", "side": "ask", "price": 0.06, "size": 37.0}]}
{"t": 1776976380.038481, "events": [{"op": "set", "side": "ask", "price": 0.12, "size": 54.0}]}
{"t": 1776976387.075101, "events": [{"op": "set", "side": "bid", "price": 0.83, "size": 5.0}]}
{"t": 1776976388.08069, "events": [{"op": "set", "side": "bid", "price": 0.82, "size": 43.0}, {"op": "set", "side": "bid", "price": 0.81, "size": 1290.0}]}
{"t": 1776976390.085834, "events": [{"op": "delete", "side": "bid", "price": 0.56}, {"op": "set", "side": "bid", "price": 0.02, "size": 36.0}, {"op": "set", "side": "bid", "price": 0.52, "size": 20.0}, {"op": "set", "side": "bid", "price": 0.4, "size": 75.0}, {"op": "delete", "side": "ask", "price": 0.06}, {"op": "delete", "side": "ask", "price": 0.1}, {"op": "delete", "side": "ask", "price": 0.11}, {"op": "set", "side": "ask", "price": 0.12, "size": 256.0}, {"op": "set", "side": "ask", "price": 0.13, "size": 474.0}, {"op": "set", "side": "ask", "price": 0.04, "size": 53.0}]}
{"t": 1776976391.098208, "events": [{"op": "set", "side": "ask", "price": 0.14, "size": 32.0}]}
{"t": 1776976393.108543, "events": [{"op": "set", "side": "ask", "price": 0.12, "size": 32.0}, {"op": "delete", "side": "ask", "price": 0.13}, {"op": "set", "side": "ask", "price": 0.04, "size": 28.0}]}
{"t": 1776976394.119156, "events": [{"op": "set", "side": "ask", "price": 0.14, "size": 137.0}, {"op": "set", "side": "ask", "price": 0.15, "size": 141.0}]}
{"t": 1776976395.125777, "events": [{"op": "set", "side": "ask", "price": 0.14, "size": 105.0}]}
{"t": 1776976396.130979, "events": [{"op": "set", "side": "ask", "price": 0.13, "size": 37.0}]}
{"t": 1776976400.151349, "events": [{"op": "set", "side": "bid", "price": 0.82, "size": 27.0}, {"op": "delete", "side": "ask", "price": 0.13}]}
{"t": 1776976401.163003, "events": [{"op": "set", "side": "ask", "price": 0.13, "size": 37.0}]}
{"t": 1776976405.183253, "events": [{"op": "delete", "side": "ask", "price": 0.13}]}
{"t": 1776976406.18958, "events": [{"op": "set", "side": "ask", "price": 0.13, "size": 37.0}]}
{"t": 1776976415.243485, "events": [{"op": "delete", "side": "ask", "price": 0.12}, {"op": "delete", "side": "ask", "price": 0.13}]}
{"t": 1776976416.25911, "events": [{"op": "set", "side": "ask", "price": 0.14, "size": 78.0}, {"op": "set", "side": "ask", "price": 0.15, "size": 61.0}, {"op": "set", "side": "ask", "price": 0.13, "size": 40.0}, {"op": "set", "side": "ask", "price": 0.05, "size": 44.0}, {"op": "delete", "side": "ask", "price": 0.04}]}
{"t": 1776976420.296268, "events": [{"op": "delete", "side": "ask", "price": 0.05}, {"op": "set", "side": "ask", "price": 0.04, "size": 24.0}]}
{"t": 1776976421.30323, "events": [{"op": "set", "side": "ask", "price": 0.14, "size": 111.0}]}
{"t": 1776976423.3098712, "events": [{"op": "delete", "side": "ask", "price": 0.13}, {"op": "set", "side": "ask", "price": 0.14, "size": 130.0}, {"op": "set", "side": "ask", "price": 0.15, "size": 80.0}, {"op": "set", "side": "ask", "price": 0.04, "size": 80.0}]}
{"t": 1776976425.340163, "events": [{"op": "delete", "side": "bid", "price": 0.82}, {"op": "set", "side": "bid", "price": 0.81, "size": 27.0}, {"op": "set", "side": "bid", "price": 0.8, "size": 402.18000000000006}, {"op": "set", "side": "bid", "price": 0.55, "size": 336.0}, {"op": "delete", "side": "bid", "price": 0.02}, {"op": "set", "side": "bid", "price": 0.56, "size": 70.0}, {"op": "delete", "side": "bid", "price": 0.4}, {"op": "set", "side": "ask", "price": 0.14, "size": 23.0}, {"op": "delete", "side": "ask", "price": 0.15}, {"op": "set", "side": "ask", "price": 0.05, "size": 44.0}, {"op": "set", "side": "ask", "price": 0.04, "size": 24.0}]}
{"t": 1776976428.364198, "events": [{"op": "set", "side": "bid", "price": 0.81, "size": 1317.0}, {"op": "set", "side": "bid", "price": 0.8, "size": 1112.18}, {"op": "set", "side": "ask", "price": 0.05, "size": 67.0}, {"op": "set", "side": "ask", "price": 0.14, "size": 234.0}, {"op": "set", "side": "ask", "price": 0.15, "size": 474.0}]}
{"t": 1776976430.376935, "events": [{"op": "delete", "side": "bid", "price": 0.52}, {"op": "set", "side": "bid", "price": 0.02, "size": 32.0}, {"op": "set", "side": "ask", "price": 0.05, "size": 23.0}]}
{"t": 1776976431.391558, "events": [{"op": "set", "side": "ask", "price": 0.05, "size": 102.0}, {"op": "set", "side": "ask", "price": 0.14, "size": 139.0}, {"op": "set", "side": "ask", "price": 0.15, "size": 99.0}, {"op": "set", "side": "ask", "price": 0.06, "size": 44.0}]}
{"t": 1776976435.41402, "events": [{"op": "delete", "side": "ask", "price": 0.06}]}
{"t": 1776976436.4190028, "events": [{"op": "delete", "side": "ask", "price": 0.05}, {"op": "set", "side": "ask", "price": 0.14, "size": 73.0}, {"op": "set", "side": "ask", "price": 0.15, "size": 77.0}, {"op": "set", "side": "ask", "price": 0.06, "size": 44.0}]}
{"t": 1776976437.425882, "events": [{"op": "set", "side": "ask", "price": 0.15, "size": 100.0}, {"op": "set", "side": "ask", "price": 0.04, "size": 56.0}]}
{"t": 1776976438.4467258, "events": [{"op": "delete", "side": "ask", "price": 0.14}, {"op": "set", "side": "ask", "price": 0.15, "size": 75.0}, {"op": "delete", "side": "ask", "price": 0.04}]}
{"t": 1776976439.456811, "events": [{"op": "set", "side": "ask", "price": 0.06, "size": 82.0}, {"op": "set", "side": "ask", "price": 0.16, "size": 59.0}]}
{"t": 1776976440.468045, "events": [{"op": "set", "side": "ask", "price": 0.06, "size": 38.0}, {"op": "set", "side": "ask", "price": 0.07, "size": 43.0}]}
{"t": 1776976442.480271, "events": [{"op": "set", "side": "ask", "price": 0.07, "size": 69.0}, {"op": "delete", "side": "ask", "price": 0.06}, {"op": "set", "side": "ask", "price": 0.15, "size": 61.0}, {"op": "set", "side": "ask", "price": 0.16, "size": 47.0}]}
{"t": 1776976443.4918458, "events": [{"op": "set", "side": "ask", "price": 0.07, "size": 62.0}, {"op": "set", "side": "ask", "price": 0.15, "size": 30.0}, {"op": "set", "side": "ask", "price": 0.16, "size": 39.0}]}
{"t": 1776976444.5010781, "events": [{"op": "set", "side": "ask", "price": 0.16, "size": 62.0}]}
{"t": 1776976445.5077739, "events": [{"op": "set", "side": "ask", "price": 0.07, "size": 19.0}, {"op": "set", "side": "ask", "price": 0.08, "size": 43.0}]}
{"t": 1776976451.535392, "events": [{"op": "delete", "side": "ask", "price": 0.07}, {"op": "delete", "side": "ask", "price": 0.15}, {"op": "set", "side": "ask", "price": 0.16, "size": 50.0}]}
{"t": 1776976453.5542011, "events": [{"op": "set", "side": "ask", "price": 0.16, "size": 81.0}, {"op": "set", "side": "ask", "price": 0.03, "size": 440.0}]}
{"t": 1776976454.565593, "events": [{"op": "set", "side": "ask", "price": 0.03, "size": 420.0}]}
{"t": 1776976455.5719721, "events": [{"op": "set", "side": "ask", "price": 0.16, "size": 106.0}, {"op": "set", "side": "ask", "price": 0.08, "size": 29.0}, {"op": "set", "side": "ask", "price": 0.09, "size": 42.0}]}
{"t": 1776976456.585608, "events": [{"op": "delete", "side": "bid", "price": 0.83}]}
{"t": 1776976458.60728, "events": [{"op": "delete", "side": "ask", "price": 0.08}]}
{"t": 1776976459.62, "events": [{"op": "set", "side": "ask", "price": 0.16, "size": 79.0}]}
{"t": 1776976460.625124, "events": [{"op": "set", "side": "ask", "price": 0.09, "size": 40.0}, {"op": "set", "side": "ask", "price": 0.1, "size": 41.0}, {"op": "set", "side": "ask", "price": 0.17, "size": 62.0}]}
{"t": 1776976461.631319, "events": [{"op": "delete", "side": "bid", "price": 0.56}, {"op": "set", "side": "bid", "price": 0.55, "size": 300.0}, {"op": "set", "side": "bid", "price": 0.52, "size": 34.0}, {"op": "set", "side": "bid", "price": 0.4, "size": 70.0}, {"op": "delete", "side": "ask", "price": 0.09}, {"op": "set", "side": "ask", "price": 0.16, "size": 64.0}, {"op": "set", "side": "ask", "price": 0.17, "size": 49.0}, {"op": "set", "side": "ask", "price": 0.04, "size": 27.0}]}
{"t": 1776976462.638276, "events": [{"op": "set", "side": "ask", "price": 0.1, "size": 68.0}]}
{"t": 1776976463.654731, "events": [{"op": "set", "side": "ask", "price": 0.16, "size": 41.0}]}
{"t": 1776976465.66493, "events": [{"op": "set", "side": "bid", "price": 0.81, "size": 27.0}, {"op": "set", "side": "bid", "price": 0.8, "size": 402.18000000000006}, {"op": "delete", "side": "bid", "price": 0.02}, {"op": "set", "side": "bid", "price": 0.56, "size": 27.0}, {"op": "delete", "side": "ask", "price": 0.1}, {"op": "delete", "side": "ask", "price": 0.16}, {"op": "delete", "side": "ask", "price": 0.17}, {"op": "set", "side": "ask", "price": 0.04, "size": 69.0}]}
{"t": 1776976467.6886039, "events": [{"op": "set", "side": "bid", "price": 0.81, "size": 1317.0}, {"op": "set", "side": "bid", "price": 0.8, "size": 1112.18}, {"op": "set", "side": "ask", "price": 0.03, "size": 488.0}, {"op": "set", "side": "ask", "price": 0.05, "size": 474.0}, {"op": "set", "side": "ask", "price": 0.04, "size": 313.0}]}
{"t": 1776976469.706263, "events": [{"op": "set", "side": "ask", "price": 0.06, "size": 29.0}]}
{"t": 1776976470.713255, "events": [{"op": "set", "side": "ask", "price": 0.06, "size": 69.0}, {"op": "set", "side": "ask", "price": 0.04, "size": 271.0}]}
{"t": 1776976472.725442, "events": [{"op": "delete", "side": "ask", "price": 0.05}, {"op": "set", "side": "ask", "price": 0.03, "size": 420.0}, {"op": "set", "side": "ask", "price": 0.06, "size": 185.0}, {"op": "set", "side": "ask", "price": 0.07, "size": 160.0}, {"op": "set", "side": "ask", "price": 0.04, "size": 95.0}]}
{"t": 1776976474.742902, "events": [{"op": "set", "side": "ask", "price": 0.06, "size": 116.0}]}
{"t": 1776976475.752197, "events": [{"op": "set", "side": "ask", "price": 0.08, "size": 38.0}, {"op": "set", "side": "ask", "price": 0.09, "size": 23.0}]}
{"t": 1776976477.761339, "events": [{"op": "set", "side": "bid", "price": 0.81, "size": 27.0}, {"op": "set", "side": "bid", "price": 0.8, "size": 402.18000000000006}, {"op": "delete", "side": "ask", "price": 0.06}, {"op": "delete", "side": "ask", "price": 0.07}, {"op": "set", "side": "ask", "price": 0.04, "size": 27.0}]}
{"t": 1776976479.7830348, "events": [{"op": "delete", "side": "ask", "price": 0.08}, {"op": "delete", "side": "ask", "price": 0.04}]}
{"t": 1776976480.793513, "events": [{"op": "set", "side": "bid", "price": 0.81, "size": 1317.0}, {"op": "set", "side": "bid", "price": 0.8, "size": 1112.18}, {"op": "set", "side": "ask", "price": 0.09, "size": 234.0}, {"op": "set", "side": "ask", "price": 0.03, "size": 443.0}, {"op": "set", "side": "ask", "price": 0.1, "size": 474.0}, {"op": "set", "side": "ask", "price": 0.04, "size": 43.0}]}
{"t": 1776976482.813592, "events": [{"op": "set", "side": "ask", "price": 0.09, "size": 211.0}, {"op": "set", "side": "ask", "price": 0.03, "size": 471.0}]}
{"t": 1776976483.8160079, "events": [{"op": "set", "side": "ask", "price": 0.11, "size": 23.0}]}
{"t": 1776976484.820907, "events": [{"op": "delete", "side": "ask", "price": 0.09}, {"op": "delete", "side": "ask", "price": 0.1}]}
{"t": 1776976485.858399, "events": [{"op": "set", "side": "ask", "price": 0.03, "size": 491.0}, {"op": "set", "side": "ask", "price": 0.05, "size": 39.0}, {"op": "set", "side": "ask", "price": 0.06, "size": 41.0}, {"op": "set", "side": "ask", "price": 0.04, "size": 47.0}]}
{"t": 1776976486.877176, "events": [{"op": "delete", "side": "ask", "price": 0.11}]}
{"t": 1776976487.8809128, "events": [{"op": "set", "side": "ask", "price": 0.07, "size": 27.0}]}
{"t": 1776976488.8840268, "events": [{"op": "delete", "side": "ask", "price": 0.07}]}
{"t": 1776976490.901129, "events": [{"op": "delete", "side": "ask", "price": 0.05}, {"op": "set", "side": "ask", "price": 0.03, "size": 488.0}, {"op": "delete", "side": "ask", "price": 0.06}, {"op": "delete", "side": "ask", "price": 0.04}]}
{"t": 1776976491.914994, "events": [{"op": "set", "side": "ask", "price": 0.07, "size": 45.0}, {"op": "set", "side": "ask", "price": 0.06, "size": 49.0}]}
{"t": 1776976492.923475, "events": [{"op": "set", "side": "ask", "price": 0.08, "size": 37.0}]}
{"t": 1776976500.976686, "events": [{"op": "set", "side": "ask", "price": 0.08, "size": 38.0}, {"op": "set", "side": "ask", "price": 0.09, "size": 23.0}]}
{"t": 1776976504.995602, "events": [{"op": "delete", "side": "ask", "price": 0.07}, {"op": "delete", "side": "ask", "price": 0.06}, {"op": "set", "side": "ask", "price": 0.03, "size": 448.0}, {"op": "delete", "side": "ask", "price": 0.08}]}
{"t": 1776976506.004798, "events": [{"op": "set", "side": "ask", "price": 0.09, "size": 58.0}, {"op": "set", "side": "ask", "price": 0.08, "size": 23.0}, {"op": "set", "side": "ask", "price": 0.1, "size": 41.0}, {"op": "set", "side": "ask", "price": 0.04, "size": 42.0}]}
{"t": 1776976510.0364318, "events": [{"op": "delete", "side": "ask", "price": 0.04}]}
{"t": 1776976511.044847, "events": [{"op": "set", "side": "ask", "price": 0.11, "size": 32.0}]}
{"t": 1776976514.0667362, "events": [{"op": "set", "side": "ask", "price": 0.09, "size": 35.0}]}
{"t": 1776976515.079541, "events": [{"op": "set", "side": "ask", "price": 0.11, "size": 35.0}, {"op": "set", "side": "ask", "price": 0.12, "size": 23.0}]}
{"t": 1776976519.114893, "events": [{"op": "delete", "side": "bid", "price": 0.39}, {"op": "set", "side": "bid", "price": 0.41, "size": 3218.0}, {"op": "set", "side": "ask", "price": 0.02, "size": 1719.0}]}
{"t": 1776976520.122738, "events": [{"op": "delete", "side": "ask", "price": 0.11}]}
{"t": 1776976521.1357608, "events": [{"op": "delete", "side": "ask", "price": 0.09}, {"op": "delete", "side": "ask", "price": 0.08}, {"op": "delete", "side": "ask", "price": 0.1}, {"op": "set", "side": "ask", "price": 0.11, "size": 35.0}]}
{"t": 1776976522.1437619, "events": [{"op": "set", "side": "ask", "price": 0.12, "size": 234.0}, {"op": "set", "side": "ask", "price": 0.03, "size": 471.0}, {"op": "set", "side": "ask", "price": 0.13, "size": 474.0}]}
{"t": 1776976525.156095, "events": [{"op": "delete", "side": "bid", "price": 0.56}, {"op": "delete", "side": "bid", "price": 0.52}, {"op": "set", "side": "bid", "price": 0.42, "size": 69.0}, {"op": "set", "side": "bid", "price": 0.02, "size": 67.0}, {"op": "delete", "side": "bid", "price": 0.4}, {"op": "delete", "side": "ask", "price": 0.11}, {"op": "set", "side": "ask", "price": 0.03, "size": 443.0}, {"op": "set", "side": "ask", "price": 0.04, "size": 27.0}]}
{"t": 1776976526.162179, "events": [{"op": "set", "side": "bid", "price": 0.82, "size": 16.0}, {"op": "set", "side": "ask", "price": 0.13, "size": 509.0}, {"op": "set", "side": "ask", "price": 0.14, "size": 74.0}]}
{"t": 1776976529.173714, "events": [{"op": "set", "side": "ask", "price": 0.12, "size": 211.0}]}
{"t": 1776976530.176915, "events": [{"op": "set", "side": "ask", "price": 0.13, "size": 474.0}]}
{"t": 1776976531.1844459, "events": [{"op": "set", "side": "ask", "price": 0.14, "size": 127.0}]}
{"t": 1776976536.203557, "events": [{"op": "set", "side": "bid", "price": 0.81, "size": 27.0}, {"op": "set", "side": "bid", "price": 0.8, "size": 402.18000000000006}, {"op": "delete", "side": "ask", "price": 0.12}, {"op": "set", "side": "ask", "price": 0.03, "size": 420.0}, {"op": "delete", "side": "ask", "price": 0.13}]}
{"t": 1776976537.216504, "events": [{"op": "set", "side": "bid", "price": 0.81, "size": 1317.0}, {"op": "set", "side": "bid", "price": 0.8, "size": 1112.18}, {"op": "set", "side": "ask", "price": 0.14, "size": 383.0}, {"op": "set", "side": "ask", "price": 0.15, "size": 474.0}, {"op": "set", "side": "ask", "price": 0.04, "size": 152.0}]}
{"t": 1776976538.221212, "events": [{"op": "set", "side": "ask", "price": 0.14, "size": 360.0}, {"op": "set", "side": "ask", "price": 0.05, "size": 45.0}]}
{"t": 1776976539.2303119, "events": [{"op": "set", "side": "ask", "price": 0.15, "size": 497.0}]}
{"t": 1776976540.237312, "events": [{"op": "delete", "side": "ask", "price": 0.05}, {"op": "set", "side": "ask", "price": 0.04, "size": 27.0}]}
{"t": 1776976541.245595, "events": [{"op": "set", "side": "ask", "price": 0.14, "size": 302.0}, {"op": "set", "side": "ask", "price": 0.15, "size": 309.0}, {"op": "set", "side": "ask", "price": 0.05, "size": 45.0}]}
{"t": 1776976544.27052, "events": [{"op": "set", "side": "ask", "price": 0.16, "size": 286.0}]}
{"t": 1776976545.305117, "events": [{"op": "delete", "side": "ask", "price": 0.05}, {"op": "set", "side": "ask", "price": 0.15, "size": 339.0}]}
{"t": 1776976546.315924, "events": [{"op": "set", "side": "ask", "price": 0.14, "size": 212.0}, {"op": "set", "side": "ask", "price": 0.15, "size": 236.0}, {"op": "set", "side": "ask", "price": 0.16, "size": 199.0}]}
{"t": 1776976547.325418, "events": [{"op": "set", "side": "ask", "price": 0.15, "size": 213.0}]}
{"t": 1776976549.3694139, "events": [{"op": "set", "side": "ask", "price": 0.14, "size": 163.0}, {"op": "set", "side": "ask", "price": 0.15, "size": 157.0}, {"op": "set", "side": "ask", "price": 0.16, "size": 152.0}]}
{"t": 1776976550.374534, "events": [{"op": "set", "side": "ask", "price": 0.15, "size": 127.0}, {"op": "set", "side": "ask", "price": 0.05, "size": 45.0}]}
{"t": 1776976552.38733, "events": [{"op": "set", "side": "ask", "price": 0.05, "size": 118.0}, {"op": "set", "side": "ask", "price": 0.14, "size": 170.0}, {"op": "set", "side": "ask", "price": 0.15, "size": 102.0}, {"op": "delete", "side": "ask", "price": 0.16}]}
{"t": 1776976555.404792, "events": [{"op": "set", "side": "ask", "price": 0.05, "size": 73.0}]}
{"t": 1776976556.4166641, "events": [{"op": "set", "side": "ask", "price": 0.06, "size": 44.0}]}
{"t": 1776976557.4230452, "events": [{"op": "set", "side": "ask", "price": 0.15, "size": 125.0}]}
{"t": 1776976560.430049, "events": [{"op": "delete", "side": "ask", "price": 0.05}, {"op": "delete", "side": "ask", "price": 0.06}, {"op": "set", "side": "ask", "price": 0.14, "size": 124.0}, {"op": "set", "side": "ask", "price": 0.15, "size": 95.0}]}
{"t": 1776976561.438821, "events": [{"op": "set", "side": "ask", "price": 0.05, "size": 44.0}, {"op": "set", "side": "ask", "price": 0.16, "size": 87.0}]}
{"t": 1776976565.468847, "events": [{"op": "set", "side": "ask", "price": 0.14, "size": 110.0}, {"op": "set", "side": "ask", "price": 0.15, "size": 51.0}, {"op": "set", "side": "ask", "price": 0.16, "size": 60.0}]}
{"t": 1776976569.49947, "events": [{"op": "set", "side": "bid", "price": 0.81, "size": 27.0}, {"op": "set", "side": "bid", "price": 0.8, "size": 402.18000000000006}, {"op": "set", "side": "ask", "price": 0.14, "size": 74.0}, {"op": "delete", "side": "ask", "price": 0.15}, {"op": "delete", "side": "ask", "price": 0.16}]}
{"t": 1776976570.521151, "events": [{"op": "delete", "side": "bid", "price": 0.42}, {"op": "delete", "side": "bid", "price": 0.02}, {"op": "set", "side": "bid", "price": 0.56, "size": 65.0}, {"op": "set", "side": "bid", "price": 0.52, "size": 73.0}, {"op": "delete", "side": "ask", "price": 0.05}, {"op": "set", "side": "ask", "price": 0.14, "size": 97.0}, {"op": "set", "side": "ask", "price": 0.04, "size": 44.0}]}
{"t": 1776976572.538016, "events": [{"op": "set", "side": "bid", "price": 0.81, "size": 1317.0}, {"op": "set", "side": "bid", "price": 0.8, "size": 1112.18}, {"op": "set", "side": "ask", "price": 0.14, "size": 361.0}, {"op": "set", "side": "ask", "price": 0.15, "size": 474.0}, {"op": "set", "side": "ask", "price": 0.04, "size": 139.0}]}
{"t": 1776976573.54511, "events": [{"op": "set", "side": "ask", "price": 0.14, "size": 272.0}, {"op": "set", "side": "ask", "price": 0.15, "size": 197.0}]}
{"t": 1776976574.550605, "events": [{"op": "set", "side": "ask", "price": 0.04, "size": 197.0}]}
{"t": 1776976575.5694778, "events": [{"op": "set", "side": "ask", "price": 0.04, "size": 153.0}]}
{"t": 1776976576.575867, "events": [{"op": "set", "side": "ask", "price": 0.05, "size": 44.0}, {"op": "set", "side": "ask", "price": 0.04, "size": 25.0}]}
{"t": 1776976577.582925, "events": [{"op": "set", "side": "ask", "price": 0.05, "size": 129.0}, {"op": "set", "side": "ask", "price": 0.14, "size": 232.0}, {"op": "set", "side": "ask", "price": 0.15, "size": 178.0}]}
{"t": 1776976578.5899022, "events": [{"op": "set", "side": "ask", "price": 0.14, "size": 209.0}]}
{"t": 1776976579.598368, "events": [{"op": "set", "side": "ask", "price": 0.05, "size": 110.0}, {"op": "set", "side": "ask", "price": 0.14, "size": 180.0}, {"op": "set", "side": "ask", "price": 0.15, "size": 164.0}]}
{"t": 1776976580.610691, "events": [{"op": "set", "side": "ask", "price": 0.05, "size": 66.0}, {"op": "set", "side": "ask", "price": 0.06, "size": 44.0}]}
{"t": 1776976582.626801, "events": [{"op": "delete", "side": "ask", "price": 0.05}, {"op": "set", "side": "ask", "price": 0.14, "size": 143.0}, {"op": "set", "side": "ask", "price": 0.15, "size": 116.0}, {"op": "set", "side": "ask", "price": 0.16, "size": 104.0}]}
{"t": 1776976585.646488, "events": [{"op": "delete", "side": "ask", "price": 0.06}, {"op": "set", "side": "ask", "price": 0.05, "size": 44.0}]}
{"t": 1776976586.651933, "events": [{"op": "set", "side": "ask", "price": 0.15, "size": 93.0}]}
{"t": 1776976587.65838, "events": [{"op": "set", "side": "ask", "price": 0.05, "size": 117.0}, {"op": "set", "side": "ask", "price": 0.14, "size": 170.0}, {"op": "set", "side": "ask", "price": 0.15, "size": 104.0}, {"op": "delete", "side": "ask", "price": 0.16}]}
{"t": 1776976588.667841, "events": [{"op": "delete", "side": "bid", "price": 0.82}, {"op": "set", "side": "ask", "price": 0.14, "size": 96.0}]}
{"t": 1776976589.676565, "events": [{"op": "set", "side": "bid", "price": 0.82, "size": 16.0}]}
{"t": 1776976590.681835, "events": [{"op": "set", "side": "ask", "price": 0.05, "size": 73.0}, {"op": "set", "side": "ask", "price": 0.06, "size": 44.0}]}
{"t": 1776976592.712306, "events": [{"op": "delete", "side": "ask", "price": 0.05}, {"op": "set", "side": "ask", "price": 0.06, "size": 270.0}, {"op": "delete", "side": "ask", "price": 0.14}, {"op": "delete", "side": "ask", "price": 0.15}, {"op": "set", "side": "ask", "price": 0.07, "size": 474.0}, {"op": "set", "side": "ask", "price": 0.04, "size": 43.0}]}
{"t": 1776976595.7320058, "events": [{"op": "set", "side": "ask", "price": 0.06, "size": 226.0}, {"op": "set", "side": "ask", "price": 0.08, "size": 39.0}, {"op": "set", "side": "ask", "price": 0.01, "size": 292.0}]}
{"t": 1776976605.780865, "events": [{"op": "delete", "side": "bid", "price": 0.56}, {"op": "set", "side": "bid", "price": 0.02, "size": 64.0}, {"op": "delete", "side": "ask", "price": 0.06}, {"op": "set", "side": "ask", "price": 0.03, "size": 459.0}, {"op": "delete", "side": "ask", "price": 0.07}, {"op": "set", "side": "ask", "price": 0.08, "size": 222.0}, {"op": "set", "side": "ask", "price": 0.09, "size": 474.0}, {"op": "delete", "side": "ask", "price": 0.04}]}
{"t": 1776976606.794375, "events": [{"op": "set", "side": "ask", "price": 0.1, "size": 37.0}]}
{"t": 1776976607.800011, "events": [{"op": "delete", "side": "ask", "price": 0.09}, {"op": "delete", "side": "ask", "price": 0.08}, {"op": "set", "side": "ask", "price": 0.03, "size": 457.0}, {"op": "set", "side": "ask", "price": 0.1, "size": 81.0}, {"op": "set", "side": "ask", "price": 0.11, "size": 41.0}]}
{"t": 1776976610.818959, "events": [{"op": "set", "side": "ask", "price": 0.11, "size": 74.0}, {"op": "set", "side": "ask", "price": 0.1, "size": 44.0}]}
{"t": 1776976623.9121861, "events": [{"op": "delete", "side": "ask", "price": 0.1}]}
{"t": 1776976624.9222841, "events": [{"op": "set", "side": "ask", "price": 0.11, "size": 41.0}, {"op": "set", "side": "ask", "price": 0.03, "size": 453.0}, {"op": "set", "side": "ask", "price": 0.12, "size": 41.0}]}
{"t": 1776976625.935311, "events": [{"op": "set", "side": "ask", "price": 0.12, "size": 71.0}]}
{"t": 1776976627.946018, "events": [{"op": "set", "side": "bid", "price": 0.81, "size": 27.0}, {"op": "set", "side": "bid", "price": 0.8, "size": 402.18000000000006}, {"op": "set", "side": "ask", "price": 0.12, "size": 30.0}, {"op": "delete", "side": "ask", "price": 0.11}, {"op": "set", "side": "ask", "price": 0.03, "size": 420.0}, {"op": "set", "side": "ask", "price": 0.01, "size": 270.0}]}
{"t": 1776976629.966581, "events": [{"op": "delete", "side": "ask", "price": 0.12}]}
{"t": 1776976630.9735959, "events": [{"op": "delete", "side": "bid", "price": 0.52}, {"op": "delete", "side": "bid", "price": 0.02}, {"op": "set", "side": "bid", "price": 0.56, "size": 82.0}]}
{"t": 1776976631.9891021, "events": [{"op": "set", "side": "bid", "price": 0.81, "size": 1317.0}, {"op": "set", "side": "bid", "price": 0.8, "size": 1112.18}, {"op": "set", "side": "bid", "price": 0.52, "size": 53.0}, {"op": "set", "side": "ask", "price": 0.03, "size": 450.0}, {"op": "set", "side": "ask", "price": 0.12, "size": 215.0}, {"op": "set", "side": "ask", "price": 0.13, "size": 504.0}]}
{"t": 1776976636.012798, "events": [{"op": "delete", "side": "ask", "price": 0.12}]}
{"t": 1776976637.021386, "events": [{"op": "set", "side": "ask", "price": 0.13, "size": 235.0}, {"op": "set", "side": "ask", "price": 0.03, "size": 648.0}, {"op": "set", "side": "ask", "price": 0.14, "size": 160.0}, {"op": "set", "side": "ask", "price": 0.04, "size": 28.0}]}
{"t": 1776976638.0336692, "events": [{"op": "set", "side": "ask", "price": 0.05, "size": 44.0}]}
{"t": 1776976640.0406752, "events": [{"op": "delete", "side": "ask", "price": 0.05}]}
{"t": 1776976641.045354, "events": [{"op": "set", "side": "ask", "price": 0.05, "size": 44.0}]}
{"t": 1776976648.087174, "events": [{"op": "set", "side": "ask", "price": 0.05, "size": 138.0}, {"op": "set", "side": "ask", "price": 0.03, "size": 420.0}, {"op": "delete", "side": "ask", "price": 0.13}, {"op": "delete", "side": "ask", "price": 0.14}, {"op": "set", "side": "ask", "price": 0.06, "size": 150.0}, {"op": "set", "side": "ask", "price": 0.04, "size": 71.0}]}
{"t": 1776976650.106755, "events": [{"op": "set", "side": "ask", "price": 0.05, "size": 67.0}, {"op": "set", "side": "ask", "price": 0.06, "size": 80.0}]}
{"t": 1776976651.118593, "events": [{"op": "set", "side": "ask", "price": 0.07, "size": 39.0}, {"op": "set", "side": "ask", "price": 0.08, "size": 74.0}, {"op": "set", "side": "ask", "price": 0.04, "size": 74.0}]}
{"t": 1776976653.130749, "events": [{"op": "delete", "side": "ask", "price": 0.05}, {"op": "delete", "side": "ask", "price": 0.06}, {"op": "set", "side": "ask", "price": 0.07, "size": 112.0}, {"op": "set", "side": "ask", "price": 0.08, "size": 166.0}, {"op": "set", "side": "ask", "price": 0.09, "size": 93.0}, {"op": "delete", "side": "ask", "price": 0.04}]}
{"t": 1776976655.139762, "events": [{"op": "set", "side": "ask", "price": 0.07, "size": 73.0}, {"op": "set", "side": "ask", "price": 0.01, "size": 295.0}]}
{"t": 1776976656.145735, "events": [{"op": "set", "side": "ask", "price": 0.1, "size": 36.0}]}
{"t": 1776976660.164791, "events": [{"op": "delete", "side": "ask", "price": 0.07}, {"op": "set", "side": "ask", "price": 0.08, "size": 110.0}, {"op": "delete", "side": "ask", "price": 0.09}, {"op": "set", "side": "ask", "price": 0.1, "size": 94.0}, {"op": "set", "side": "ask", "price": 0.11, "size": 78.0}]}
{"t": 1776976661.1799512, "events": [{"op": "set", "side": "ask", "price": 0.1, "size": 58.0}]}
{"t": 1776976662.1883461, "events": [{"op": "set", "side": "ask", "price": 0.12, "size": 31.0}]}
{"t": 1776976671.281625, "events": [{"op": "set", "side": "bid", "price": 0.82, "size": 418.18}, {"op": "set", "side": "bid", "price": 0.8, "size": 710.0}, {"op": "delete", "side": "bid", "price": 0.56}, {"op": "set", "side": "bid", "price": 0.02, "size": 76.0}]}
{"t": 1776976672.294712, "events": [{"op": "set", "side": "bid", "price": 0.81, "size": 1290.0}, {"op": "set", "side": "bid", "price": 0.83, "size": 27.0}]}
{"t": 1776976688.379301, "events": [{"op": "delete", "side": "bid", "price": 0.81}, {"op": "delete", "side": "bid", "price": 0.8}, {"op": "delete", "side": "bid", "price": 0.52}, {"op": "set", "side": "bid", "price": 0.56, "size": 32.0}, {"op": "delete", "side": "ask", "price": 0.1}, {"op": "set", "side": "ask", "price": 0.08, "size": 105.0}, {"op": "delete", "side": "ask", "price": 0.11}, {"op": "delete", "side": "ask", "price": 0.12}, {"op": "set", "side": "ask", "price": 0.01, "size": 270.0}]}
{"t": 1776976689.3868952, "events": [{"op": "set", "side": "bid", "price": 0.83, "size": 1317.0}, {"op": "set", "side": "bid", "price": 0.82, "size": 1128.18}, {"op": "set", "side": "bid", "price": 0.52, "size": 21.0}, {"op": "set", "side": "ask", "price": 0.09, "size": 37.0}, {"op": "set", "side": "ask", "price": 0.12, "size": 37.0}, {"op": "set", "side": "ask", "price": 0.13, "size": 36.0}]}
{"t": 1776976690.397115, "events": [{"op": "delete", "side": "ask", "price": 0.09}]}
{"t": 1776976691.417778, "events": [{"op": "set", "side": "ask", "price": 0.09, "size": 39.0}]}
{"t": 1776976694.6291242, "events": [{"op": "set", "side": "bid", "price": 0.83, "size": 27.0}, {"op": "set", "side": "bid", "price": 0.82, "size": 418.18000000000006}, {"op": "set", "side": "ask", "price": 0.08, "size": 74.0}, {"op": "delete", "side": "ask", "price": 0.12}, {"op": "delete", "side": "ask", "price": 0.13}]}
{"t": 1776976698.8431628, "events": [{"op": "set", "side": "bid", "price": 0.83, "size": 1317.0}, {"op": "set", "side": "bid", "price": 0.82, "size": 1128.18}, {"op": "set", "side": "ask", "price": 0.09, "size": 222.0}, {"op": "set", "side": "ask", "price": 0.08, "size": 113.0}, {"op": "set", "side": "ask", "price": 0.1, "size": 508.0}]}
{"t": 1776976702.870096, "events": [{"op": "delete", "side": "ask", "price": 0.09}, {"op": "set", "side": "ask", "price": 0.03, "size": 449.0}]}
{"t": 1776976703.879584, "events": [{"op": "set", "side": "ask", "price": 0.1, "size": 310.0}, {"op": "set", "side": "ask", "price": 0.08, "size": 302.0}, {"op": "set", "side": "ask", "price": 0.11, "size": 207.0}]}
{"t": 1776976704.894332, "events": [{"op": "set", "side": "ask", "price": 0.1, "size": 276.0}, {"op": "set", "side": "ask", "price": 0.11, "size": 237.0}]}
{"t": 1776976708.926789, "events": [{"op": "set", "side": "ask", "price": 0.1, "size": 253.0}]}
{"t": 1776976710.941517, "events": [{"op": "set", "side": "ask", "price": 0.11, "size": 260.0}]}
{"t": 1776976712.953942, "events": [{"op": "set", "side": "bid", "price": 0.82, "size": 1112.18}, {"op": "set", "side": "bid", "price": 0.84, "size": 16.0}, {"op": "set", "side": "ask", "price": 0.08, "size": 228.0}]}
{"t": 1776976713.961376, "events": [{"op": "set", "side": "ask", "price": 0.11, "size": 262.0}, {"op": "set", "side": "ask", "price": 0.12, "size": 74.0}]}
{"t": 1776976715.9786172, "events": [{"op": "set", "side": "ask", "price": 0.11, "size": 239.0}]}
{"t": 1776976716.98976, "events": [{"op": "set", "side": "ask", "price": 0.12, "size": 97.0}]}
{"t": 1776976720.0040588, "events": [{"op": "delete", "side": "ask", "price": 0.1}, {"op": "delete", "side": "ask", "price": 0.08}]}
{"t": 1776976721.023626, "events": [{"op": "set", "side": "ask", "price": 0.12, "size": 227.0}, {"op": "set", "side": "ask", "price": 0.11, "size": 95.0}, {"op": "set", "side": "ask", "price": 0.03, "size": 420.0}, {"op": "set", "side": "ask", "price": 0.13, "size": 143.0}, {"op": "set", "side": "ask", "price": 0.04, "size": 43.0}]}
{"t": 1776976722.046269, "events": [{"op": "set", "side": "ask", "price": 0.12, "size": 204.0}, {"op": "set", "side": "ask", "price": 0.04, "size": 62.0}]}
{"t": 1776976725.0786262, "events": [{"op": "set", "side": "ask", "price": 0.04, "size": 19.0}]}
{"t": 1776976727.112159, "events": [{"op": "set", "side": "ask", "price": 0.12, "size": 235.0}]}
{"t": 1776976729.136172, "events": [{"op": "delete", "side": "ask", "price": 0.11}, {"op": "set", "side": "ask", "price": 0.12, "size": 231.0}, {"op": "set", "side": "ask", "price": 0.13, "size": 122.0}, {"op": "set", "side": "ask", "price": 0.04, "size": 122.0}]}
{"t": 1776976732.18078, "events": [{"op": "set", "side": "ask", "price": 0.12, "size": 200.0}]}
{"t": 1776976736.203402, "events": [{"op": "set", "side": "ask", "price": 0.05, "size": 43.0}]}
{"t": 1776976738.2212422, "events": [{"op": "delete", "side": "bid", "price": 0.56}, {"op": "set", "side": "bid", "price": 0.42, "size": 38.0}, {"op": "set", "side": "ask", "price": 0.12, "size": 170.0}, {"op": "set", "side": "ask", "price": 0.04, "size": 19.0}]}
{"t": 1776976739.229032, "events": [{"op": "set", "side": "ask", "price": 0.05, "size": 105.0}, {"op": "set", "side": "ask", "price": 0.13, "size": 124.0}]}
{"t": 1776976740.2347279, "events": [{"op": "set", "side": "ask", "price": 0.13, "size": 122.0}]}
{"t": 1776976741.2510169, "events": [{"op": "set", "side": "ask", "price": 0.05, "size": 116.0}, {"op": "set", "side": "ask", "price": 0.12, "size": 169.0}, {"op": "set", "side": "ask", "price": 0.13, "size": 100.0}]}
{"t": 1776976746.492167, "events": [{"op": "set", "side": "ask", "price": 0.05, "size": 73.0}]}
{"t": 1776976752.540415, "events": [{"op": "set", "side": "ask", "price": 0.05, "size": 43.0}, {"op": "set", "side": "ask", "price": 0.12, "size": 164.0}, {"op": "set", "side": "ask", "price": 0.13, "size": 87.0}, {"op": "set", "side": "ask", "price": 0.04, "size": 92.0}]}
{"t": 1776976755.570341, "events": [{"op": "delete", "side": "ask", "price": 0.05}]}
{"t": 1776976756.580106, "events": [{"op": "set", "side": "ask", "price": 0.05, "size": 43.0}]}
{"t": 1776976760.616456, "events": [{"op": "set", "side": "ask", "price": 0.05, "size": 73.0}, {"op": "set", "side": "ask", "price": 0.12, "size": 173.0}, {"op": "set", "side": "ask", "price": 0.13, "size": 111.0}, {"op": "set", "side": "ask", "price": 0.06, "size": 43.0}, {"op": "set", "side": "ask", "price": 0.04, "size": 19.0}]}
{"t": 1776976765.655814, "events": [{"op": "delete", "side": "ask", "price": 0.06}]}
{"t": 1776976766.6620412, "events": [{"op": "set", "side": "ask", "price": 0.06, "size": 43.0}]}
{"t": 1776976769.6871839, "events": [{"op": "delete", "side": "ask", "price": 0.05}, {"op": "set", "side": "ask", "price": 0.12, "size": 164.0}, {"op": "set", "side": "ask", "price": 0.13, "size": 87.0}]}
{"t": 1776976770.703775, "events": [{"op": "set", "side": "ask", "price": 0.06, "size": 73.0}, {"op": "set", "side": "ask", "price": 0.12, "size": 176.0}, {"op": "set", "side": "ask", "price": 0.13, "size": 118.0}]}
{"t": 1776976771.725236, "events": [{"op": "set", "side": "ask", "price": 0.07, "size": 42.0}]}
{"t": 1776976772.744343, "events": [{"op": "delete", "side": "ask", "price": 0.06}, {"op": "set", "side": "ask", "price": 0.12, "size": 164.0}, {"op": "set", "side": "ask", "price": 0.13, "size": 87.0}]}
{"t": 1776976773.7583098, "events": [{"op": "set", "side": "ask", "price": 0.07, "size": 115.0}, {"op": "set", "side": "ask", "price": 0.12, "size": 177.0}, {"op": "set", "side": "ask", "price": 0.13, "size": 119.0}]}
{"t": 1776976775.7824068, "events": [{"op": "set", "side": "ask", "price": 0.07, "size": 73.0}, {"op": "set", "side": "ask", "price": 0.12, "size": 103.0}, {"op": "set", "side": "ask", "price": 0.14, "size": 74.0}, {"op": "set", "side": "ask", "price": 0.08, "size": 41.0}]}
{"t": 1776976780.8084228, "events": [{"op": "delete", "side": "ask", "price": 0.08}]}
{"t": 1776976781.81758, "events": [{"op": "set", "side": "ask", "price": 0.13, "size": 150.0}]}
{"t": 1776976785.8373, "events": [{"op": "set", "side": "ask", "price": 0.13, "size": 119.0}]}
{"t": 1776976786.846972, "events": [{"op": "set", "side": "ask", "price": 0.13, "size": 150.0}]}
{"t": 1776976789.882459, "events": [{"op": "delete", "side": "ask", "price": 0.07}, {"op": "delete", "side": "ask", "price": 0.12}, {"op": "set", "side": "ask", "price": 0.13, "size": 104.0}, {"op": "delete", "side": "ask", "price": 0.04}]}
{"t": 1776976790.891396, "events": [{"op": "set", "side": "ask", "price": 0.13, "size": 73.0}, {"op": "set", "side": "ask", "price": 0.14, "size": 180.0}, {"op": "set", "side": "ask", "price": 0.15, "size": 127.0}]}
{"t": 1776976791.9012082, "events": [{"op": "set", "side": "ask", "price": 0.14, "size": 210.0}, {"op": "set", "side": "ask", "price": 0.04, "size": 27.0}]}
{"t": 1776976792.913603, "events": [{"op": "delete", "side": "ask", "price": 0.13}]}
{"t": 1776976793.92892, "events": [{"op": "set", "side": "ask", "price": 0.14, "size": 225.0}, {"op": "set", "side": "ask", "price": 0.15, "size": 113.0}, {"op": "set", "side": "ask", "price": 0.04, "size": 129.0}]}
{"t": 1776976795.9431622, "events": [{"op": "set", "side": "ask", "price": 0.14, "size": 195.0}, {"op": "set", "side": "ask", "price": 0.05, "size": 44.0}]}
{"t": 1776976798.966105, "events": [{"op": "set", "side": "bid", "price": 0.83, "size": 27.0}, {"op": "set", "side": "bid", "price": 0.82, "size": 402.18000000000006}, {"op": "set", "side": "ask", "price": 0.14, "size": 74.0}, {"op": "delete", "side": "ask", "price": 0.15}, {"op": "set", "side": "ask", "price": 0.04, "size": 27.0}]}
{"t": 1776976802.004491, "events": [{"op": "set", "side": "bid", "price": 0.55, "size": 341.0}, {"op": "delete", "side": "bid", "price": 0.42}, {"op": "delete", "side": "bid", "price": 0.02}, {"op": "set", "side": "bid", "price": 0.56, "size": 74.0}]}
{"t": 1776976803.02252, "events": [{"op": "set", "side": "bid", "price": 0.83, "size": 1317.0}, {"op": "set", "side": "bid", "price": 0.82, "size": 1112.18}, {"op": "set", "side": "ask", "price": 0.05, "size": 117.0}, {"op": "set", "side": "ask", "price": 0.14, "size": 321.0}, {"op": "set", "side": "ask", "price": 0.15, "size": 474.0}]}
{"t": 1776976806.063827, "events": [{"op": "delete", "side": "bid", "price": 0.52}, {"op": "set", "side": "bid", "price": 0.02, "size": 20.0}, {"op": "set", "side": "ask", "price": 0.05, "size": 73.0}, {"op": "set", "side": "ask", "price": 0.14, "size": 230.0}, {"op": "set", "side": "ask", "price": 0.15, "size": 167.0}]}
{"t": 1776976807.082735, "events": [{"op": "set", "side": "ask", "price": 0.06, "size": 43.0}]}
{"t": 1776976808.091316, "events": [{"op": "set", "side": "ask", "price": 0.05, "size": 119.0}]}
{"t": 1776976811.119054, "events": [{"op": "delete", "side": "ask", "price": 0.06}]}
{"t": 1776976812.1601799, "events": [{"op": "delete", "side": "ask", "price": 0.05}, {"op": "set", "side": "ask", "price": 0.06, "size": 43.0}]}
{"t": 1776976813.173311, "events": [{"op": "set", "side": "ask", "price": 0.14, "size": 177.0}, {"op": "set", "side": "ask", "price": 0.15, "size": 115.0}]}
{"t": 1776976814.181136, "events": [{"op": "set", "side": "ask", "price": 0.04, "size": 103.0}]}
{"t": 1776976816.192041, "events": [{"op": "set", "side": "ask", "price": 0.14, "size": 176.0}, {"op": "set", "side": "ask", "price": 0.04, "size": 27.0}]}
{"t": 1776976817.207639, "events": [{"op": "set", "side": "ask", "price": 0.06, "size": 73.0}, {"op": "set", "side": "ask", "price": 0.15, "size": 116.0}]}
{"t": 1776976818.228111, "events": [{"op": "set", "side": "ask", "price": 0.07, "size": 43.0}]}
{"t": 1776976820.246989, "events": [{"op": "delete", "side": "ask", "price": 0.06}, {"op": "set", "side": "ask", "price": 0.15, "size": 115.0}]}
{"t": 1776976821.2622788, "events": [{"op": "set", "side": "ask", "price": 0.07, "size": 73.0}, {"op": "set", "side": "ask", "price": 0.14, "size": 177.0}, {"op": "set", "side": "ask", "price": 0.15, "size": 119.0}, {"op": "set", "side": "ask", "price": 0.08, "size": 42.0}]}
{"t": 1776976823.281095, "events": [{"op": "set", "side": "bid", "price": 0.83, "size": 27.0}, {"op": "set", "side": "bid", "price": 0.82, "size": 402.18000000000006}, {"op": "delete", "side": "ask", "price": 0.07}, {"op": "set", "side": "ask", "price": 0.08, "size": 115.0}, {"op": "set", "side": "ask", "price": 0.14, "size": 74.0}, {"op": "set", "side": "ask", "price": 0.15, "size": 5.0}]}
{"t": 1776976824.2959201, "events": [{"op": "delete", "side": "ask", "price": 0.04}]}
{"t": 1776976826.322222, "events": [{"op": "set", "side": "bid", "price": 0.83, "size": 1317.0}, {"op": "set", "side": "bid", "price": 0.82, "size": 1112.18}, {"op": "set", "side": "ask", "price": 0.14, "size": 160.0}, {"op": "set", "side": "ask", "price": 0.08, "size": 73.0}, {"op": "set", "side": "ask", "price": 0.15, "size": 80.0}]}
{"t": 1776976827.333923, "events": [{"op": "set", "side": "ask", "price": 0.09, "size": 41.0}]}
{"t": 1776976830.3663218, "events": [{"op": "delete", "side": "ask", "price": 0.08}, {"op": "set", "side": "ask", "price": 0.15, "size": 5.0}, {"op": "set", "side": "ask", "price": 0.04, "size": 28.0}]}
{"t": 1776976831.380969, "events": [{"op": "set", "side": "ask", "price": 0.09, "size": 73.0}, {"op": "set", "side": "ask", "price": 0.14, "size": 162.0}, {"op": "set", "side": "ask", "price": 0.15, "size": 84.0}, {"op": "set", "side": "ask", "price": 0.1, "size": 40.0}]}
{"t": 1776976834.404785, "events": [{"op": "delete", "side": "ask", "price": 0.09}, {"op": "set", "side": "ask", "price": 0.14, "size": 160.0}, {"op": "set", "side": "ask", "price": 0.15, "size": 5.0}]}
{"t": 1776976836.4244428, "events": [{"op": "set", "side": "ask", "price": 0.1, "size": 73.0}, {"op": "set", "side": "ask", "price": 0.14, "size": 174.0}, {"op": "set", "side": "ask", "price": 0.15, "size": 113.0}]}
{"t": 1776976837.434342, "events": [{"op": "set", "side": "ask", "price": 0.05, "size": 44.0}]}
{"t": 1776976838.441472, "events": [{"op": "delete", "side": "bid", "price": 0.84}, {"op": "set", "side": "ask", "price": 0.14, "size": 100.0}]}
{"t": 1776976839.444206, "events": [{"op": "set", "side": "bid", "price": 0.55, "size": 300.0}, {"op": "set", "side": "bid", "price": 0.42, "size": 44.0}, {"op": "delete", "side": "ask", "price": 0.1}, {"op": "delete", "side": "ask", "price": 0.14}, {"op": "delete", "side": "ask", "price": 0.15}]}
{"t": 1776976840.4514198, "events": [{"op": "set", "side": "ask", "price": 0.05, "size": 270.0}, {"op": "set", "side": "ask", "price": 0.06, "size": 474.0}, {"op": "set", "side": "ask", "price": 0.04, "size": 71.0}]}
{"t": 1776976841.461482, "events": [{"op": "set", "side": "ask", "price": 0.05, "size": 226.0}, {"op": "set", "side": "ask", "price": 0.07, "size": 39.0}]}
{"t": 1776976843.4774091, "events": [{"op": "delete", "side": "bid", "price": 0.56}, {"op": "set", "side": "bid", "price": 0.52, "size": 52.0}, {"op": "delete", "side": "ask", "price": 0.05}, {"op": "delete", "side": "ask", "price": 0.06}]}
{"t": 1776976844.4879239, "events": [{"op": "set", "side": "ask", "price": 0.07, "size": 91.0}, {"op": "set", "side": "ask", "price": 0.08, "size": 58.0}, {"op": "set", "side": "ask", "price": 0.04, "size": 67.0}]}
{"t": 1776976845.498323, "events": [{"op": "set", "side": "ask", "price": 0.09, "size": 23.0}]}
{"t": 1776976846.5011148, "events": [{"op": "set", "side": "ask", "price": 0.07, "size": 52.0}, {"op": "set", "side": "ask", "price": 0.09, "size": 59.0}]}
{"t": 1776976856.5596192, "events": [{"op": "delete", "side": "ask", "price": 0.07}, {"op": "delete", "side": "ask", "price": 0.08}]}
{"t": 1776976857.581012, "events": [{"op": "set", "side": "ask", "price": 0.09, "size": 90.0}, {"op": "set", "side": "ask", "price": 0.1, "size": 57.0}, {"op": "set", "side": "ask", "price": 0.04, "size": 87.0}]}
{"t": 1776976858.589715, "events": [{"op": "set", "side": "ask", "price": 0.11, "size": 32.0}]}
{"t": 1776976862.621618, "events": [{"op": "delete", "side": "ask", "price": 0.1}, {"op": "set", "side": "ask", "price": 0.04, "size": 28.0}]}
{"t": 1776976863.631295, "events": [{"op": "set", "side": "ask", "price": 0.09, "size": 32.0}, {"op": "delete", "side": "ask", "price": 0.11}, {"op": "set", "side": "ask", "price": 0.1, "size": 30.0}, {"op": "delete", "side": "ask", "price": 0.04}]}
{"t": 1776976864.6476958, "events": [{"op": "set", "side": "ask", "price": 0.11, "size": 75.0}, {"op": "set", "side": "ask", "price": 0.12, "size": 67.0}]}
{"t": 1776976867.673836, "events": [{"op": "delete", "side": "ask", "price": 0.1}, {"op": "set", "side": "ask", "price": 0.12, "size": 98.0}]}
{"t": 1776976873.730138, "events": [{"op": "set", "side": "bid", "price": 0.83, "size": 27.0}, {"op": "set", "side": "bid", "price": 0.82, "size": 402.18000000000006}, {"op": "delete", "side": "bid", "price": 0.42}, {"op": "delete", "side": "bid", "price": 0.02}, {"op": "set", "side": "bid", "price": 0.56, "size": 73.0}, {"op": "set", "side": "ask", "price": 0.11, "size": 23.0}, {"op": "delete", "side": "ask", "price": 0.09}, {"op": "delete", "side": "ask", "price": 0.12}]}
{"t": 1776976874.749619, "events": [{"op": "set", "side": "ask", "price": 0.04, "size": 43.0}]}
{"t": 1776976876.771445, "events": [{"op": "set", "side": "bid", "price": 0.83, "size": 1317.0}, {"op": "set", "side": "bid", "price": 0.82, "size": 1112.18}, {"op": "set", "side": "ask", "price": 0.11, "size": 234.0}, {"op": "set", "side": "ask", "price": 0.12, "size": 474.0}, {"op": "set", "side": "ask", "price": 0.04, "size": 23.0}]}
{"t": 1776976877.790463, "events": [{"op": "set", "side": "ask", "price": 0.12, "size": 507.0}]}
{"t": 1776976879.8108459, "events": [{"op": "set", "side": "ask", "price": 0.11, "size": 211.0}, {"op": "set", "side": "ask", "price": 0.04, "size": 49.0}]}
{"t": 1776976880.821571, "events": [{"op": "delete", "side": "ask", "price": 0.11}, {"op": "set", "side": "ask", "price": 0.12, "size": 284.0}, {"op": "set", "side": "ask", "price": 0.13, "size": 200.0}, {"op": "set", "side": "ask", "price": 0.04, "size": 254.0}]}
{"t": 1776976881.847991, "events": [{"op": "set", "side": "ask", "price": 0.12, "size": 251.0}, {"op": "set", "side": "ask", "price": 0.13, "size": 230.0}]}
{"t": 1776976885.872129, "events": [{"op": "delete", "side": "bid", "price": 0.52}, {"op": "set", "side": "bid", "price": 0.02, "size": 49.0}, {"op": "delete", "side": "ask", "price": 0.12}]}
{"t": 1776976886.884876, "events": [{"op": "set", "side": "ask", "price": 0.13, "size": 142.0}, {"op": "set", "side": "ask", "price": 0.05, "size": 43.0}, {"op": "set", "side": "ask", "price": 0.04, "size": 122.0}]}
{"t": 1776976887.9062011, "events": [{"op": "set", "side": "ask", "price": 0.14, "size": 173.0}]}
{"t": 1776976889.923457, "events": [{"op": "delete", "side": "ask", "price": 0.13}, {"op": "set", "side": "ask", "price": 0.14, "size": 23.0}, {"op": "set", "side": "ask", "price": 0.04, "size": 69.0}]}
{"t": 1776976890.94024, "events": [{"op": "set", "side": "ask", "price": 0.05, "size": 101.0}, {"op": "set", "side": "ask", "price": 0.06, "size": 65.0}]}
{"t": 1776976891.953293, "events": [{"op": "set", "side": "ask", "price": 0.05, "size": 58.0}, {"op": "set", "side": "ask", "price": 0.07, "size": 42.0}]}
{"t": 1776976894.0004108, "events": [{"op": "delete", "side": "ask", "price": 0.05}, {"op": "delete", "side": "ask", "price": 0.06}, {"op": "set", "side": "ask", "price": 0.04, "size": 26.0}]}
{"t": 1776976896.023417, "events": [{"op": "set", "side": "ask", "price": 0.07, "size": 65.0}, {"op": "set", "side": "ask", "price": 0.14, "size": 58.0}, {"op": "set", "side": "ask", "price": 0.15, "size": 43.0}, {"op": "delete", "side": "ask", "price": 0.04}]}
{"t": 1776976897.036383, "events": [{"op": "set", "side": "ask", "price": 0.07, "size": 23.0}]}
{"t": 1776976899.057378, "events": [{"op": "set", "side": "ask", "price": 0.08, "size": 42.0}]}
{"t": 1776976900.0714052, "events": [{"op": "set", "side": "ask", "price": 0.14, "size": 35.0}]}
{"t": 1776976901.0843189, "events": [{"op": "delete", "side": "ask", "price": 0.07}, {"op": "delete", "side": "ask", "price": 0.14}, {"op": "delete", "side": "ask", "price": 0.15}]}
{"t": 1776976902.095287, "events": [{"op": "set", "side": "ask", "price": 0.08, "size": 224.0}, {"op": "set", "side": "ask", "price": 0.03, "size": 461.0}, {"op": "set", "side": "ask", "price": 0.09, "size": 497.0}, {"op": "set", "side": "ask", "price": 0.1, "size": 36.0}]}
{"t": 1776976906.1795998, "events": [{"op": "set", "side": "ask", "price": 0.09, "size": 474.0}, {"op": "delete", "side": "ask", "price": 0.08}, {"op": "set", "side": "ask", "price": 0.03, "size": 448.0}]}
{"t": 1776976907.188873, "events": [{"op": "set", "side": "ask", "price": 0.1, "size": 59.0}, {"op": "set", "side": "ask", "price": 0.09, "size": 36.0}]}
{"t": 1776976908.196084, "events": [{"op": "set", "side": "ask", "price": 0.1, "size": 129.0}, {"op": "set", "side": "ask", "price": 0.11, "size": 195.0}]}
{"t": 1776976909.212866, "events": [{"op": "set", "side": "ask", "price": 0.1, "size": 106.0}, {"op": "set", "side": "ask", "price": 0.12, "size": 31.0}]}
{"t": 1776976910.2220101, "events": [{"op": "set", "side": "ask", "price": 0.12, "size": 54.0}, {"op": "set", "side": "ask", "price": 0.01, "size": 200.0}]}
{"t": 1776976911.240003, "events": [{"op": "set", "side": "bid", "price": 0.02, "size": 64.0}, {"op": "delete", "side": "ask", "price": 0.1}, {"op": "delete", "side": "ask", "price": 0.09}, {"op": "set", "side": "ask", "price": 0.03, "size": 461.0}, {"op": "delete", "side": "ask", "price": 0.11}]}
{"t": 1776976912.4020412, "events": [{"op": "set", "side": "ask", "price": 0.12, "size": 256.0}, {"op": "set", "side": "ask", "price": 0.03, "size": 514.0}, {"op": "set", "side": "ask", "price": 0.13, "size": 474.0}]}
{"t": 1776976915.429585, "events": [{"op": "delete", "side": "bid", "price": 0.56}, {"op": "set", "side": "bid", "price": 0.52, "size": 77.0}, {"op": "set", "side": "ask", "price": 0.12, "size": 233.0}]}
{"t": 1776976916.451133, "events": [{"op": "set", "side": "ask", "price": 0.13, "size": 531.0}]}
{"t": 1776976918.474678, "events": [{"op": "set", "side": "bid", "price": 0.84, "size": 5.0}]}
{"t": 1776976929.578751, "events": [{"op": "delete", "side": "ask", "price": 0.12}, {"op": "set", "side": "ask", "price": 0.13, "size": 301.0}, {"op": "set", "side": "ask", "price": 0.03, "size": 486.0}, {"op": "set", "side": "ask", "price": 0.04, "size": 27.0}]}
{"t": 1776976930.605024, "events": [{"op": "set", "side": "ask", "price": 0.13, "size": 267.0}, {"op": "set", "side": "ask", "price": 0.03, "size": 661.0}, {"op": "set", "side": "ask", "price": 0.05, "size": 44.0}, {"op": "set", "side": "ask", "price": 0.14, "size": 183.0}]}
{"t": 1776976931.623748, "events": [{"op": "delete", "side": "ask", "price": 0.05}]}
{"t": 1776976932.637355, "events": [{"op": "set", "side": "ask", "price": 0.05, "size": 44.0}]}
{"t": 1776976934.6576781, "events": [{"op": "set", "side": "ask", "price": 0.13, "size": 244.0}]}
{"t": 1776976935.666951, "events": [{"op": "set", "side": "ask", "price": 0.14, "size": 206.0}]}
{"t": 1776976936.672655, "events": [{"op": "delete", "side": "ask", "price": 0.05}]}
{"t": 1776976938.691734, "events": [{"op": "delete", "side": "ask", "price": 0.13}, {"op": "set", "side": "ask", "price": 0.03, "size": 433.0}, {"op": "set", "side": "ask", "price": 0.14, "size": 122.0}, {"op": "set", "side": "ask", "price": 0.05, "size": 44.0}, {"op": "set", "side": "ask", "price": 0.15, "size": 82.0}, {"op": "set", "side": "ask", "price": 0.04, "size": 116.0}]}
{"t": 1776976941.7294898, "events": [{"op": "delete", "side": "ask", "price": 0.05}, {"op": "set", "side": "ask", "price": 0.14, "size": 99.0}]}
{"t": 1776976942.738662, "events": [{"op": "set", "side": "ask", "price": 0.05, "size": 44.0}]}
{"t": 1776976946.774417, "events": [{"op": "delete", "side": "ask", "price": 0.05}]}
{"t": 1776976947.781201, "events": [{"op": "set", "side": "ask", "price": 0.05, "size": 44.0}]}
{"t": 1776976961.860786, "events": [{"op": "delete", "side": "ask", "price": 0.05}]}
{"t": 1776976962.8689432, "events": [{"op": "set", "side": "ask", "price": 0.05, "size": 44.0}]}
{"t": 1776976966.893217, "events": [{"op": "delete", "side": "ask", "price": 0.05}]}
{"t": 1776976967.899841, "events": [{"op": "set", "side": "ask", "price": 0.05, "size": 44.0}]}
{"t": 1776976969.9200552, "events": [{"op": "delete", "side": "ask", "price": 0.14}, {"op": "delete", "side": "ask", "price": 0.15}]}
{"t": 1776976970.939878, "events": [{"op": "set", "side": "ask", "price": 0.05, "size": 102.0}, {"op": "set", "side": "ask", "price": 0.06, "size": 63.0}, {"op": "set", "side": "ask", "price": 0.04, "size": 43.0}]}
{"t": 1776976971.962135, "events": [{"op": "set", "side": "ask", "price": 0.05, "size": 58.0}]}
{"t": 1776976972.975918, "events": [{"op": "set", "side": "ask", "price": 0.07, "size": 39.0}]}
{"t": 1776976976.001222, "events": [{"op": "delete", "side": "ask", "price": 0.05}, {"op": "delete", "side": "ask", "price": 0.06}, {"op": "set", "side": "ask", "price": 0.08, "size": 23.0}, {"op": "delete", "side": "ask", "price": 0.04}]}
{"t": 1776976977.017309, "events": [{"op": "set", "side": "ask", "price": 0.07, "size": 23.0}, {"op": "set", "side": "ask", "price": 0.08, "size": 234.0}, {"op": "set", "side": "ask", "price": 0.09, "size": 474.0}]}
{"t": 1776976978.030357, "events": [{"op": "set", "side": "ask", "price": 0.1, "size": 37.0}]}
{"t": 1776976979.055949, "events": [{"op": "delete", "side": "ask", "price": 0.07}, {"op": "delete", "side": "ask", "price": 0.09}]}
{"t": 1776976980.067904, "events": [{"op": "set", "side": "ask", "price": 0.1, "size": 105.0}, {"op": "set", "side": "ask", "price": 0.08, "size": 60.0}, {"op": "set", "side": "ask", "price": 0.11, "size": 102.0}]}
{"t": 1776976982.084939, "events": [{"op": "set", "side": "ask", "price": 0.1, "size": 68.0}, {"op": "set", "side": "ask", "price": 0.12, "size": 29.0}]}
{"t": 1776976984.098201, "events": [{"op": "delete", "side": "bid", "price": 0.84}, {"op": "set", "side": "ask", "price": 0.03, "size": 456.0}]}
{"t": 1776976985.107435, "events": [{"op": "set", "side": "ask", "price": 0.08, "size": 37.0}]}
{"t": 1776976986.1158159, "events": [{"op": "set", "side": "ask", "price": 0.12, "size": 52.0}]}
{"t": 1776976992.1589901, "events": [{"op": "delete", "side": "ask", "price": 0.1}, {"op": "delete", "side": "ask", "price": 0.08}, {"op": "set", "side": "ask", "price": 0.03, "size": 508.0}, {"op": "delete", "side": "ask", "price": 0.11}, {"op": "set", "side": "ask", "price": 0.12, "size": 255.0}, {"op": "set", "side": "ask", "price": 0.13, "size": 507.0}]}
{"t": 1776976997.2072861, "events": [{"op": "set", "side": "ask", "price": 0.12, "size": 251.0}, {"op": "set", "side": "ask", "price": 0.13, "size": 292.0}, {"op": "set", "side": "ask", "price": 0.03, "size": 456.0}, {"op": "set", "side": "ask", "price": 0.14, "size": 220.0}]}
{"t": 1776976999.238602, "events": [{"op": "set", "side": "ask", "price": 0.12, "size": 228.0}, {"op": "set", "side": "ask", "price": 0.13, "size": 259.0}, {"op": "set", "side": "ask", "price": 0.14, "size": 250.0}]}
{"t": 1776977000.277825, "events": [{"op": "set", "side": "ask", "price": 0.14, "size": 273.0}]}
{"t": 1776977009.313969, "events": [{"op": "delete", "side": "ask", "price": 0.12}, {"op": "delete", "side": "ask", "price": 0.13}, {"op": "set", "side": "ask", "price": 0.03, "size": 539.0}, {"op": "set", "side": "ask", "price": 0.14, "size": 149.0}, {"op": "set", "side": "ask", "price": 0.15, "size": 116.0}, {"op": "set", "side": "ask", "price": 0.04, "size": 29.0}]}
{"t": 1776977010.336014, "events": [{"op": "set", "side": "ask", "price": 0.05, "size": 44.0}]}
{"t": 1776977012.346987, "events": [{"op": "delete", "side": "ask", "price": 0.05}]}
{"t": 1776977013.4125519, "events": [{"op": "set", "side": "ask", "price": 0.05, "size": 44.0}]}
{"t": 1776977015.4324858, "events": [{"op": "set", "side": "ask", "price": 0.14, "size": 126.0}]}
{"t": 1776977017.440346, "events": [{"op": "delete", "side": "ask", "price": 0.05}]}
{"t": 1776977019.458981, "events": [{"op": "set", "side": "ask", "price": 0.05, "size": 44.0}]}
{"t": 1776977022.481051, "events": [{"op": "set", "side": "ask", "price": 0.03, "size": 433.0}, {"op": "delete", "side": "ask", "price": 0.14}, {"op": "delete", "side": "ask", "price": 0.15}]}
