{"t": 1776975866.4869819, "events": [{"op": "set", "side": "ask", "price": 0.46, "size": 2137.48}]}
{"t": 1776975878.59487, "events": [{"op": "delete", "side": "bid", "price": 0.49}, {"op": "delete", "side": "bid", "price": 0.48}, {"op": "set", "side": "ask", "price": 0.46, "size": 1137.48}]}
{"t": 1776975881.629726, "events": [{"op": "set", "side": "bid", "price": 0.51, "size": 506.05}, {"op": "delete", "side": "bid", "price": 0.28}, {"op": "set", "side": "bid", "price": 0.52, "size": 998.0}, {"op": "set", "side": "ask", "price": 0.46, "size": 2137.48}]}
{"t": 1776975882.637974, "events": [{"op": "set", "side": "bid", "price": 0.52, "size": 1021.0}, {"op": "set", "side": "bid", "price": 0.51, "size": 483.05}, {"op": "set", "side": "ask", "price": 0.46, "size": 2107.48}, {"op": "set", "side": "ask", "price": 0.45, "size": 34.0}]}
{"t": 1776975884.672483, "events": [{"op": "set", "side": "ask", "price": 0.46, "size": 2092.48}]}
{"t": 1776975887.6896589, "events": [{"op": "set", "side": "bid", "price": 0.52, "size": 971.0}]}
{"t": 1776975888.692513, "events": [{"op": "set", "side": "ask", "price": 0.45, "size": 35.0}]}
{"t": 1776975889.700941, "events": [{"op": "set", "side": "bid", "price": 0.52, "size": 689.0}, {"op": "set", "side": "bid", "price": 0.51, "size": 815.05}, {"op": "set", "side": "bid", "price": 0.47, "size": 1001.0}]}
{"t": 1776975913.861079, "events": [{"op": "set", "side": "bid", "price": 0.52, "size": 522.0}, {"op": "set", "side": "bid", "price": 0.51, "size": 814.05}, {"op": "set", "side": "bid", "price": 0.48, "size": 16.0}]}
{"t": 1776975914.8911412, "events": [{"op": "set", "side": "bid", "price": 0.47, "size": 1167.0}]}
{"t": 1776975916.9452019, "events": [{"op": "set", "side": "bid", "price": 0.51, "size": 483.04999999999995}, {"op": "set", "side": "bid", "price": 0.47, "size": 1000.0}]}
{"t": 1776975917.960892, "events": [{"op": "set", "side": "bid", "price": 0.52, "size": 689.0}, {"op": "set", "side": "bid", "price": 0.51, "size": 815.05}, {"op": "set", "side": "bid", "price": 0.48, "size": 17.0}]}
{"t": 1776975940.061205, "events": [{"op": "set", "side": "bid", "price": 0.52, "size": 23.0}, {"op": "set", "side": "bid", "price": 0.51, "size": 481.04999999999995}, {"op": "set", "side": "bid", "price": 0.48, "size": 16.0}, {"op": "set", "side": "ask", "price": 0.46, "size": 1092.48}]}
{"t": 1776975942.095907, "events": [{"op": "set", "side": "bid", "price": 0.51, "size": 1481.05}, {"op": "set", "side": "ask", "price": 0.46, "size": 1094.48}, {"op": "set", "side": "ask", "price": 0.47, "size": 998.0}]}
{"t": 1776975943.110956, "events": [{"op": "delete", "side": "bid", "price": 0.52}, {"op": "set", "side": "bid", "price": 0.49, "size": 26.0}, {"op": "delete", "side": "ask", "price": 0.45}]}
{"t": 1776975944.1347961, "events": [{"op": "set", "side": "ask", "price": 0.45, "size": 36.0}]}
{"t": 1776975946.19179, "events": [{"op": "set", "side": "ask", "price": 0.47, "size": 666.0}]}
{"t": 1776975948.2322109, "events": [{"op": "delete", "side": "bid", "price": 0.49}, {"op": "set", "side": "bid", "price": 0.48, "size": 66.0}, {"op": "set", "side": "ask", "price": 0.46, "size": 1426.48}, {"op": "set", "side": "ask", "price": 0.45, "size": 1.0}]}
{"t": 1776975949.255933, "events": [{"op": "set", "side": "bid", "price": 0.49, "size": 26.0}, {"op": "set", "side": "ask", "price": 0.46, "size": 1458.48}]}
{"t": 1776975951.2976189, "events": [{"op": "set", "side": "bid", "price": 0.51, "size": 481.04999999999995}, {"op": "set", "side": "ask", "price": 0.46, "size": 1124.48}, {"op": "delete", "side": "ask", "price": 0.47}, {"op": "delete", "side": "ask", "price": 0.45}]}
{"t": 1776975953.32274, "events": [{"op": "delete", "side": "bid", "price": 0.49}, {"op": "set", "side": "bid", "price": 0.52, "size": 23.0}, {"op": "set", "side": "ask", "price": 0.46, "size": 1139.48}]}
{"t": 1776975954.332581, "events": [{"op": "set", "side": "bid", "price": 0.51, "size": 1481.05}, {"op": "delete", "side": "bid", "price": 0.48}, {"op": "set", "side": "ask", "price": 0.46, "size": 1109.48}, {"op": "set", "side": "ask", "price": 0.47, "size": 998.0}]}
{"t": 1776975955.341995, "events": [{"op": "set", "side": "ask", "price": 0.45, "size": 36.0}]}
{"t": 1776975959.372451, "events": [{"op": "set", "side": "ask", "price": 0.46, "size": 1426.48}, {"op": "set", "side": "ask", "price": 0.47, "size": 666.0}]}
{"t": 1776975963.398977, "events": [{"op": "set", "side": "ask", "price": 0.45, "size": 1.0}]}
{"t": 1776975964.407889, "events": [{"op": "set", "side": "ask", "price": 0.46, "size": 1458.48}]}
{"t": 1776975971.450849, "events": [{"op": "delete", "side": "ask", "price": 0.45}]}
{"t": 1776975973.468818, "events": [{"op": "set", "side": "ask", "price": 0.44, "size": 219.1}, {"op": "set", "side": "ask", "price": 0.46, "size": 1426.48}]}
{"t": 1776975974.486274, "events": [{"op": "set", "side": "ask", "price": 0.45, "size": 36.0}]}
{"t": 1776975977.5051599, "events": [{"op": "set", "side": "ask", "price": 0.44, "size": 218.1}]}
{"t": 1776975978.524107, "events": [{"op": "set", "side": "ask", "price": 0.45, "size": 1.0}]}
{"t": 1776975979.530004, "events": [{"op": "set", "side": "ask", "price": 0.46, "size": 1458.48}]}
{"t": 1776975989.593303, "events": [{"op": "set", "side": "ask", "price": 0.44, "size": 219.1}, {"op": "delete", "side": "ask", "price": 0.45}]}
{"t": 1776975993.639185, "events": [{"op": "set", "side": "bid", "price": 0.48, "size": 50.0}, {"op": "set", "side": "ask", "price": 0.46, "size": 1426.48}]}
{"t": 1776975994.652439, "events": [{"op": "set", "side": "ask", "price": 0.45, "size": 36.0}]}
{"t": 1776976002.718677, "events": [{"op": "set", "side": "ask", "price": 0.44, "size": 218.1}, {"op": "set", "side": "ask", "price": 0.45, "size": 37.0}]}
{"t": 1776976003.738184, "events": [{"op": "set", "side": "ask", "price": 0.46, "size": 1457.48}, {"op": "set", "side": "ask", "price": 0.45, "size": 1.0}]}
{"t": 1776976005.821455, "events": [{"op": "delete", "side": "bid", "price": 0.52}, {"op": "set", "side": "ask", "price": 0.44, "size": 219.1}, {"op": "delete", "side": "ask", "price": 0.45}]}
{"t": 1776976006.8415098, "events": [{"op": "set", "side": "bid", "price": 0.49, "size": 26.0}]}
{"t": 1776976008.8495371, "events": [{"op": "set", "side": "ask", "price": 0.46, "size": 1426.48}, {"op": "set", "side": "ask", "price": 0.45, "size": 36.0}]}
{"t": 1776976011.8745532, "events": [{"op": "set", "side": "ask", "price": 0.44, "size": 218.1}]}
{"t": 1776976013.8963861, "events": [{"op": "set", "side": "ask", "price": 0.46, "size": 1458.48}, {"op": "set", "side": "ask", "price": 0.45, "size": 1.0}]}
{"t": 1776976018.944151, "events": [{"op": "set", "side": "ask", "price": 0.46, "size": 1459.48}]}
{"t": 1776976021.967751, "events": [{"op": "set", "side": "ask", "price": 0.44, "size": 219.1}, {"op": "delete", "side": "ask", "price": 0.45}]}
{"t": 1776976023.989538, "events": [{"op": "set", "side": "ask", "price": 0.46, "size": 1426.48}, {"op": "set", "side": "ask", "price": 0.45, "size": 36.0}]}
{"t": 1776976028.033005, "events": [{"op": "delete", "side": "bid", "price": 0.49}, {"op": "delete", "side": "ask", "price": 0.45}]}
{"t": 1776976029.046649, "events": [{"op": "set", "side": "bid", "price": 0.49, "size": 26.0}, {"op": "set", "side": "ask", "price": 0.45, "size": 36.0}]}
{"t": 1776976030.0649989, "events": [{"op": "set", "side": "ask", "price": 0.44, "size": 218.1}]}
{"t": 1776976031.0763671, "events": [{"op": "set", "side": "ask", "price": 0.45, "size": 37.0}]}
{"t": 1776976033.0979562, "events": [{"op": "delete", "side": "bid", "price": 0.49}, {"op": "set", "side": "ask", "price": 0.45, "size": 1.0}]}
{"t": 1776976034.1065989, "events": [{"op": "set", "side": "bid", "price": 0.49, "size": 27.0}, {"op": "set", "side": "ask", "price": 0.46, "size": 1458.48}]}
{"t": 1776976038.1259038, "events": [{"op": "delete", "side": "bid", "price": 0.49}, {"op": "set", "side": "ask", "price": 0.46, "size": 1426.48}]}
{"t": 1776976039.130999, "events": [{"op": "set", "side": "bid", "price": 0.49, "size": 26.0}, {"op": "set", "side": "ask", "price": 0.46, "size": 1458.48}, {"op": "delete", "side": "ask", "price": 0.45}]}
{"t": 1776976040.136569, "events": [{"op": "set", "side": "ask", "price": 0.44, "size": 219.1}]}
{"t": 1776976041.146323, "events": [{"op": "set", "side": "ask", "price": 0.46, "size": 1214.48}, {"op": "set", "side": "ask", "price": 0.47, "size": 112.0}]}
{"t": 1776976042.1519518, "events": [{"op": "set", "side": "ask", "price": 0.38, "size": 523.0}, {"op": "set", "side": "ask", "price": 0.44, "size": 286.1}, {"op": "set", "side": "ask", "price": 0.43, "size": 1447.38}]}
{"t": 1776976043.1629992, "events": [{"op": "delete", "side": "bid", "price": 0.49}, {"op": "set", "side": "ask", "price": 0.46, "size": 1182.48}]}
{"t": 1776976044.185159, "events": [{"op": "set", "side": "bid", "price": 0.51, "size": 481.04999999999995}, {"op": "delete", "side": "bid", "price": 0.48}, {"op": "set", "side": "bid", "price": 0.52, "size": 23.0}, {"op": "set", "side": "ask", "price": 0.38, "size": 500.0}, {"op": "set", "side": "ask", "price": 0.44, "size": 218.10000000000002}, {"op": "set", "side": "ask", "price": 0.46, "size": 1092.48}, {"op": "delete", "side": "ask", "price": 0.47}, {"op": "set", "side": "ask", "price": 0.43, "size": 1402.38}, {"op": "set", "side": "ask", "price": 0.45, "size": 35.0}]}
{"t": 1776976047.209746, "events": [{"op": "set", "side": "bid", "price": 0.51, "size": 1481.05}, {"op": "set", "side": "ask", "price": 0.46, "size": 1094.48}, {"op": "set", "side": "ask", "price": 0.47, "size": 998.0}]}
{"t": 1776976048.218187, "events": [{"op": "delete", "side": "bid", "price": 0.52}, {"op": "delete", "side": "ask", "price": 0.45}]}
{"t": 1776976049.2295182, "events": [{"op": "set", "side": "bid", "price": 0.48, "size": 27.0}, {"op": "set", "side": "ask", "price": 0.45, "size": 36.0}]}
{"t": 1776976050.238752, "events": [{"op": "set", "side": "ask", "price": 0.44, "size": 219.10000000000002}, {"op": "set", "side": "ask", "price": 0.46, "size": 1426.48}, {"op": "set", "side": "ask", "price": 0.47, "size": 666.0}]}
{"t": 1776976053.276522, "events": [{"op": "delete", "side": "bid", "price": 0.48}, {"op": "delete", "side": "ask", "price": 0.45}]}
{"t": 1776976054.2832232, "events": [{"op": "set", "side": "bid", "price": 0.48, "size": 27.0}, {"op": "set", "side": "ask", "price": 0.45, "size": 36.0}]}
{"t": 1776976058.306615, "events": [{"op": "set", "side": "bid", "price": 0.51, "size": 481.04999999999995}, {"op": "set", "side": "ask", "price": 0.44, "size": 218.10000000000002}, {"op": "set", "side": "ask", "price": 0.46, "size": 1092.48}, {"op": "delete", "side": "ask", "price": 0.47}]}
{"t": 1776976061.337662, "events": [{"op": "set", "side": "bid", "price": 0.51, "size": 1481.05}, {"op": "set", "side": "ask", "price": 0.46, "size": 1094.48}, {"op": "set", "side": "ask", "price": 0.47, "size": 998.0}]}
{"t": 1776976063.365494, "events": [{"op": "delete", "side": "bid", "price": 0.48}, {"op": "delete", "side": "ask", "price": 0.45}]}
{"t": 1776976064.375992, "events": [{"op": "set", "side": "bid", "price": 0.48, "size": 27.0}, {"op": "set", "side": "ask", "price": 0.45, "size": 36.0}]}
{"t": 1776976065.3873029, "events": [{"op": "set", "side": "ask", "price": 0.47, "size": 666.0}]}
{"t": 1776976066.397533, "events": [{"op": "set", "side": "ask", "price": 0.46, "size": 1426.48}, {"op": "set", "side": "ask", "price": 0.45, "size": 37.0}]}
{"t": 1776976068.419334, "events": [{"op": "delete", "side": "bid", "price": 0.48}, {"op": "set", "side": "ask", "price": 0.45, "size": 1.0}]}
{"t": 1776976069.436353, "events": [{"op": "set", "side": "bid", "price": 0.48, "size": 27.0}, {"op": "set", "side": "ask", "price": 0.46, "size": 1458.48}]}
{"t": 1776976074.460224, "events": [{"op": "delete", "side": "ask", "price": 0.45}]}
{"t": 1776976075.471221, "events": [{"op": "set", "side": "ask", "price": 0.44, "size": 219.10000000000002}]}
{"t": 1776976077.482344, "events": [{"op": "set", "side": "bid", "price": 0.48, "size": 93.0}, {"op": "set", "side": "ask", "price": 0.46, "size": 1214.48}, {"op": "set", "side": "ask", "price": 0.47, "size": 112.0}, {"op": "set", "side": "ask", "price": 0.02, "size": 388.0}, {"op": "set", "side": "ask", "price": 0.04, "size": 568.0}]}
{"t": 1776976078.494921, "events": [{"op": "delete", "side": "bid", "price": 0.48}, {"op": "set", "side": "bid", "price": 0.52, "size": 22.0}, {"op": "set", "side": "ask", "price": 0.38, "size": 523.0}, {"op": "set", "side": "ask", "price": 0.44, "size": 286.1}, {"op": "set", "side": "ask", "price": 0.46, "size": 1182.48}, {"op": "set", "side": "ask", "price": 0.43, "size": 1447.38}, {"op": "set", "side": "ask", "price": 0.45, "size": 35.0}]}
{"t": 1776976083.531923, "events": [{"op": "delete", "side": "ask", "price": 0.45}]}
{"t": 1776976084.54107, "events": [{"op": "set", "side": "ask", "price": 0.45, "size": 35.0}]}
{"t": 1776976085.548361, "events": [{"op": "set", "side": "bid", "price": 0.51, "size": 481.04999999999995}, {"op": "set", "side": "ask", "price": 0.38, "size": 500.0}, {"op": "set", "side": "ask", "price": 0.44, "size": 218.10000000000002}, {"op": "set", "side": "ask", "price": 0.46, "size": 1092.48}, {"op": "delete", "side": "ask", "price": 0.47}, {"op": "set", "side": "ask", "price": 0.43, "size": 1402.38}]}
{"t": 1776976088.582797, "events": [{"op": "set", "side": "bid", "price": 0.51, "size": 1481.05}, {"op": "set", "side": "ask", "price": 0.46, "size": 1094.48}, {"op": "set", "side": "ask", "price": 0.47, "size": 998.0}, {"op": "set", "side": "ask", "price": 0.45, "size": 36.0}]}
{"t": 1776976092.6074328, "events": [{"op": "delete", "side": "bid", "price": 0.52}, {"op": "set", "side": "bid", "price": 0.51, "size": 1404.11}, {"op": "set", "side": "ask", "price": 0.47, "size": 666.0}]}
{"t": 1776976093.6152132, "events": [{"op": "set", "side": "bid", "price": 0.48, "size": 50.0}, {"op": "set", "side": "ask", "price": 0.46, "size": 1458.48}, {"op": "set", "side": "ask", "price": 0.45, "size": 1.0}]}
{"t": 1776976094.628316, "events": [{"op": "set", "side": "bid", "price": 0.49, "size": 26.0}]}
{"t": 1776976095.6349592, "events": [{"op": "delete", "side": "ask", "price": 0.45}]}
{"t": 1776976097.657048, "events": [{"op": "set", "side": "ask", "price": 0.44, "size": 219.10000000000002}]}
{"t": 1776976098.6700659, "events": [{"op": "set", "side": "ask", "price": 0.46, "size": 1426.48}, {"op": "set", "side": "ask", "price": 0.45, "size": 37.0}]}
{"t": 1776976099.67869, "events": [{"op": "set", "side": "ask", "price": 0.44, "size": 218.10000000000002}]}
{"t": 1776976100.698726, "events": [{"op": "set", "side": "ask", "price": 0.45, "size": 38.0}]}
{"t": 1776976103.7164748, "events": [{"op": "set", "side": "ask", "price": 0.46, "size": 1459.48}, {"op": "set", "side": "ask", "price": 0.45, "size": 1.0}]}
{"t": 1776976109.7538, "events": [{"op": "set", "side": "bid", "price": 0.51, "size": 1357.61}]}
{"t": 1776976113.775799, "events": [{"op": "set", "side": "bid", "price": 0.49, "size": 27.0}, {"op": "set", "side": "ask", "price": 0.44, "size": 219.10000000000002}, {"op": "set", "side": "ask", "price": 0.46, "size": 1426.48}, {"op": "set", "side": "ask", "price": 0.04, "size": 595.0}, {"op": "set", "side": "ask", "price": 0.45, "size": 36.0}, {"op": "set", "side": "ask", "price": 0.02, "size": 351.0}]}
{"t": 1776976116.79982, "events": [{"op": "set", "side": "ask", "price": 0.44, "size": 218.10000000000002}, {"op": "set", "side": "ask", "price": 0.45, "size": 37.0}]}
{"t": 1776976118.820491, "events": [{"op": "delete", "side": "bid", "price": 0.49}, {"op": "set", "side": "ask", "price": 0.45, "size": 1.0}]}
{"t": 1776976119.83535, "events": [{"op": "set", "side": "bid", "price": 0.49, "size": 26.0}, {"op": "set", "side": "ask", "price": 0.46, "size": 1458.48}]}
{"t": 1776976128.8931751, "events": [{"op": "set", "side": "bid", "price": 0.49, "size": 27.0}, {"op": "set", "side": "ask", "price": 0.44, "size": 219.10000000000002}, {"op": "set", "side": "ask", "price": 0.46, "size": 1426.48}, {"op": "set", "side": "ask", "price": 0.45, "size": 36.0}]}
{"t": 1776976130.9047801, "events": [{"op": "set", "side": "ask", "price": 0.44, "size": 218.10000000000002}, {"op": "set", "side": "ask", "price": 0.45, "size": 37.0}]}
{"t": 1776976133.922157, "events": [{"op": "set", "side": "bid", "price": 0.49, "size": 26.0}, {"op": "set", "side": "ask", "price": 0.46, "size": 1459.48}, {"op": "set", "side": "ask", "price": 0.45, "size": 1.0}]}
{"t": 1776976135.934583, "events": [{"op": "set", "side": "bid", "price": 0.51, "size": 357.6099999999999}, {"op": "set", "side": "ask", "price": 0.46, "size": 1125.48}, {"op": "delete", "side": "ask", "price": 0.47}, {"op": "delete", "side": "ask", "price": 0.45}]}
{"t": 1776976137.96097, "events": [{"op": "delete", "side": "bid", "price": 0.49}]}
{"t": 1776976138.9725718, "events": [{"op": "set", "side": "bid", "price": 0.49, "size": 27.0}]}
{"t": 1776976139.976351, "events": [{"op": "set", "side": "bid", "price": 0.49, "size": 1027.0}, {"op": "delete", "side": "bid", "price": 0.48}, {"op": "set", "side": "bid", "price": 0.5, "size": 16.0}, {"op": "set", "side": "ask", "price": 0.46, "size": 1094.48}, {"op": "set", "side": "ask", "price": 0.47, "size": 998.0}, {"op": "set", "side": "ask", "price": 0.45, "size": 37.0}]}
{"t": 1776976143.994279, "events": [{"op": "set", "side": "bid", "price": 0.5, "size": 41.0}, {"op": "set", "side": "bid", "price": 0.49, "size": 1000.0}]}
{"t": 1776976152.035327, "events": [{"op": "set", "side": "bid", "price": 0.5, "size": 25.0}, {"op": "delete", "side": "bid", "price": 0.49}, {"op": "set", "side": "ask", "price": 0.46, "size": 1092.48}, {"op": "delete", "side": "ask", "price": 0.47}]}
{"t": 1776976154.063997, "events": [{"op": "set", "side": "bid", "price": 0.5, "size": 1000.0}, {"op": "set", "side": "bid", "price": 0.48, "size": 27.0}, {"op": "set", "side": "ask", "price": 0.46, "size": 1094.48}, {"op": "set", "side": "ask", "price": 0.47, "size": 998.0}, {"op": "set", "side": "ask", "price": 0.45, "size": 35.0}]}
{"t": 1776976159.129062, "events": [{"op": "set", "side": "bid", "price": 0.51, "size": 381.6099999999999}, {"op": "delete", "side": "bid", "price": 0.48}, {"op": "set", "side": "ask", "price": 0.45, "size": 36.0}]}
{"t": 1776976163.1601741, "events": [{"op": "delete", "side": "ask", "price": 0.45}]}
{"t": 1776976164.1660988, "events": [{"op": "set", "side": "ask", "price": 0.45, "size": 36.0}]}
{"t": 1776976168.185441, "events": [{"op": "delete", "side": "ask", "price": 0.45}]}
{"t": 1776976169.201382, "events": [{"op": "set", "side": "ask", "price": 0.45, "size": 36.0}]}
{"t": 1776976172.213068, "events": [{"op": "delete", "side": "bid", "price": 0.5}, {"op": "set", "side": "ask", "price": 0.47, "size": 666.0}]}
{"t": 1776976173.230133, "events": [{"op": "set", "side": "bid", "price": 0.47, "size": 2000.0}, {"op": "set", "side": "ask", "price": 0.46, "size": 1426.48}, {"op": "set", "side": "ask", "price": 0.45, "size": 1.0}]}
{"t": 1776976174.237823, "events": [{"op": "set", "side": "ask", "price": 0.46, "size": 1460.48}]}
{"t": 1776976175.24962, "events": [{"op": "delete", "side": "ask", "price": 0.45}]}
{"t": 1776976178.273995, "events": [{"op": "set", "side": "ask", "price": 0.44, "size": 219.10000000000002}, {"op": "set", "side": "ask", "price": 0.46, "size": 1426.48}]}
{"t": 1776976179.287406, "events": [{"op": "set", "side": "ask", "price": 0.45, "size": 37.0}]}
{"t": 1776976183.318472, "events": [{"op": "set", "side": "bid", "price": 0.48, "size": 16.0}]}
{"t": 1776976188.349905, "events": [{"op": "delete", "side": "ask", "price": 0.45}]}
{"t": 1776976189.36215, "events": [{"op": "set", "side": "ask", "price": 0.45, "size": 37.0}]}
{"t": 1776976193.395335, "events": [{"op": "delete", "side": "ask", "price": 0.45}]}
{"t": 1776976194.405488, "events": [{"op": "set", "side": "bid", "price": 0.48, "size": 66.0}, {"op": "set", "side": "ask", "price": 0.45, "size": 37.0}]}
{"t": 1776976197.420757, "events": [{"op": "set", "side": "bid", "price": 0.47, "size": 1000.0}, {"op": "set", "side": "ask", "price": 0.44, "size": 218.10000000000002}, {"op": "set", "side": "ask", "price": 0.46, "size": 1093.48}, {"op": "delete", "side": "ask", "price": 0.47}]}
{"t": 1776976198.435571, "events": [{"op": "set", "side": "bid", "price": 0.48, "size": 2.0}, {"op": "set", "side": "bid", "price": 0.49, "size": 998.0}, {"op": "set", "side": "ask", "price": 0.46, "size": 1125.48}, {"op": "set", "side": "ask", "price": 0.45, "size": 999.0}]}
{"t": 1776976199.445118, "events": [{"op": "set", "side": "ask", "price": 0.46, "size": 1140.48}]}
{"t": 1776976204.476952, "events": [{"op": "delete", "side": "bid", "price": 0.49}, {"op": "delete", "side": "bid", "price": 0.48}, {"op": "set", "side": "ask", "price": 0.46, "size": 1139.48}, {"op": "delete", "side": "ask", "price": 0.45}]}
{"t": 1776976208.525941, "events": [{"op": "set", "side": "bid", "price": 0.47, "size": 1002.0}, {"op": "set", "side": "bid", "price": 0.48, "size": 998.0}, {"op": "set", "side": "ask", "price": 0.46, "size": 2139.48}]}
{"t": 1776976215.5757089, "events": [{"op": "set", "side": "bid", "price": 0.48, "size": 666.0}, {"op": "set", "side": "bid", "price": 0.46, "size": 1001.0}, {"op": "set", "side": "bid", "price": 0.47, "size": 1334.0}]}
{"t": 1776976217.597552, "events": [{"op": "set", "side": "bid", "price": 0.46, "size": 1000.0}, {"op": "set", "side": "bid", "price": 0.47, "size": 1000.0}]}
{"t": 1776976218.6080482, "events": [{"op": "set", "side": "bid", "price": 0.48, "size": 2.0}, {"op": "set", "side": "bid", "price": 0.49, "size": 998.0}]}
{"t": 1776976222.6332319, "events": [{"op": "delete", "side": "bid", "price": 0.49}, {"op": "set", "side": "bid", "price": 0.48, "size": 998.0}, {"op": "set", "side": "bid", "price": 0.47, "size": 1002.0}]}
{"t": 1776976223.6436858, "events": [{"op": "set", "side": "bid", "price": 0.48, "size": 666.0}, {"op": "set", "side": "bid", "price": 0.46, "size": 1001.0}, {"op": "set", "side": "bid", "price": 0.47, "size": 1334.0}]}
{"t": 1776976254.822479, "events": [{"op": "set", "side": "bid", "price": 0.48, "size": 2.0}, {"op": "set", "side": "bid", "price": 0.46, "size": 1000.0}, {"op": "set", "side": "bid", "price": 0.47, "size": 1000.0}]}
{"t": 1776976255.835129, "events": [{"op": "set", "side": "bid", "price": 0.47, "size": 1030.0}, {"op": "set", "side": "bid", "price": 0.49, "size": 998.0}]}
{"t": 1776976259.875783, "events": [{"op": "delete", "side": "bid", "price": 0.49}]}
{"t": 1776976260.885631, "events": [{"op": "set", "side": "bid", "price": 0.48, "size": 998.0}, {"op": "set", "side": "bid", "price": 0.47, "size": 1032.0}]}
{"t": 1776976276.0147579, "events": [{"op": "set", "side": "bid", "price": 0.48, "size": 666.0}]}
{"t": 1776976277.039475, "events": [{"op": "set", "side": "bid", "price": 0.46, "size": 1001.0}, {"op": "set", "side": "bid", "price": 0.47, "size": 1364.0}]}
{"t": 1776976280.070851, "events": [{"op": "set", "side": "bid", "price": 0.48, "size": 2.0}, {"op": "set", "side": "bid", "price": 0.46, "size": 1000.0}, {"op": "set", "side": "bid", "price": 0.47, "size": 1030.0}]}
{"t": 1776976281.087897, "events": [{"op": "set", "side": "bid", "price": 0.49, "size": 998.0}]}
{"t": 1776976285.139929, "events": [{"op": "delete", "side": "bid", "price": 0.49}, {"op": "delete", "side": "bid", "price": 0.48}, {"op": "set", "side": "ask", "price": 0.46, "size": 1139.48}]}
{"t": 1776976287.161626, "events": [{"op": "set", "side": "bid", "price": 0.47, "size": 1032.0}, {"op": "set", "side": "bid", "price": 0.48, "size": 998.0}, {"op": "set", "side": "ask", "price": 0.46, "size": 2139.48}]}
{"t": 1776976301.276474, "events": [{"op": "delete", "side": "bid", "price": 0.48}, {"op": "set", "side": "bid", "price": 0.47, "size": 1030.0}, {"op": "set", "side": "ask", "price": 0.46, "size": 1139.48}]}
{"t": 1776976304.313708, "events": [{"op": "set", "side": "bid", "price": 0.47, "size": 1032.0}, {"op": "set", "side": "bid", "price": 0.48, "size": 998.0}, {"op": "set", "side": "ask", "price": 0.46, "size": 2139.48}]}
{"t": 1776976307.3653572, "events": [{"op": "set", "side": "bid", "price": 0.48, "size": 666.0}, {"op": "set", "side": "bid", "price": 0.46, "size": 1001.0}, {"op": "set", "side": "bid", "price": 0.47, "size": 1364.0}]}
{"t": 1776976319.457519, "events": [{"op": "set", "side": "bid", "price": 0.51, "size": 372.6099999999999}]}
{"t": 1776976323.4797351, "events": [{"op": "set", "side": "bid", "price": 0.48, "size": 2.0}, {"op": "set", "side": "bid", "price": 0.46, "size": 1000.0}, {"op": "set", "side": "bid", "price": 0.47, "size": 1030.0}]}
{"t": 1776976324.50117, "events": [{"op": "set", "side": "bid", "price": 0.49, "size": 998.0}]}
{"t": 1776976332.56369, "events": [{"op": "delete", "side": "bid", "price": 0.49}]}
{"t": 1776976333.587355, "events": [{"op": "set", "side": "bid", "price": 0.51, "size": 363.6099999999999}, {"op": "set", "side": "bid", "price": 0.48, "size": 998.0}, {"op": "set", "side": "bid", "price": 0.47, "size": 1032.0}]}
{"t": 1776976335.619046, "events": [{"op": "set", "side": "bid", "price": 0.48, "size": 666.0}]}
{"t": 1776976336.625223, "events": [{"op": "set", "side": "bid", "price": 0.46, "size": 1001.0}, {"op": "set", "side": "bid", "price": 0.47, "size": 1364.0}, {"op": "set", "side": "bid", "price": 0.49, "size": 50.0}]}
{"t": 1776976339.6474261, "events": [{"op": "delete", "side": "bid", "price": 0.49}, {"op": "delete", "side": "bid", "price": 0.48}, {"op": "set", "side": "bid", "price": 0.46, "size": 1000.0}, {"op": "set", "side": "bid", "price": 0.47, "size": 1030.0}]}
{"t": 1776976340.6580539, "events": [{"op": "set", "side": "ask", "price": 0.46, "size": 1139.48}]}
{"t": 1776976341.674314, "events": [{"op": "set", "side": "bid", "price": 0.5, "size": 998.0}, {"op": "set", "side": "bid", "price": 0.49, "size": 2.0}, {"op": "set", "side": "ask", "price": 0.46, "size": 1107.48}]}
{"t": 1776976342.686982, "events": [{"op": "delete", "side": "bid", "price": 0.5}, {"op": "delete", "side": "bid", "price": 0.49}, {"op": "set", "side": "ask", "price": 0.45, "size": 35.0}]}
{"t": 1776976343.692986, "events": [{"op": "set", "side": "bid", "price": 0.51, "size": 341.6099999999999}, {"op": "set", "side": "bid", "price": 0.47, "size": 1000.0}, {"op": "set", "side": "bid", "price": 0.52, "size": 998.0}, {"op": "set", "side": "bid", "price": 0.48, "size": 50.0}, {"op": "set", "side": "ask", "price": 0.46, "size": 2107.48}]}
{"t": 1776976344.703347, "events": [{"op": "set", "side": "bid", "price": 0.52, "size": 24.0}, {"op": "set", "side": "bid", "price": 0.51, "size": 339.6099999999999}, {"op": "set", "side": "bid", "price": 0.48, "size": 80.0}, {"op": "set", "side": "ask", "price": 0.46, "size": 1107.48}, {"op": "set", "side": "ask", "price": 0.39, "size": 16.0}, {"op": "set", "side": "ask", "price": 0.45, "size": 33.0}]}
{"t": 1776976347.7271721, "events": [{"op": "set", "side": "bid", "price": 0.52, "size": 26.0}, {"op": "set", "side": "bid", "price": 0.48, "size": 50.0}, {"op": "set", "side": "bid", "price": 0.53, "size": 998.0}, {"op": "set", "side": "ask", "price": 0.45, "size": 1033.0}]}
{"t": 1776976348.738213, "events": [{"op": "set", "side": "ask", "price": 0.46, "size": 1092.48}]}
{"t": 1776976350.768629, "events": [{"op": "set", "side": "bid", "price": 0.52, "size": 2.0}, {"op": "set", "side": "ask", "price": 0.45, "size": 1000.0}]}
{"t": 1776976351.775647, "events": [{"op": "delete", "side": "bid", "price": 0.53}, {"op": "delete", "side": "bid", "price": 0.52}, {"op": "set", "side": "bid", "price": 0.47, "size": 1030.0}, {"op": "set", "side": "bid", "price": 0.49, "size": 27.0}, {"op": "delete", "side": "ask", "price": 0.39}, {"op": "set", "side": "ask", "price": 0.45, "size": 36.0}]}
{"t": 1776976355.830212, "events": [{"op": "delete", "side": "bid", "price": 0.49}, {"op": "delete", "side": "ask", "price": 0.45}]}
{"t": 1776976356.839608, "events": [{"op": "set", "side": "bid", "price": 0.5, "size": 998.0}, {"op": "set", "side": "bid", "price": 0.49, "size": 29.0}, {"op": "set", "side": "ask", "price": 0.46, "size": 2124.48}]}
{"t": 1776976359.87871, "events": [{"op": "set", "side": "bid", "price": 0.49, "size": 2.0}]}
{"t": 1776976360.895073, "events": [{"op": "set", "side": "bid", "price": 0.5, "size": 666.0}, {"op": "set", "side": "bid", "price": 0.49, "size": 334.0}, {"op": "set", "side": "bid", "price": 0.48, "size": 51.0}, {"op": "set", "side": "ask", "price": 0.39, "size": 16.0}]}
{"t": 1776976361.903726, "events": [{"op": "set", "side": "bid", "price": 0.51, "size": 363.6099999999999}]}
{"t": 1776976362.91397, "events": [{"op": "delete", "side": "bid", "price": 0.5}, {"op": "set", "side": "bid", "price": 0.49, "size": 2.0}]}
{"t": 1776976363.930155, "events": [{"op": "set", "side": "bid", "price": 0.49, "size": 666.0}, {"op": "set", "side": "bid", "price": 0.48, "size": 334.0}, {"op": "set", "side": "bid", "price": 0.47, "size": 1031.0}]}
{"t": 1776976378.028401, "events": [{"op": "set", "side": "ask", "price": 0.46, "size": 2139.48}]}
{"t": 1776976390.085834, "events": [{"op": "delete", "side": "bid", "price": 0.49}, {"op": "set", "side": "bid", "price": 0.48, "size": 666.0}, {"op": "set", "side": "bid", "price": 0.46, "size": 1001.0}, {"op": "set", "side": "bid", "price": 0.47, "size": 1364.0}]}
{"t": 1776976393.108543, "events": [{"op": "set", "side": "bid", "price": 0.48, "size": 2.0}, {"op": "set", "side": "bid", "price": 0.46, "size": 1000.0}, {"op": "set", "side": "bid", "price": 0.47, "size": 1030.0}]}
{"t": 1776976394.119156, "events": [{"op": "set", "side": "bid", "price": 0.49, "size": 998.0}]}
{"t": 1776976406.18958, "events": [{"op": "set", "side": "bid", "price": 0.47, "size": 1000.0}]}
{"t": 1776976415.243485, "events": [{"op": "delete", "side": "bid", "price": 0.49}, {"op": "set", "side": "bid", "price": 0.48, "size": 1.0}]}
{"t": 1776976416.25911, "events": [{"op": "set", "side": "bid", "price": 0.48, "size": 998.0}, {"op": "set", "side": "bid", "price": 0.47, "size": 1002.0}]}
{"t": 1776976423.3098712, "events": [{"op": "set", "side": "bid", "price": 0.48, "size": 666.0}, {"op": "set", "side": "bid", "price": 0.46, "size": 1001.0}, {"op": "set", "side": "bid", "price": 0.47, "size": 1334.0}]}
{"t": 1776976425.340163, "events": [{"op": "delete", "side": "bid", "price": 0.48}, {"op": "set", "side": "bid", "price": 0.46, "size": 1000.0}, {"op": "set", "side": "bid", "price": 0.47, "size": 1000.0}, {"op": "set", "side": "ask", "price": 0.46, "size": 1139.48}, {"op": "delete", "side": "ask", "price": 0.39}]}
{"t": 1776976428.364198, "events": [{"op": "set", "side": "bid", "price": 0.47, "size": 1002.0}, {"op": "set", "side": "bid", "price": 0.48, "size": 998.0}, {"op": "set", "side": "ask", "price": 0.46, "size": 2139.48}]}
{"t": 1776976431.391558, "events": [{"op": "set", "side": "bid", "price": 0.48, "size": 666.0}, {"op": "set", "side": "bid", "price": 0.46, "size": 1001.0}, {"op": "set", "side": "bid", "price": 0.47, "size": 1334.0}]}
{"t": 1776976436.4190028, "events": [{"op": "set", "side": "bid", "price": 0.48, "size": 2.0}, {"op": "set", "side": "bid", "price": 0.46, "size": 1000.0}, {"op": "set", "side": "bid", "price": 0.47, "size": 1000.0}]}
{"t": 1776976437.425882, "events": [{"op": "set", "side": "bid", "price": 0.49, "size": 998.0}]}
{"t": 1776976438.4467258, "events": [{"op": "delete", "side": "bid", "price": 0.49}]}
{"t": 1776976439.456811, "events": [{"op": "set", "side": "bid", "price": 0.48, "size": 998.0}, {"op": "set", "side": "bid", "price": 0.47, "size": 1002.0}]}
{"t": 1776976442.480271, "events": [{"op": "set", "side": "bid", "price": 0.48, "size": 666.0}, {"op": "set", "side": "bid", "price": 0.46, "size": 1001.0}, {"op": "set", "side": "bid", "price": 0.47, "size": 1334.0}]}
{"t": 1776976443.4918458, "events": [{"op": "set", "side": "bid", "price": 0.48, "size": 2.0}, {"op": "set", "side": "bid", "price": 0.46, "size": 1000.0}, {"op": "set", "side": "bid", "price": 0.47, "size": 1000.0}, {"op": "set", "side": "bid", "price": 0.49, "size": 998.0}]}
{"t": 1776976451.535392, "events": [{"op": "delete", "side": "bid", "price": 0.49}, {"op": "set", "side": "bid", "price": 0.48, "size": 52.0}]}
{"t": 1776976453.5542011, "events": [{"op": "set", "side": "bid", "price": 0.48, "size": 1048.0}, {"op": "set", "side": "bid", "price": 0.47, "size": 1002.0}]}
{"t": 1776976454.565593, "events": [{"op": "set", "side": "bid", "price": 0.48, "size": 52.0}, {"op": "set", "side": "bid", "price": 0.47, "size": 1000.0}]}
{"t": 1776976455.5719721, "events": [{"op": "set", "side": "bid", "price": 0.48, "size": 51.0}, {"op": "set", "side": "bid", "price": 0.5, "size": 666.0}, {"op": "set", "side": "bid", "price": 0.49, "size": 334.0}]}
{"t": 1776976457.590011, "events": [{"op": "delete", "side": "bid", "price": 0.5}]}
{"t": 1776976460.625124, "events": [{"op": "set", "side": "bid", "price": 0.49, "size": 666.0}, {"op": "set", "side": "bid", "price": 0.48, "size": 334.0}, {"op": "set", "side": "bid", "price": 0.47, "size": 1001.0}]}
{"t": 1776976461.631319, "events": [{"op": "delete", "side": "bid", "price": 0.49}, {"op": "set", "side": "bid", "price": 0.48, "size": 1.0}]}
{"t": 1776976462.638276, "events": [{"op": "set", "side": "bid", "price": 0.48, "size": 666.0}, {"op": "set", "side": "bid", "price": 0.46, "size": 1001.0}, {"op": "set", "side": "bid", "price": 0.47, "size": 1334.0}]}
{"t": 1776976465.66493, "events": [{"op": "delete", "side": "bid", "price": 0.48}, {"op": "set", "side": "bid", "price": 0.46, "size": 1000.0}, {"op": "set", "side": "bid", "price": 0.47, "size": 1000.0}, {"op": "set", "side": "ask", "price": 0.46, "size": 1139.48}]}
{"t": 1776976467.6886039, "events": [{"op": "set", "side": "ask", "price": 0.46, "size": 1107.48}, {"op": "set", "side": "ask", "price": 0.45, "size": 34.0}]}
{"t": 1776976468.700096, "events": [{"op": "set", "side": "bid", "price": 0.47, "size": 1002.0}, {"op": "set", "side": "bid", "price": 0.48, "size": 998.0}, {"op": "set", "side": "ask", "price": 0.46, "size": 2107.48}]}
{"t": 1776976470.713255, "events": [{"op": "set", "side": "ask", "price": 0.45, "size": 36.0}]}
{"t": 1776976472.725442, "events": [{"op": "set", "side": "bid", "price": 0.48, "size": 666.0}, {"op": "set", "side": "bid", "price": 0.46, "size": 1001.0}, {"op": "set", "side": "bid", "price": 0.47, "size": 1334.0}]}
{"t": 1776976474.742902, "events": [{"op": "delete", "side": "ask", "price": 0.45}]}
{"t": 1776976475.752197, "events": [{"op": "set", "side": "ask", "price": 0.45, "size": 37.0}]}
{"t": 1776976477.761339, "events": [{"op": "set", "side": "bid", "price": 0.48, "size": 50.0}, {"op": "set", "side": "bid", "price": 0.46, "size": 1000.0}, {"op": "set", "side": "bid", "price": 0.47, "size": 1000.0}, {"op": "set", "side": "ask", "price": 0.46, "size": 1107.48}]}
{"t": 1776976479.7830348, "events": [{"op": "delete", "side": "ask", "price": 0.45}]}
{"t": 1776976480.793513, "events": [{"op": "set", "side": "ask", "price": 0.45, "size": 34.0}]}
{"t": 1776976481.809105, "events": [{"op": "set", "side": "bid", "price": 0.48, "size": 2.0}, {"op": "set", "side": "bid", "price": 0.49, "size": 998.0}, {"op": "set", "side": "ask", "price": 0.46, "size": 2107.48}]}
{"t": 1776976484.820907, "events": [{"op": "delete", "side": "bid", "price": 0.49}]}
{"t": 1776976485.858399, "events": [{"op": "set", "side": "bid", "price": 0.48, "size": 998.0}, {"op": "set", "side": "bid", "price": 0.47, "size": 1002.0}, {"op": "set", "side": "ask", "price": 0.45, "size": 36.0}]}
{"t": 1776976488.8840268, "events": [{"op": "set", "side": "ask", "price": 0.46, "size": 2092.48}]}
{"t": 1776976489.887844, "events": [{"op": "delete", "side": "ask", "price": 0.45}]}
{"t": 1776976490.901129, "events": [{"op": "set", "side": "ask", "price": 0.45, "size": 36.0}]}
{"t": 1776976491.914994, "events": [{"op": "set", "side": "bid", "price": 0.48, "size": 666.0}, {"op": "set", "side": "bid", "price": 0.46, "size": 1001.0}, {"op": "set", "side": "bid", "price": 0.47, "size": 1334.0}]}
{"t": 1776976494.9357922, "events": [{"op": "delete", "side": "ask", "price": 0.45}]}
{"t": 1776976495.9455118, "events": [{"op": "set", "side": "ask", "price": 0.45, "size": 37.0}]}
{"t": 1776976499.969461, "events": [{"op": "delete", "side": "ask", "price": 0.45}]}
{"t": 1776976500.976686, "events": [{"op": "set", "side": "ask", "price": 0.46, "size": 2107.48}, {"op": "set", "side": "ask", "price": 0.45, "size": 37.0}]}
{"t": 1776976504.995602, "events": [{"op": "set", "side": "bid", "price": 0.48, "size": 2.0}, {"op": "set", "side": "bid", "price": 0.46, "size": 1000.0}, {"op": "set", "side": "bid", "price": 0.47, "size": 1000.0}, {"op": "delete", "side": "ask", "price": 0.45}]}
{"t": 1776976506.004798, "events": [{"op": "set", "side": "bid", "price": 0.49, "size": 998.0}, {"op": "set", "side": "ask", "price": 0.39, "size": 16.0}, {"op": "set", "side": "ask", "price": 0.45, "size": 36.0}]}
{"t": 1776976510.0364318, "events": [{"op": "delete", "side": "ask", "price": 0.45}]}
{"t": 1776976511.044847, "events": [{"op": "set", "side": "ask", "price": 0.45, "size": 37.0}]}
{"t": 1776976515.079541, "events": [{"op": "set", "side": "bid", "price": 0.25, "size": 30.0}, {"op": "set", "side": "bid", "price": 0.21, "size": 3766.0}, {"op": "set", "side": "ask", "price": 0.19, "size": 3182.0}, {"op": "set", "side": "ask", "price": 0.45, "size": 36.0}]}
{"t": 1776976520.122738, "events": [{"op": "delete", "side": "ask", "price": 0.45}]}
{"t": 1776976521.1357608, "events": [{"op": "set", "side": "ask", "price": 0.45, "size": 36.0}]}
{"t": 1776976525.156095, "events": [{"op": "delete", "side": "ask", "price": 0.45}]}
{"t": 1776976526.162179, "events": [{"op": "set", "side": "ask", "price": 0.45, "size": 36.0}]}
{"t": 1776976530.176915, "events": [{"op": "delete", "side": "ask", "price": 0.45}]}
{"t": 1776976531.1844459, "events": [{"op": "set", "side": "ask", "price": 0.45, "size": 36.0}]}
{"t": 1776976535.199321, "events": [{"op": "set", "side": "ask", "price": 0.46, "size": 2089.54}, {"op": "delete", "side": "ask", "price": 0.45}]}
{"t": 1776976536.203557, "events": [{"op": "delete", "side": "bid", "price": 0.49}, {"op": "delete", "side": "bid", "price": 0.48}, {"op": "set", "side": "ask", "price": 0.46, "size": 1089.54}, {"op": "delete", "side": "ask", "price": 0.39}, {"op": "set", "side": "ask", "price": 0.45, "size": 36.0}]}
{"t": 1776976537.216504, "events": [{"op": "set", "side": "bid", "price": 0.48, "size": 2.0}, {"op": "set", "side": "bid", "price": 0.49, "size": 998.0}, {"op": "set", "side": "ask", "price": 0.46, "size": 2089.54}]}
{"t": 1776976538.221212, "events": [{"op": "set", "side": "bid", "price": 0.22, "size": 13.0}, {"op": "set", "side": "ask", "price": 0.01, "size": 258.0}, {"op": "set", "side": "ask", "price": 0.04, "size": 568.0}]}
{"t": 1776976540.237312, "events": [{"op": "delete", "side": "ask", "price": 0.45}]}
{"t": 1776976541.245595, "events": [{"op": "set", "side": "ask", "price": 0.45, "size": 36.0}]}
{"t": 1776976545.305117, "events": [{"op": "set", "side": "bid", "price": 0.5, "size": 50.0}]}
{"t": 1776976548.331649, "events": [{"op": "delete", "side": "bid", "price": 0.5}, {"op": "delete", "side": "bid", "price": 0.49}, {"op": "delete", "side": "bid", "price": 0.48}]}
{"t": 1776976550.374534, "events": [{"op": "set", "side": "bid", "price": 0.51, "size": 1361.61}, {"op": "set", "side": "bid", "price": 0.5, "size": 2.0}, {"op": "set", "side": "ask", "price": 0.45, "size": 35.0}]}
{"t": 1776976552.38733, "events": [{"op": "set", "side": "bid", "price": 0.51, "size": 697.6099999999999}, {"op": "delete", "side": "bid", "price": 0.5}]}
{"t": 1776976553.394047, "events": [{"op": "set", "side": "bid", "price": 0.51, "size": 673.6099999999999}, {"op": "set", "side": "bid", "price": 0.47, "size": 1001.0}, {"op": "set", "side": "bid", "price": 0.52, "size": 666.0}]}
{"t": 1776976554.400636, "events": [{"op": "set", "side": "bid", "price": 0.52, "size": 689.0}]}
{"t": 1776976555.404792, "events": [{"op": "set", "side": "ask", "price": 0.46, "size": 2074.54}, {"op": "delete", "side": "ask", "price": 0.45}]}
{"t": 1776976556.4166641, "events": [{"op": "set", "side": "ask", "price": 0.45, "size": 34.0}]}
{"t": 1776976560.430049, "events": [{"op": "set", "side": "bid", "price": 0.52, "size": 135.0}, {"op": "set", "side": "bid", "price": 0.51, "size": 429.6099999999999}, {"op": "set", "side": "ask", "price": 0.02, "size": 394.0}, {"op": "set", "side": "ask", "price": 0.01, "size": 215.0}, {"op": "delete", "side": "ask", "price": 0.45}]}
{"t": 1776976561.438821, "events": [{"op": "set", "side": "bid", "price": 0.45, "size": 1023.0}, {"op": "set", "side": "bid", "price": 0.46, "size": 1045.0}, {"op": "set", "side": "bid", "price": 0.47, "size": 1068.0}, {"op": "set", "side": "ask", "price": 0.45, "size": 35.0}]}
{"t": 1776976565.468847, "events": [{"op": "set", "side": "bid", "price": 0.52, "size": 81.0}, {"op": "set", "side": "bid", "price": 0.51, "size": 380.6099999999999}, {"op": "set", "side": "bid", "price": 0.45, "size": 1000.0}, {"op": "set", "side": "bid", "price": 0.46, "size": 1014.0}, {"op": "set", "side": "bid", "price": 0.47, "size": 1027.0}, {"op": "set", "side": "bid", "price": 0.53, "size": 74.0}, {"op": "set", "side": "bid", "price": 0.48, "size": 50.0}, {"op": "set", "side": "ask", "price": 0.44, "size": 1212.1}, {"op": "set", "side": "ask", "price": 0.46, "size": 1074.54}, {"op": "set", "side": "ask", "price": 0.43, "size": 1901.38}]}
{"t": 1776976566.4827142, "events": [{"op": "set", "side": "bid", "price": 0.52, "size": 82.0}]}
{"t": 1776976569.49947, "events": [{"op": "delete", "side": "bid", "price": 0.53}, {"op": "set", "side": "bid", "price": 0.52, "size": 24.0}, {"op": "set", "side": "bid", "price": 0.51, "size": 339.6099999999999}, {"op": "set", "side": "bid", "price": 0.47, "size": 1000.0}, {"op": "set", "side": "bid", "price": 0.46, "size": 1000.0}, {"op": "set", "side": "ask", "price": 0.44, "size": 218.0999999999999}, {"op": "set", "side": "ask", "price": 0.43, "size": 1402.38}, {"op": "set", "side": "ask", "price": 0.45, "size": 33.0}]}
{"t": 1776976570.521151, "events": [{"op": "set", "side": "ask", "price": 0.45, "size": 34.0}]}
{"t": 1776976572.538016, "events": [{"op": "set", "side": "bid", "price": 0.48, "size": 2.0}, {"op": "set", "side": "bid", "price": 0.49, "size": 998.0}, {"op": "set", "side": "ask", "price": 0.46, "size": 2074.54}]}
{"t": 1776976575.5694778, "events": [{"op": "delete", "side": "ask", "price": 0.45}]}
{"t": 1776976576.575867, "events": [{"op": "set", "side": "ask", "price": 0.45, "size": 35.0}]}
{"t": 1776976580.610691, "events": [{"op": "set", "side": "ask", "price": 0.45, "size": 36.0}]}
{"t": 1776976593.717815, "events": [{"op": "delete", "side": "bid", "price": 0.52}, {"op": "set", "side": "bid", "price": 0.5, "size": 25.0}]}
{"t": 1776976595.7320058, "events": [{"op": "set", "side": "ask", "price": 0.46, "size": 2089.54}]}
{"t": 1776976605.780865, "events": [{"op": "set", "side": "bid", "price": 0.51, "size": 1337.61}, {"op": "set", "side": "bid", "price": 0.5, "size": 2.0}, {"op": "delete", "side": "bid", "price": 0.49}, {"op": "set", "side": "bid", "price": 0.48, "size": 27.0}]}
{"t": 1776976607.800011, "events": [{"op": "set", "side": "bid", "price": 0.51, "size": 673.6099999999999}, {"op": "delete", "side": "bid", "price": 0.5}, {"op": "set", "side": "bid", "price": 0.48, "size": 28.0}, {"op": "set", "side": "bid", "price": 0.52, "size": 666.0}, {"op": "set", "side": "ask", "price": 0.02, "size": 351.0}, {"op": "set", "side": "ask", "price": 0.04, "size": 609.0}]}
{"t": 1776976610.818959, "events": [{"op": "set", "side": "bid", "price": 0.52, "size": 690.0}, {"op": "set", "side": "bid", "price": 0.48, "size": 17.0}, {"op": "set", "side": "ask", "price": 0.45, "size": 33.0}]}
{"t": 1776976616.860393, "events": [{"op": "set", "side": "ask", "price": 0.46, "size": 2074.54}]}
{"t": 1776976619.87493, "events": [{"op": "delete", "side": "ask", "price": 0.45}]}
{"t": 1776976620.890514, "events": [{"op": "set", "side": "ask", "price": 0.45, "size": 33.0}]}
{"t": 1776976624.9222841, "events": [{"op": "set", "side": "bid", "price": 0.52, "size": 136.0}, {"op": "set", "side": "bid", "price": 0.51, "size": 429.6099999999999}, {"op": "set", "side": "bid", "price": 0.48, "size": 84.0}, {"op": "set", "side": "bid", "price": 0.46, "size": 1023.0}, {"op": "set", "side": "bid", "price": 0.47, "size": 1045.0}]}
{"t": 1776976625.935311, "events": [{"op": "set", "side": "ask", "price": 0.45, "size": 36.0}]}
{"t": 1776976627.946018, "events": [{"op": "set", "side": "bid", "price": 0.52, "size": 24.0}, {"op": "set", "side": "bid", "price": 0.51, "size": 339.6099999999999}, {"op": "set", "side": "bid", "price": 0.48, "size": 16.0}, {"op": "set", "side": "bid", "price": 0.46, "size": 1000.0}, {"op": "set", "side": "bid", "price": 0.47, "size": 1000.0}, {"op": "set", "side": "ask", "price": 0.46, "size": 1074.54}]}
{"t": 1776976629.966581, "events": [{"op": "delete", "side": "ask", "price": 0.45}]}
{"t": 1776976630.9735959, "events": [{"op": "set", "side": "bid", "price": 0.48, "size": 2.0}, {"op": "set", "side": "bid", "price": 0.49, "size": 998.0}, {"op": "set", "side": "ask", "price": 0.46, "size": 2074.54}, {"op": "set", "side": "ask", "price": 0.45, "size": 35.0}]}
{"t": 1776976632.999614, "events": [{"op": "set", "side": "bid", "price": 0.52, "size": 21.990000000000002}, {"op": "delete", "side": "bid", "price": 0.22}]}
{"t": 1776976635.0095758, "events": [{"op": "delete", "side": "ask", "price": 0.45}]}
{"t": 1776976636.012798, "events": [{"op": "set", "side": "ask", "price": 0.45, "size": 36.0}]}
{"t": 1776976640.0406752, "events": [{"op": "delete", "side": "ask", "price": 0.45}]}
{"t": 1776976641.045354, "events": [{"op": "set", "side": "ask", "price": 0.45, "size": 36.0}]}
{"t": 1776976645.071788, "events": [{"op": "delete", "side": "bid", "price": 0.52}]}
{"t": 1776976647.082238, "events": [{"op": "set", "side": "bid", "price": 0.5, "size": 26.0}]}
{"t": 1776976650.106755, "events": [{"op": "delete", "side": "bid", "price": 0.5}, {"op": "delete", "side": "bid", "price": 0.49}, {"op": "delete", "side": "bid", "price": 0.48}, {"op": "set", "side": "ask", "price": 0.46, "size": 2089.54}, {"op": "delete", "side": "ask", "price": 0.45}]}
{"t": 1776976651.118593, "events": [{"op": "set", "side": "bid", "price": 0.51, "size": 1362.61}, {"op": "set", "side": "bid", "price": 0.5, "size": 2.0}, {"op": "set", "side": "ask", "price": 0.02, "size": 388.0}, {"op": "set", "side": "ask", "price": 0.04, "size": 568.0}, {"op": "set", "side": "ask", "price": 0.45, "size": 35.0}]}
{"t": 1776976653.130749, "events": [{"op": "set", "side": "bid", "price": 0.51, "size": 698.6099999999999}, {"op": "delete", "side": "bid", "price": 0.5}, {"op": "set", "side": "bid", "price": 0.47, "size": 1001.0}, {"op": "set", "side": "bid", "price": 0.52, "size": 666.0}]}
{"t": 1776976655.139762, "events": [{"op": "set", "side": "bid", "price": 0.51, "size": 673.6099999999999}, {"op": "set", "side": "bid", "price": 0.48, "size": 50.0}, {"op": "set", "side": "ask", "price": 0.46, "size": 2074.54}, {"op": "delete", "side": "ask", "price": 0.45}]}
{"t": 1776976656.145735, "events": [{"op": "set", "side": "bid", "price": 0.49, "size": 27.0}, {"op": "set", "side": "ask", "price": 0.45, "size": 34.0}]}
{"t": 1776976660.164791, "events": [{"op": "set", "side": "bid", "price": 0.49, "size": 1.0}, {"op": "set", "side": "bid", "price": 0.47, "size": 1000.0}, {"op": "delete", "side": "ask", "price": 0.45}]}
{"t": 1776976662.1883461, "events": [{"op": "set", "side": "bid", "price": 0.5, "size": 26.0}, {"op": "set", "side": "ask", "price": 0.45, "size": 34.0}]}
{"t": 1776976665.228876, "events": [{"op": "delete", "side": "bid", "price": 0.5}, {"op": "delete", "side": "ask", "price": 0.45}]}
{"t": 1776976666.242671, "events": [{"op": "set", "side": "bid", "price": 0.5, "size": 26.0}, {"op": "set", "side": "ask", "price": 0.45, "size": 34.0}]}
{"t": 1776976670.27538, "events": [{"op": "delete", "side": "bid", "price": 0.5}, {"op": "delete", "side": "ask", "price": 0.45}]}
{"t": 1776976671.281625, "events": [{"op": "set", "side": "bid", "price": 0.52, "size": 689.0}, {"op": "set", "side": "ask", "price": 0.45, "size": 34.0}]}
{"t": 1776976675.3047261, "events": [{"op": "delete", "side": "ask", "price": 0.45}]}
{"t": 1776976676.313505, "events": [{"op": "set", "side": "ask", "price": 0.45, "size": 34.0}]}
{"t": 1776976680.334271, "events": [{"op": "delete", "side": "ask", "price": 0.45}]}
{"t": 1776976681.3585122, "events": [{"op": "set", "side": "ask", "price": 0.45, "size": 34.0}]}
{"t": 1776976688.379301, "events": [{"op": "delete", "side": "bid", "price": 0.49}]}
{"t": 1776976689.3868952, "events": [{"op": "set", "side": "bid", "price": 0.48, "size": 51.0}]}
{"t": 1776976690.397115, "events": [{"op": "delete", "side": "ask", "price": 0.45}]}
{"t": 1776976691.417778, "events": [{"op": "set", "side": "ask", "price": 0.45, "size": 34.0}]}
{"t": 1776976694.6291242, "events": [{"op": "set", "side": "bid", "price": 0.52, "size": 23.0}, {"op": "set", "side": "bid", "price": 0.51, "size": 339.6099999999999}, {"op": "set", "side": "bid", "price": 0.48, "size": 50.0}, {"op": "set", "side": "ask", "price": 0.46, "size": 1074.54}, {"op": "set", "side": "ask", "price": 0.02, "size": 351.0}, {"op": "set", "side": "ask", "price": 0.01, "size": 256.0}]}
{"t": 1776976695.801642, "events": [{"op": "set", "side": "ask", "price": 0.45, "size": 35.0}]}
{"t": 1776976697.8306718, "events": [{"op": "set", "side": "bid", "price": 0.48, "size": 2.0}, {"op": "set", "side": "bid", "price": 0.49, "size": 998.0}, {"op": "set", "side": "ask", "price": 0.46, "size": 2074.54}]}
{"t": 1776976699.857614, "events": [{"op": "delete", "side": "bid", "price": 0.52}]}
{"t": 1776976702.870096, "events": [{"op": "delete", "side": "bid", "price": 0.49}, {"op": "delete", "side": "bid", "price": 0.48}, {"op": "set", "side": "bid", "price": 0.5, "size": 26.0}, {"op": "delete", "side": "ask", "price": 0.45}]}
{"t": 1776976703.879584, "events": [{"op": "set", "side": "bid", "price": 0.51, "size": 1337.61}, {"op": "set", "side": "bid", "price": 0.5, "size": 28.0}, {"op": "set", "side": "ask", "price": 0.46, "size": 2089.54}, {"op": "set", "side": "ask", "price": 0.45, "size": 36.0}]}
{"t": 1776976705.8967402, "events": [{"op": "set", "side": "bid", "price": 0.5, "size": 2.0}, {"op": "set", "side": "bid", "price": 0.52, "size": 23.0}, {"op": "set", "side": "ask", "price": 0.45, "size": 34.0}]}
{"t": 1776976708.926789, "events": [{"op": "set", "side": "ask", "price": 0.46, "size": 2074.54}]}
{"t": 1776976709.929922, "events": [{"op": "delete", "side": "ask", "price": 0.45}]}
{"t": 1776976710.941517, "events": [{"op": "set", "side": "ask", "price": 0.45, "size": 34.0}]}
{"t": 1776976714.967621, "events": [{"op": "delete", "side": "ask", "price": 0.45}]}
{"t": 1776976715.9786172, "events": [{"op": "set", "side": "ask", "price": 0.45, "size": 34.0}]}
{"t": 1776976720.0040588, "events": [{"op": "delete", "side": "bid", "price": 0.5}]}
{"t": 1776976721.023626, "events": [{"op": "set", "side": "bid", "price": 0.52, "size": 689.0}, {"op": "set", "side": "bid", "price": 0.51, "size": 673.6099999999999}, {"op": "set", "side": "bid", "price": 0.47, "size": 1001.0}, {"op": "set", "side": "ask", "price": 0.02, "size": 387.0}, {"op": "set", "side": "ask", "price": 0.01, "size": 215.0}, {"op": "set", "side": "ask", "price": 0.45, "size": 33.0}]}
{"t": 1776976725.0786262, "events": [{"op": "delete", "side": "ask", "price": 0.45}]}
{"t": 1776976727.112159, "events": [{"op": "set", "side": "ask", "price": 0.45, "size": 33.0}]}
{"t": 1776976729.136172, "events": [{"op": "set", "side": "bid", "price": 0.52, "size": 135.0}, {"op": "set", "side": "bid", "price": 0.51, "size": 429.6099999999999}]}
{"t": 1776976730.1580229, "events": [{"op": "set", "side": "bid", "price": 0.52, "size": 112.0}, {"op": "set", "side": "bid", "price": 0.45, "size": 1023.0}, {"op": "set", "side": "bid", "price": 0.46, "size": 1045.0}, {"op": "set", "side": "bid", "price": 0.47, "size": 1068.0}, {"op": "set", "side": "bid", "price": 0.48, "size": 27.0}]}
{"t": 1776976732.18078, "events": [{"op": "delete", "side": "bid", "price": 0.48}, {"op": "delete", "side": "ask", "price": 0.45}]}
{"t": 1776976736.203402, "events": [{"op": "set", "side": "bid", "price": 0.48, "size": 27.0}, {"op": "set", "side": "ask", "price": 0.45, "size": 36.0}]}
{"t": 1776976738.2212422, "events": [{"op": "set", "side": "bid", "price": 0.46, "size": 1000.0}, {"op": "set", "side": "bid", "price": 0.47, "size": 1000.0}, {"op": "set", "side": "bid", "price": 0.45, "size": 1000.0}, {"op": "set", "side": "ask", "price": 0.46, "size": 1076.54}]}
{"t": 1776976739.229032, "events": [{"op": "set", "side": "bid", "price": 0.52, "size": 678.0}, {"op": "set", "side": "bid", "price": 0.51, "size": 673.6099999999999}, {"op": "set", "side": "bid", "price": 0.48, "size": 28.0}, {"op": "set", "side": "ask", "price": 0.44, "size": 718.0999999999999}, {"op": "set", "side": "ask", "price": 0.43, "size": 1901.38}, {"op": "set", "side": "ask", "price": 0.45, "size": 1035.0}]}
{"t": 1776976740.2347279, "events": [{"op": "set", "side": "bid", "price": 0.52, "size": 112.0}, {"op": "set", "side": "bid", "price": 0.51, "size": 429.6099999999999}, {"op": "set", "side": "ask", "price": 0.44, "size": 218.0999999999999}, {"op": "set", "side": "ask", "price": 0.43, "size": 1402.38}]}
{"t": 1776976741.2510169, "events": [{"op": "set", "side": "bid", "price": 0.48, "size": 95.0}, {"op": "set", "side": "bid", "price": 0.46, "size": 1023.0}, {"op": "set", "side": "bid", "price": 0.47, "size": 1045.0}, {"op": "set", "side": "ask", "price": 0.46, "size": 1075.54}]}
{"t": 1776976746.492167, "events": [{"op": "set", "side": "bid", "price": 0.48, "size": 68.0}, {"op": "set", "side": "ask", "price": 0.45, "size": 999.0}]}
{"t": 1776976749.529991, "events": [{"op": "set", "side": "bid", "price": 0.52, "size": 109.0}]}
{"t": 1776976752.540415, "events": [{"op": "delete", "side": "bid", "price": 0.52}, {"op": "set", "side": "bid", "price": 0.51, "size": 339.6099999999999}, {"op": "set", "side": "bid", "price": 0.48, "size": 2.0}, {"op": "set", "side": "bid", "price": 0.46, "size": 1000.0}, {"op": "set", "side": "bid", "price": 0.47, "size": 1000.0}, {"op": "set", "side": "bid", "price": 0.49, "size": 26.0}, {"op": "set", "side": "ask", "price": 0.45, "size": 36.0}]}
{"t": 1776976753.55836, "events": [{"op": "set", "side": "bid", "price": 0.49, "size": 1024.0}, {"op": "set", "side": "bid", "price": 0.5, "size": 50.0}, {"op": "set", "side": "ask", "price": 0.44, "size": 1217.1}]}
{"t": 1776976755.570341, "events": [{"op": "set", "side": "bid", "price": 0.49, "size": 998.0}, {"op": "set", "side": "ask", "price": 0.02, "size": 351.0}, {"op": "set", "side": "ask", "price": 0.04, "size": 608.0}, {"op": "delete", "side": "ask", "price": 0.45}]}
{"t": 1776976756.580106, "events": [{"op": "set", "side": "bid", "price": 0.51, "size": 363.6099999999999}, {"op": "set", "side": "ask", "price": 0.45, "size": 36.0}]}
{"t": 1776976759.609219, "events": [{"op": "delete", "side": "bid", "price": 0.48}]}
{"t": 1776976760.616456, "events": [{"op": "set", "side": "bid", "price": 0.51, "size": 341.6099999999999}, {"op": "delete", "side": "bid", "price": 0.5}, {"op": "delete", "side": "bid", "price": 0.49}, {"op": "set", "side": "bid", "price": 0.52, "size": 1022.0}, {"op": "set", "side": "ask", "price": 0.44, "size": 218.0999999999999}, {"op": "set", "side": "ask", "price": 0.45, "size": 1032.0}]}
{"t": 1776976765.655814, "events": [{"op": "set", "side": "ask", "price": 0.45, "size": 999.0}]}
{"t": 1776976766.6620412, "events": [{"op": "set", "side": "bid", "price": 0.48, "size": 50.0}, {"op": "set", "side": "ask", "price": 0.45, "size": 1032.0}]}
{"t": 1776976769.6871839, "events": [{"op": "set", "side": "bid", "price": 0.52, "size": 690.0}]}
{"t": 1776976770.703775, "events": [{"op": "set", "side": "bid", "price": 0.51, "size": 672.6099999999999}, {"op": "set", "side": "ask", "price": 0.45, "size": 999.0}]}
{"t": 1776976771.725236, "events": [{"op": "set", "side": "ask", "price": 0.45, "size": 1033.0}]}
{"t": 1776976785.8373, "events": [{"op": "set", "side": "ask", "price": 0.45, "size": 999.0}]}
{"t": 1776976786.846972, "events": [{"op": "set", "side": "ask", "price": 0.45, "size": 1033.0}]}
{"t": 1776976790.891396, "events": [{"op": "set", "side": "ask", "price": 0.45, "size": 999.0}]}
{"t": 1776976791.9012082, "events": [{"op": "set", "side": "ask", "price": 0.45, "size": 1034.0}]}
{"t": 1776976798.966105, "events": [{"op": "set", "side": "bid", "price": 0.52, "size": 24.0}, {"op": "set", "side": "bid", "price": 0.51, "size": 339.6099999999999}, {"op": "set", "side": "ask", "price": 0.46, "size": 1074.54}, {"op": "set", "side": "ask", "price": 0.45, "size": 35.0}]}
{"t": 1776976800.994625, "events": [{"op": "set", "side": "ask", "price": 0.02, "size": 376.0}, {"op": "set", "side": "ask", "price": 0.04, "size": 568.0}, {"op": "delete", "side": "ask", "price": 0.45}]}
{"t": 1776976802.004491, "events": [{"op": "set", "side": "ask", "price": 0.45, "size": 36.0}]}
{"t": 1776976803.02252, "events": [{"op": "delete", "side": "bid", "price": 0.52}]}
{"t": 1776976804.039381, "events": [{"op": "set", "side": "bid", "price": 0.48, "size": 1.0}, {"op": "set", "side": "bid", "price": 0.49, "size": 1025.0}, {"op": "set", "side": "ask", "price": 0.46, "size": 2074.54}]}
{"t": 1776976806.063827, "events": [{"op": "set", "side": "bid", "price": 0.49, "size": 333.0}, {"op": "delete", "side": "bid", "price": 0.48}, {"op": "delete", "side": "ask", "price": 0.45}]}
{"t": 1776976807.082735, "events": [{"op": "set", "side": "bid", "price": 0.5, "size": 25.0}, {"op": "set", "side": "ask", "price": 0.45, "size": 37.0}]}
{"t": 1776976808.091316, "events": [{"op": "set", "side": "bid", "price": 0.5, "size": 691.0}]}
{"t": 1776976809.098349, "events": [{"op": "set", "side": "bid", "price": 0.51, "size": 329.6099999999999}]}
{"t": 1776976811.119054, "events": [{"op": "set", "side": "bid", "price": 0.5, "size": 666.0}, {"op": "delete", "side": "ask", "price": 0.45}]}
{"t": 1776976812.1601799, "events": [{"op": "set", "side": "bid", "price": 0.51, "size": 353.6099999999999}, {"op": "delete", "side": "bid", "price": 0.5}, {"op": "set", "side": "ask", "price": 0.45, "size": 36.0}]}
{"t": 1776976814.181136, "events": [{"op": "set", "side": "bid", "price": 0.49, "size": 999.0}, {"op": "set", "side": "bid", "price": 0.48, "size": 1.0}]}
{"t": 1776976817.207639, "events": [{"op": "delete", "side": "ask", "price": 0.45}]}
{"t": 1776976818.228111, "events": [{"op": "set", "side": "ask", "price": 0.45, "size": 37.0}]}
{"t": 1776976821.2622788, "events": [{"op": "set", "side": "ask", "price": 0.46, "size": 2029.69}]}
{"t": 1776976823.281095, "events": [{"op": "delete", "side": "bid", "price": 0.49}, {"op": "delete", "side": "bid", "price": 0.48}, {"op": "set", "side": "bid", "price": 0.22, "size": 13.0}, {"op": "set", "side": "ask", "price": 0.46, "size": 1029.69}]}
{"t": 1776976826.322222, "events": [{"op": "set", "side": "bid", "price": 0.48, "size": 1.0}, {"op": "set", "side": "bid", "price": 0.49, "size": 999.0}, {"op": "set", "side": "ask", "price": 0.46, "size": 2029.69}]}
{"t": 1776976829.35049, "events": [{"op": "set", "side": "ask", "price": 0.46, "size": 2044.69}]}
{"t": 1776976831.380969, "events": [{"op": "set", "side": "bid", "price": 0.5, "size": 50.0}]}
{"t": 1776976834.404785, "events": [{"op": "delete", "side": "bid", "price": 0.5}, {"op": "delete", "side": "bid", "price": 0.49}, {"op": "delete", "side": "bid", "price": 0.48}]}
{"t": 1776976836.4244428, "events": [{"op": "set", "side": "bid", "price": 0.51, "size": 1352.61}, {"op": "set", "side": "bid", "price": 0.5, "size": 1.0}, {"op": "delete", "side": "ask", "price": 0.45}]}
{"t": 1776976837.434342, "events": [{"op": "set", "side": "ask", "price": 0.45, "size": 37.0}]}
{"t": 1776976839.444206, "events": [{"op": "set", "side": "bid", "price": 0.51, "size": 686.6099999999999}, {"op": "delete", "side": "bid", "price": 0.5}]}
{"t": 1776976840.4514198, "events": [{"op": "set", "side": "bid", "price": 0.51, "size": 662.6099999999999}, {"op": "set", "side": "bid", "price": 0.52, "size": 688.0}]}
{"t": 1776976841.461482, "events": [{"op": "set", "side": "ask", "price": 0.45, "size": 35.0}]}
{"t": 1776976842.471614, "events": [{"op": "set", "side": "ask", "price": 0.46, "size": 2029.69}]}
{"t": 1776976852.534729, "events": [{"op": "set", "side": "ask", "price": 0.46, "size": 1966.9}]}
{"t": 1776976859.598698, "events": [{"op": "set", "side": "bid", "price": 0.52, "size": 667.9}]}
{"t": 1776976864.6476958, "events": [{"op": "set", "side": "bid", "price": 0.52, "size": 688.9}]}
{"t": 1776976873.730138, "events": [{"op": "delete", "side": "bid", "price": 0.52}, {"op": "set", "side": "bid", "price": 0.51, "size": 329.6099999999999}, {"op": "set", "side": "ask", "price": 0.46, "size": 966.9000000000001}]}
{"t": 1776976874.749619, "events": [{"op": "set", "side": "bid", "price": 0.48, "size": 27.0}, {"op": "set", "side": "ask", "price": 0.46, "size": 981.9000000000001}]}
{"t": 1776976876.771445, "events": [{"op": "set", "side": "bid", "price": 0.48, "size": 28.0}, {"op": "set", "side": "bid", "price": 0.49, "size": 999.0}, {"op": "set", "side": "ask", "price": 0.46, "size": 1981.9}, {"op": "set", "side": "ask", "price": 0.45, "size": 36.0}]}
{"t": 1776976879.8108459, "events": [{"op": "set", "side": "ask", "price": 0.46, "size": 1966.9}]}
{"t": 1776976880.821571, "events": [{"op": "set", "side": "bid", "price": 0.49, "size": 23.0}, {"op": "set", "side": "bid", "price": 0.48, "size": 45.0}, {"op": "set", "side": "bid", "price": 0.46, "size": 1009.0}, {"op": "set", "side": "bid", "price": 0.47, "size": 1014.0}, {"op": "set", "side": "bid", "price": 0.5, "size": 28.0}]}
{"t": 1776976881.847991, "events": [{"op": "set", "side": "bid", "price": 0.51, "size": 352.6099999999999}, {"op": "set", "side": "bid", "price": 0.48, "size": 18.0}, {"op": "set", "side": "ask", "price": 0.45, "size": 37.0}]}
{"t": 1776976885.872129, "events": [{"op": "delete", "side": "bid", "price": 0.5}, {"op": "set", "side": "bid", "price": 0.47, "size": 1000.0}, {"op": "set", "side": "bid", "price": 0.48, "size": 51.0}, {"op": "set", "side": "bid", "price": 0.46, "size": 1000.0}]}
{"t": 1776976886.884876, "events": [{"op": "set", "side": "bid", "price": 0.49, "size": 999.0}, {"op": "set", "side": "bid", "price": 0.48, "size": 1.0}]}
{"t": 1776976889.923457, "events": [{"op": "set", "side": "bid", "price": 0.5, "size": 50.0}, {"op": "set", "side": "ask", "price": 0.46, "size": 1981.9}]}
{"t": 1776976894.0004108, "events": [{"op": "delete", "side": "bid", "price": 0.5}, {"op": "delete", "side": "bid", "price": 0.49}, {"op": "delete", "side": "bid", "price": 0.48}]}
{"t": 1776976896.023417, "events": [{"op": "set", "side": "bid", "price": 0.51, "size": 1351.61}, {"op": "set", "side": "bid", "price": 0.5, "size": 1.0}]}
{"t": 1776976897.036383, "events": [{"op": "delete", "side": "ask", "price": 0.45}]}
{"t": 1776976899.057378, "events": [{"op": "set", "side": "ask", "price": 0.46, "size": 2013.9}]}
{"t": 1776976900.0714052, "events": [{"op": "set", "side": "ask", "price": 0.46, "size": 1723.9}]}
{"t": 1776976901.0843189, "events": [{"op": "delete", "side": "bid", "price": 0.5}]}
{"t": 1776976902.095287, "events": [{"op": "set", "side": "bid", "price": 0.51, "size": 685.6099999999999}, {"op": "set", "side": "bid", "price": 0.52, "size": 666.0}, {"op": "set", "side": "ask", "price": 0.02, "size": 351.0}, {"op": "set", "side": "ask", "price": 0.04, "size": 610.0}]}
{"t": 1776976903.109659, "events": [{"op": "set", "side": "bid", "price": 0.51, "size": 662.6099999999999}]}
{"t": 1776976904.13005, "events": [{"op": "set", "side": "bid", "price": 0.52, "size": 688.0}]}
{"t": 1776976906.1795998, "events": [{"op": "set", "side": "ask", "price": 0.46, "size": 1708.9}]}
{"t": 1776976909.212866, "events": [{"op": "set", "side": "ask", "price": 0.46, "size": 1691.9}]}
{"t": 1776976916.451133, "events": [{"op": "set", "side": "bid", "price": 0.02, "size": 15.0}, {"op": "set", "side": "ask", "price": 0.02, "size": 378.0}]}
{"t": 1776976971.962135, "events": [{"op": "set", "side": "ask", "price": 0.43, "size": 1404.38}]}
{"t": 1776976972.975918, "events": [{"op": "set", "side": "ask", "price": 0.43, "size": 1402.38}]}
{"t": 1776976977.017309, "events": [{"op": "set", "side": "ask", "price": 0.46, "size": 1659.9}, {"op": "set", "side": "ask", "price": 0.45, "size": 35.0}]}
{"t": 1776976980.067904, "events": [{"op": "set", "side": "ask", "price": 0.44, "size": 220.0999999999999}]}
{"t": 1776976981.073195, "events": [{"op": "set", "side": "ask", "price": 0.44, "size": 218.0999999999999}]}
{"t": 1776976987.12725, "events": [{"op": "delete", "side": "ask", "price": 0.45}]}
{"t": 1776976988.13999, "events": [{"op": "set", "side": "ask", "price": 0.45, "size": 35.0}]}
{"t": 1776976989.1483011, "events": [{"op": "set", "side": "ask", "price": 0.44, "size": 220.0999999999999}]}
{"t": 1776976992.1589901, "events": [{"op": "delete", "side": "ask", "price": 0.45}]}
{"t": 1776976993.171943, "events": [{"op": "set", "side": "ask", "price": 0.45, "size": 35.0}]}
{"t": 1776976997.2072861, "events": [{"op": "delete", "side": "ask", "price": 0.45}]}
{"t": 1776976999.238602, "events": [{"op": "set", "side": "bid", "price": 0.48, "size": 50.0}, {"op": "set", "side": "ask", "price": 0.45, "size": 35.0}]}
{"t": 1776977012.346987, "events": [{"op": "delete", "side": "ask", "price": 0.45}]}
{"t": 1776977013.4125519, "events": [{"op": "set", "side": "ask", "price": 0.45, "size": 35.0}]}
{"t": 1776977017.440346, "events": [{"op": "delete", "side": "ask", "price": 0.45}]}
{"t": 1776977018.454496, "events": [{"op": "set", "side": "ask", "price": 0.46, "size": 1689.9}]}
{"t": 1776977021.478119, "events": [{"op": "set", "side": "ask", "price": 0.46, "size": 1682.73}]}
{"t": 1776977027.54447, "events": [{"op": "set", "side": "bid", "price": 0.52, "size": 22.0}, {"op": "set", "side": "bid", "price": 0.51, "size": 329.6099999999999}, {"op": "set", "side": "bid", "price": 0.48, "size": 80.0}, {"op": "set", "side": "ask", "price": 0.46, "size": 652.73}, {"op": "set", "side": "ask", "price": 0.01, "size": 252.0}, {"op": "set", "side": "ask", "price": 0.04, "size": 568.0}]}
{"t": 1776977028.556958, "events": [{"op": "set", "side": "ask", "price": 0.45, "size": 36.0}]}
{"t": 1776977032.5981371, "events": [{"op": "set", "side": "bid", "price": 0.52, "size": 1021.0}, {"op": "set", "side": "bid", "price": 0.51, "size": 330.6099999999999}, {"op": "set", "side": "bid", "price": 0.48, "size": 50.0}, {"op": "set", "side": "ask", "price": 0.46, "size": 1652.73}, {"op": "delete", "side": "ask", "price": 0.45}]}
{"t": 1776977033.6091561, "events": [{"op": "set", "side": "ask", "price": 0.45, "size": 33.0}]}
{"t": 1776977036.641244, "events": [{"op": "set", "side": "bid", "price": 0.52, "size": 688.0}, {"op": "set", "side": "ask", "price": 0.46, "size": 1587.73}]}
{"t": 1776977037.65825, "events": [{"op": "set", "side": "bid", "price": 0.51, "size": 662.6099999999999}, {"op": "set", "side": "ask", "price": 0.45, "size": 34.0}]}
{"t": 1776977062.857884, "events": [{"op": "set", "side": "ask", "price": 0.45, "size": 35.0}]}
{"t": 1776977074.921022, "events": [{"op": "set", "side": "ask", "price": 0.46, "size": 1411.32}, {"op": "set", "side": "ask", "price": 0.01, "size": 215.0}, {"op": "set", "side": "ask", "price": 0.04, "size": 590.0}]}
{"t": 1776977077.9874299, "events": [{"op": "set", "side": "ask", "price": 0.45, "size": 34.0}]}
{"t": 1776977083.058391, "events": [{"op": "set", "side": "ask", "price": 0.39, "size": 16.0}]}
{"t": 1776977088.161928, "events": [{"op": "set", "side": "ask", "price": 0.45, "size": 33.0}]}
{"t": 1776977092.223785, "events": [{"op": "delete", "side": "ask", "price": 0.45}]}
{"t": 1776977093.235487, "events": [{"op": "set", "side": "ask", "price": 0.45, "size": 34.0}]}
{"t": 1776977097.301329, "events": [{"op": "delete", "side": "ask", "price": 0.45}]}
{"t": 1776977098.3066041, "events": [{"op": "set", "side": "ask", "price": 0.45, "size": 35.0}]}
{"t": 1776977102.3221838, "events": [{"op": "delete", "side": "ask", "price": 0.45}]}
{"t": 1776977103.330272, "events": [{"op": "set", "side": "ask", "price": 0.45, "size": 35.0}]}
{"t": 1776977107.342998, "events": [{"op": "delete", "side": "ask", "price": 0.45}]}
{"t": 1776977108.387475, "events": [{"op": "set", "side": "ask", "price": 0.45, "size": 35.0}]}
{"t": 1776977112.4502468, "events": [{"op": "set", "side": "bid", "price": 0.48, "size": 66.0}, {"op": "set", "side": "ask", "price": 0.45, "size": 34.0}]}
{"t": 1776977122.517152, "events": [{"op": "delete", "side": "ask", "price": 0.45}]}
{"t": 1776977123.525151, "events": [{"op": "set", "side": "ask", "price": 0.45, "size": 34.0}]}
{"t": 1776977127.5465631, "events": [{"op": "delete", "side": "ask", "price": 0.45}]}
{"t": 1776977128.558957, "events": [{"op": "set", "side": "ask", "price": 0.45, "size": 34.0}]}
{"t": 1776977130.577865, "events": [{"op": "set", "side": "bid", "price": 0.52, "size": 22.0}, {"op": "set", "side": "bid", "price": 0.51, "size": 329.6099999999999}, {"op": "set", "side": "bid", "price": 0.48, "size": 50.0}, {"op": "set", "side": "ask", "price": 0.46, "size": 411.31999999999994}, {"op": "delete", "side": "ask", "price": 0.39}]}
{"t": 1776977131.605501, "events": [{"op": "set", "side": "ask", "price": 0.46, "size": 251.31999999999994}]}
{"t": 1776977132.614957, "events": [{"op": "set", "side": "ask", "price": 0.45, "size": 32.0}]}
{"t": 1776977134.6268759, "events": [{"op": "set", "side": "bid", "price": 0.48, "size": 80.0}]}
{"t": 1776977137.645556, "events": [{"op": "delete", "side": "ask", "price": 0.45}]}
{"t": 1776977138.660905, "events": [{"op": "set", "side": "ask", "price": 0.45, "size": 32.0}]}
{"t": 1776977142.697314, "events": [{"op": "delete", "side": "ask", "price": 0.45}]}
{"t": 1776977143.710815, "events": [{"op": "set", "side": "ask", "price": 0.45, "size": 32.0}]}
{"t": 1776977146.7704709, "events": [{"op": "delete", "side": "bid", "price": 0.02}, {"op": "set", "side": "ask", "price": 0.02, "size": 351.0}]}
{"t": 1776977147.77382, "events": [{"op": "set", "side": "bid", "price": 0.01, "size": 105.0}, {"op": "set", "side": "ask", "price": 0.01, "size": 396.0}]}
{"t": 1776977157.85372, "events": [{"op": "delete", "side": "ask", "price": 0.45}]}
{"t": 1776977158.8606038, "events": [{"op": "set", "side": "ask", "price": 0.45, "size": 32.0}]}
{"t": 1776977160.8738492, "events": [{"op": "delete", "side": "bid", "price": 0.01}, {"op": "set", "side": "ask", "price": 0.01, "size": 215.0}, {"op": "set", "side": "ask", "price": 0.45, "size": 48.0}]}
{"t": 1776977161.8780549, "events": [{"op": "set", "side": "bid", "price": 0.48, "size": 96.0}, {"op": "set", "side": "bid", "price": 0.01, "size": 46.0}, {"op": "set", "side": "ask", "price": 0.01, "size": 373.0}]}
{"t": 1776977162.883772, "events": [{"op": "set", "side": "ask", "price": 0.45, "size": 16.0}]}
{"t": 1776977163.902998, "events": [{"op": "set", "side": "ask", "price": 0.45, "size": 48.0}]}
{"t": 1776977172.967772, "events": [{"op": "set", "side": "ask", "price": 0.45, "size": 16.0}]}
{"t": 1776977173.988137, "events": [{"op": "set", "side": "ask", "price": 0.45, "size": 48.0}]}
{"t": 1776977174.999586, "events": [{"op": "set", "side": "ask", "price": 0.01, "size": 215.0}]}
{"t": 1776977176.00629, "events": [{"op": "set", "side": "bid", "price": 0.01, "size": 104.0}, {"op": "set", "side": "ask", "price": 0.03, "size": 40.0}]}
{"t": 1776977178.0147588, "events": [{"op": "set", "side": "ask", "price": 0.45, "size": 16.0}]}
{"t": 1776977179.031447, "events": [{"op": "set", "side": "ask", "price": 0.45, "size": 48.0}]}
{"t": 1776977188.102825, "events": [{"op": "set", "side": "ask", "price": 0.03, "size": 34.0}, {"op": "set", "side": "ask", "price": 0.45, "size": 16.0}]}
{"t": 1776977189.113677, "events": [{"op": "set", "side": "ask", "price": 0.01, "size": 394.0}, {"op": "set", "side": "ask", "price": 0.45, "size": 48.0}]}
{"t": 1776977206.3298318, "events": [{"op": "set", "side": "bid", "price": 0.48, "size": 80.0}, {"op": "set", "side": "ask", "price": 0.44, "size": 370.0999999999999}, {"op": "set", "side": "ask", "price": 0.46, "size": 231.69999999999993}]}
{"t": 1776977208.338856, "events": [{"op": "set", "side": "ask", "price": 0.02, "size": 384.0}, {"op": "set", "side": "ask", "price": 0.04, "size": 568.0}]}
{"t": 1776977218.407868, "events": [{"op": "set", "side": "ask", "price": 0.01, "size": 215.0}]}
{"t": 1776977219.4195032, "events": [{"op": "set", "side": "ask", "price": 0.03, "size": 40.0}]}
{"t": 1776977232.478465, "events": [{"op": "set", "side": "ask", "price": 0.45, "size": 16.0}]}
{"t": 1776977233.48771, "events": [{"op": "set", "side": "ask", "price": 0.45, "size": 48.0}]}
{"t": 1776977247.553996, "events": [{"op": "set", "side": "ask", "price": 0.45, "size": 16.0}]}
{"t": 1776977248.562433, "events": [{"op": "set", "side": "ask", "price": 0.45, "size": 48.0}]}
{"t": 1776977267.688226, "events": [{"op": "set", "side": "ask", "price": 0.45, "size": 16.0}]}
{"t": 1776977268.70748, "events": [{"op": "set", "side": "bid", "price": 0.48, "size": 96.0}, {"op": "set", "side": "ask", "price": 0.45, "size": 48.0}]}
{"t": 1776977272.737962, "events": [{"op": "set", "side": "ask", "price": 0.45, "size": 16.0}]}
{"t": 1776977273.756143, "events": [{"op": "set", "side": "ask", "price": 0.45, "size": 48.0}]}
{"t": 1776977277.790047, "events": [{"op": "set", "side": "ask", "price": 0.45, "size": 16.0}]}
{"t": 1776977278.801497, "events": [{"op": "set", "side": "ask", "price": 0.45, "size": 48.0}]}
{"t": 1776977282.825737, "events": [{"op": "set", "side": "ask", "price": 0.45, "size": 16.0}]}
{"t": 1776977283.8374531, "events": [{"op": "set", "side": "ask", "price": 0.45, "size": 48.0}]}
{"t": 1776977287.8663838, "events": [{"op": "set", "side": "ask", "price": 0.45, "size": 16.0}]}
{"t": 1776977288.873503, "events": [{"op": "set", "side": "ask", "price": 0.45, "size": 48.0}]}
{"t": 1776977302.961094, "events": [{"op": "set", "side": "ask", "price": 0.45, "size": 16.0}]}
{"t": 1776977303.9781928, "events": [{"op": "set", "side": "ask", "price": 0.45, "size": 48.0}]}
{"t": 1776977308.005868, "events": [{"op": "set", "side": "ask", "price": 0.45, "size": 16.0}]}
{"t": 1776977309.012993, "events": [{"op": "set", "side": "ask", "price": 0.45, "size": 48.0}]}
{"t": 1776977318.0772748, "events": [{"op": "set", "side": "ask", "price": 0.45, "size": 16.0}]}
{"t": 1776977319.093371, "events": [{"op": "set", "side": "ask", "price": 0.45, "size": 48.0}]}
{"t": 1776977323.1296482, "events": [{"op": "set", "side": "ask", "price": 0.45, "size": 16.0}]}
{"t": 1776977324.143703, "events": [{"op": "set", "side": "ask", "price": 0.45, "size": 48.0}]}
{"t": 1776977333.203201, "events": [{"op": "set", "side": "ask", "price": 0.45, "size": 16.0}]}
{"t": 1776977334.2134001, "events": [{"op": "set", "side": "ask", "price": 0.45, "size": 48.0}]}
{"t": 1776977353.314181, "events": [{"op": "set", "side": "ask", "price": 0.45, "size": 49.0}]}
{"t":1776978858.741338,"e":[[1,0,0.52,288.0],[1,0,0.5,150.0],[1,0,0.49,111.0],[1,0,0.53,725.0],[1,1,0.44,260.12],[1,1,0.43,2900.38]]}
{"t":1776978859.757362,"e":[[1,0,0.54,22.0]]}
{"t":1776978862.78689,"e":[[1,0,0.54,24.0],[0,0,0.53],[1,0,0.49,36.0],[0,0,0.5],[1,0,0.52,62.0],[1,0,0.55,748.0],[1,1,0.38,592.0],[1,1,0.44,398.12],[1,1,0.43,1517.38],[1,1,0.37,116.0]]}
{"t":1776978863.79263,"e":[[1,0,0.54,2.0],[1,0,0.48,31.0],[1,0,0.53,25.0],[1,1,0.44,366.12],[1,1,0.36,50.0],[1,1,0.39,41.0]]}
{"t":1776978867.838359,"e":[[1,1,0.37,115.0]]}
{"t":1776978868.847336,"e":[[0,0,0.53],[0,1,0.39]]}
{"t":1776978869.856717,"e":[[0,0,0.55],[0,0,0.54],[1,0,0.48,181.0],[1,0,0.53,25.0],[0,1,0.36],[1,1,0.38,500.0],[1,1,0.44,226.12],[0,1,0.37],[1,1,0.43,1402.38],[1,1,0.39,41.0]]}
{"t":1776978871.882528,"e":[[1,0,0.48,31.0],[1,1,0.44,276.12],[1,1,0.01,215.0]]}
{"t":1776978872.894586,"e":[[1,0,0.48,181.0],[1,1,0.03,25.0]]}
{"t":1776978873.903151,"e":[[1,0,0.53,226.0],[1,0,0.52,212.0],[1,0,0.49,111.0],[1,0,0.48,81.0],[1,0,0.54,759.0],[1,1,0.44,307.12],[1,1,0.43,2900.38],[0,1,0.39]]}
{"t":1776978878.933455,"e":[[1,1,0.37,1.0]]}
{"t":1776978879.942566,"e":[[0,0,0.53],[1,0,0.49,36.0],[1,1,0.44,305.12]]}
{"t":1776978880.958843,"e":[[1,0,0.54,274.0],[1,0,0.52,63.0],[1,0,0.48,94.0],[0,0,0.22],[1,1,0.44,256.12],[1,1,0.43,1403.38],[1,1,0.36,50.0]]}
{"t":1776978881.977016,"e":[[1,0,0.54,251.0],[1,0,0.55,499.0],[0,1,0.36],[1,1,0.38,875.0],[1,1,0.37,375.0]]}
{"t":1776978882.9880111,"e":[[1,0,0.53,25.0]]}
{"t":1776978883.9935749,"e":[[1,1,0.44,226.12],[1,1,0.39,41.0]]}
{"t":1776978885.000291,"e":[[1,1,0.37,374.0]]}
{"t":1776978892.061598,"e":[[0,0,0.55],[1,0,0.54,735.0],[1,0,0.53,226.0],[1,0,0.49,136.0],[1,0,0.52,212.0],[1,0,0.48,144.0],[1,1,0.38,500.0],[1,1,0.44,228.12],[0,1,0.37],[1,1,0.43,2900.38],[1,1,0.36,50.0]]}
{"t":1776978893.067925,"e":[[1,0,0.54,251.0],[1,0,0.48,44.0],[0,1,0.36]]}
{"t":1776978894.083298,"e":[[1,0,0.54,161.0],[1,0,0.53,111.0],[1,0,0.48,194.0],[1,0,0.49,92.0],[1,0,0.52,145.0],[1,0,0.55,167.0],[1,1,0.44,632.12],[1,1,0.43,1776.38],[0,1,0.39]]}
{"t":1776978901.116956,"e":[[0,0,0.53],[1,0,0.52,63.0],[1,1,0.44,256.12],[1,1,0.43,1403.38]]}
{"t":1776978902.12876,"e":[[1,0,0.55,146.06],[1,1,0.44,226.12],[1,1,0.39,41.0]]}
{"t":1776978903.141529,"e":[[1,0,0.55,278.06],[1,0,0.54,247.0],[1,0,0.49,111.0],[1,0,0.52,212.0],[1,1,0.38,1249.0],[1,1,0.44,276.12]]}
{"t":1776978904.1533298,"e":[[1,0,0.54,225.0],[1,0,0.48,44.0],[1,0,0.53,25.0],[1,1,0.44,226.12],[0,1,0.39]]}
{"t":1776978905.168921,"e":[[1,1,0.44,54.120000000000005],[1,1,0.39,41.0]]}
{"t":1776978906.199552,"e":[[0,0,0.55],[0,0,0.54],[1,0,0.49,92.0],[1,0,0.52,62.0],[1,0,0.48,194.0],[1,1,0.03,20.0],[1,1,0.38,500.0],[1,1,0.43,1402.38]]}
{"t":1776978907.2094898,"e":[[1,0,0.49,287.0],[1,0,0.48,32.0],[1,0,0.5,499.0],[1,1,0.44,854.12],[1,1,0.01,393.0]]}
{"t":1776978909.223537,"e":[[0,0,0.53],[1,0,0.49,36.0],[1,0,0.5,71.0],[1,0,0.48,31.0],[1,0,0.51,24.0],[1,1,0.44,54.120000000000005],[0,1,0.39],[1,1,0.45,86.0]]}
{"t":1776978910.24915,"e":[[1,0,0.52,212.0],[0,0,0.5],[1,0,0.48,130.0],[1,0,0.53,201.0],[1,0,0.54,738.0],[1,1,0.45,36.0]]}
{"t":1776978911.2565901,"e":[[0,0,0.54],[1,0,0.48,231.0]]}
{"t":1776978912.262826,"e":[[1,0,0.53,499.0],[1,0,0.52,313.0],[1,0,0.51,25.0],[1,0,0.48,81.0],[1,0,0.22,13.0],[1,1,0.44,804.12]]}
{"t":1776978913.274387,"e":[[1,1,0.45,86.0],[1,1,0.37,1.0]]}
{"t":1776978914.3329191,"e":[[1,0,0.53,523.0],[1,0,0.51,1.0],[1,1,0.44,837.12],[1,1,0.45,50.0]]}
{"t":1776978916.3533041,"e":[[1,1,0.21,45.0]]}
{"t":1776978917.356707,"e":[[1,1,0.21,54.0]]}
{"t":1776978919.371219,"e":[[1,1,0.44,838.12]]}
{"t":1776978924.409956,"e":[[1,0,0.53,251.0],[1,0,0.52,62.0],[0,0,0.51],[1,0,0.49,37.0],[1,0,0.54,499.0],[1,1,0.44,87.12],[1,1,0.45,750.0]]}
{"t":1776978925.425715,"e":[[1,0,0.53,274.0],[1,1,0.01,215.0]]}
{"t":1776978926.4340649,"e":[[1,1,0.03,25.0]]}
{"t":1776978929.4566789,"e":[[1,0,0.54,495.0],[1,0,0.53,273.0],[1,1,0.44,88.12],[0,1,0.37],[0,1,0.45]]}
{"t":1776978930.468961,"e":[[1,0,0.49,111.0],[1,0,0.52,212.0],[1,1,0.44,140.12],[1,1,0.43,2395.38]]}
{"t":1776978931.479109,"e":[[1,0,0.54,420.71]]}
{"t":1776978933.487251,"e":[[0,0,0.54],[1,0,0.53,23.0],[1,0,0.48,231.0],[1,0,0.49,36.0],[1,0,0.52,62.0],[1,0,0.5,10.0],[1,1,0.44,138.12],[1,1,0.43,1402.38]]}
{"t":1776978934.500247,"e":[[1,0,0.53,226.0],[1,0,0.52,212.0],[1,0,0.49,111.0],[0,0,0.5],[1,0,0.51,25.0],[1,0,0.54,739.0],[1,1,0.44,140.12],[1,1,0.43,2395.38]]}
{"t":1776978935.520254,"e":[[1,0,0.48,81.0],[1,1,0.33,1.0]]}
{"t":1776978937.528013,"e":[[0,0,0.54],[1,0,0.53,499.0],[1,0,0.51,26.0],[1,0,0.49,36.0],[1,0,0.52,313.0],[1,0,0.48,231.0],[1,1,0.38,502.0],[1,1,0.44,138.12],[1,1,0.34,102.0],[1,1,0.43,1403.38],[1,1,0.35,1001.0]]}
{"t":1776978938.539449,"e":[[1,0,0.51,1.0],[1,0,0.48,81.0]]}
{"t":1776978939.546706,"e":[[1,0,0.53,523.0],[0,0,0.51],[1,1,0.38,500.0],[1,1,0.34,100.0],[1,1,0.43,1402.38],[1,1,0.35,1000.0]]}
{"t":1776978940.554606,"e":[[1,0,0.49,37.0],[1,1,0.44,886.12]]}
{"t":1776978942.8010938,"e":[[1,0,0.53,275.0],[1,0,0.52,63.0],[1,0,0.49,36.0]]}
{"t":1776978943.870709,"e":[[1,0,0.53,251.0],[1,0,0.54,521.0]]}
{"t":1776978944.886556,"e":[[1,0,0.54,22.0],[1,0,0.53,226.0],[1,0,0.48,231.0]]}
{"t":1776978945.9015749,"e":[[1,0,0.53,498.0],[1,0,0.48,306.0],[1,0,0.49,186.0],[1,0,0.52,313.0]]}
{"t":1776978946.924822,"e":[[1,0,0.48,156.0]]}
{"t":1776978948.94264,"e":[[0,0,0.54],[1,0,0.49,216.0]]}
{"t":1776978949.955148,"e":[[1,0,0.53,522.0]]}
{"t":1776978960.003504,"e":[[1,0,0.53,250.0],[1,0,0.52,187.0],[1,0,0.49,66.0],[1,0,0.48,81.0],[1,0,0.54,374.0]]}
{"t":1776978961.018514,"e":[[1,0,0.53,274.0]]}
{"t":1776978962.028278,"e":[[1,0,0.49,36.0]]}
{"t":1776978963.0350468,"e":[[1,0,0.52,63.0]]}
{"t":1776978964.042811,"e":[[1,0,0.54,372.0],[1,0,0.53,273.0],[1,0,0.49,111.0],[1,0,0.52,188.0]]}
{"t":1776978975.102098,"e":[[1,0,0.54,299.0],[1,0,0.53,249.0],[1,0,0.52,63.0]]}
{"t":1776978976.111923,"e":[[1,0,0.52,212.0],[1,0,0.5,30.0]]}
{"t":1776978977.129083,"e":[[0,0,0.5]]}
{"t":1776978979.146398,"e":[[0,0,0.54],[0,0,0.53],[1,0,0.48,261.0],[1,0,0.49,36.0],[1,0,0.52,62.0],[1,0,0.5,10.0],[1,1,0.44,136.12]]}
{"t":1776978980.1624022,"e":[[1,0,0.51,26.0]]}
{"t":1776978981.168437,"e":[[1,0,0.52,263.0],[1,0,0.51,176.0],[1,0,0.49,86.0],[1,0,0.5,100.0],[1,0,0.53,726.0],[1,1,0.44,137.12],[1,1,0.43,2390.38]]}
{"t":1776978982.174557,"e":[[1,0,0.48,231.0],[1,1,0.03,20.0]]}
{"t":1776978983.1908631,"e":[[1,0,0.48,81.0],[1,1,0.01,393.0]]}
{"t":1776978984.203895,"e":[[1,0,0.53,750.0],[1,0,0.51,150.0]]}
{"t":1776978987.2190342,"e":[[1,0,0.53,398.0],[0,0,0.51],[0,0,0.5],[1,0,0.48,111.0],[1,1,0.43,1459.38]]}
{"t":1776978988.237164,"e":[[1,0,0.52,312.0],[1,0,0.49,161.0],[1,1,0.38,546.0],[1,1,0.44,205.12],[1,1,0.35,1057.0]]}
{"t":1776978989.257904,"e":[[0,1,0.33]]}
{"t":1776978995.287495,"e":[[1,0,0.53,249.0],[1,0,0.52,212.0],[1,0,0.49,111.0],[1,0,0.48,120.02],[1,1,0.44,136.12],[1,1,0.36,1.0]]}
{"t":1776978996.2944121,"e":[[1,0,0.48,81.0],[1,0,0.54,299.0],[1,1,0.34,243.0],[1,1,0.38,691.0],[1,1,0.43,1641.38],[1,1,0.35,1143.0]]}
{"t":1776978998.314678,"e":[[1,1,0.34,100.0],[1,1,0.38,500.0],[1,1,0.43,1402.38],[1,1,0.35,1000.0]]}
{"t":1776978999.3208299,"e":[[1,1,0.44,886.12]]}
{"t":1776979006.375099,"e":[[0,0,0.54],[1,0,0.53,24.0],[1,0,0.48,231.0],[1,0,0.49,36.0],[1,0,0.52,62.0],[1,0,0.5,10.0],[1,1,0.44,136.12]]}
{"t":1776979007.3899689,"e":[[1,0,0.49,66.0]]}
{"t":1776979010.423535,"e":[[1,0,0.53,1.0],[1,0,0.49,36.0],[0,0,0.5],[1,0,0.54,772.0],[1,1,0.44,854.12],[1,1,0.01,215.0]]}
{"t":1776979011.428853,"e":[[1,0,0.54,23.0],[1,0,0.48,81.0],[1,1,0.03,25.0],[1,1,0.39,41.0]]}
{"t":1776979012.437783,"e":[[1,0,0.53,747.0],[1,0,0.48,231.0],[1,0,0.49,161.0],[1,0,0.52,313.0],[1,0,0.5,30.0]]}
{"t":1776979013.4490461,"e":[[1,0,0.49,36.0],[1,0,0.48,81.0]]}
{"t":1776979014.457608,"e":[[1,0,0.53,499.0],[1,0,0.52,312.0],[1,1,0.44,883.12],[1,1,0.45,1.0],[0,1,0.39]]}
{"t":1776979015.468698,"e":[[1,0,0.54,33.0],[0,0,0.53],[0,0,0.5],[1,0,0.52,62.0]]}
{"t":1776979016.473633,"e":[[1,0,0.54,750.0],[1,0,0.49,45.019999999999996],[1,0,0.48,231.0],[1,0,0.5,56.0],[1,0,0.53,10.0]]}
{"t":1776979017.479522,"e":[[0,0,0.53],[1,0,0.49,36.0],[1,0,0.48,81.0]]}
{"t":1776979018.4828749,"e":[[0,0,0.5],[1,0,0.48,90.02],[1,1,0.44,853.12]]}
{"t":1776979019.489304,"e":[[1,0,0.53,25.0],[1,1,0.39,41.0]]}
{"t":1776979021.503144,"e":[[0,0,0.54],[1,0,0.48,231.0],[1,0,0.49,66.0],[1,0,0.5,10.0],[1,1,0.44,104.12],[0,1,0.45]]}
{"t":1776979024.5338361,"e":[[1,0,0.53,83.0],[1,0,0.54,749.0],[1,1,0.44,914.12],[1,1,0.45,30.0],[0,1,0.39]]}
{"t":1776979025.549849,"e":[[1,0,0.49,36.0],[0,0,0.5],[1,0,0.48,81.0]]}
{"t":1776979028.569408,"e":[[1,0,0.53,61.0],[0,1,0.45]]}
{"t":1776979029.587926,"e":[[1,0,0.54,771.0],[1,1,0.44,944.12]]}
{"t":1776979030.603501,"e":[[1,0,0.54,517.0],[1,0,0.53,309.0],[1,0,0.49,111.0],[1,0,0.52,212.0]]}
{"t":1776979033.631568,"e":[[1,0,0.54,321.0],[1,0,0.53,285.0],[1,0,0.48,90.02]]}
{"t":1776979035.66522,"e":[[1,1,0.44,892.15]]}
{"t":1776979038.681684,"e":[[1,1,0.44,832.15],[1,1,0.45,60.0]]}
{"t":1776979039.688419,"e":[[0,0,0.54],[1,0,0.53,84.0],[1,0,0.48,231.0],[1,1,0.44,84.14999999999998]]}
{"t":1776979040.7005498,"e":[[1,0,0.53,457.0],[1,0,0.52,312.0],[1,0,0.49,161.0],[1,0,0.48,111.0],[1,0,0.5,10.0],[1,1,0.44,34.14999999999998],[1,1,0.45,810.0]]}
{"t":1776979041.708986,"e":[[1,0,0.53,84.0],[1,0,0.49,36.0],[0,0,0.5]]}
{"t":1776979042.716481,"e":[[1,0,0.53,582.0]]}
{"t":1776979043.7256699,"e":[[1,1,0.44,2.1499999999999773],[1,1,0.45,839.0]]}
{"t":1776979045.7517812,"e":[[1,0,0.53,522.0],[1,1,0.45,750.87]]}
{"t":1776979046.756191,"e":[[0,0,0.53],[1,0,0.52,62.0],[1,0,0.48,261.0],[1,0,0.5,10.0]]}
{"t":1776979047.772817,"e":[[1,0,0.5,759.0],[1,0,0.49,37.0],[1,0,0.48,211.0],[1,0,0.51,74.0],[1,1,0.44,766.15],[1,1,0.45,29.870000000000005]]}
{"t":1776979048.783055,"e":[[1,0,0.51,50.0],[1,0,0.49,36.0],[1,0,0.5,260.0],[1,0,0.48,61.0],[1,1,0.44,17.149999999999977]]}
{"t":1776979049.796087,"e":[[1,0,0.52,86.0],[1,0,0.51,549.0],[1,0,0.5,250.0],[1,0,0.48,31.0],[1,1,0.44,2.1499999999999773],[1,1,0.45,779.87]]}
{"t":1776979050.810624,"e":[[1,0,0.51,50.0],[1,0,0.49,37.0],[1,0,0.5,749.0],[1,1,0.44,52.14999999999998]]}
{"t":1776979051.816988,"e":[[1,1,0.03,20.0]]}
{"t":1776979052.824818,"e":[[1,1,0.01,393.0]]}
{"t":1776979061.909266,"e":[[1,1,0.45,778.11]]}
{"t":1776979063.923606,"e":[[1,0,0.52,63.0],[0,0,0.51],[1,0,0.49,86.0],[0,0,0.5],[1,0,0.48,60.99999999999997],[1,0,0.53,749.0],[1,1,0.44,2.1499999999999773]]}
{"t":1776979064.9312482,"e":[[1,0,0.53,772.0],[1,0,0.49,36.0],[1,1,0.36,51.0],[1,1,0.44,37.14999999999998],[1,1,0.45,750.0]]}
{"t":1776979066.949738,"e":[[1,0,0.52,62.0],[1,1,0.36,1.0],[0,1,0.45]]}
{"t":1776979067.955457,"e":[[1,0,0.53,273.0],[1,0,0.48,30.99999999999997],[1,0,0.54,499.0],[1,1,0.43,2901.38],[1,1,0.44,88.14999999999998]]}
{"t":1776979068.960734,"e":[[0,0,0.54],[1,0,0.53,274.0]]}
{"t":1776979069.968309,"e":[[1,0,0.53,773.0],[1,0,0.52,63.0],[1,0,0.49,66.0],[1,0,0.48,80.99999999999997],[1,1,0.36,40.0],[1,1,0.38,531.0],[1,1,0.43,1441.38],[1,1,0.44,134.14999999999998]]}
{"t":1776979071.9764202,"e":[[1,1,0.44,132.42]]}
{"t":1776979073.985497,"e":[[1,1,0.01,215.0]]}
{"t":1776979074.997067,"e":[[1,0,0.53,274.0],[1,0,0.52,62.0],[1,1,0.03,25.0],[1,1,0.44,85.41999999999999]]}
{"t":1776979076.0149,"e":[[1,0,0.53,250.0],[1,0,0.49,36.0],[1,0,0.54,499.0],[1,1,0.36,19.0],[1,1,0.38,524.0],[1,1,0.43,1431.38],[1,1,0.35,1018.0],[1,1,0.44,50.41999999999999]]}
{"t":1776979077.01964,"e":[[1,0,0.54,522.0],[0,0,0.53],[1,1,0.43,1402.38],[1,1,0.39,41.0]]}
{"t":1776979078.0877068,"e":[[1,0,0.54,273.0],[1,0,0.49,66.0],[1,0,0.55,499.0],[1,1,0.38,523.0],[1,1,0.44,0.4199999999999875],[1,1,0.35,1023.0],[1,1,0.39,67.0]]}
{"t":1776979079.104359,"e":[[1,0,0.54,250.0],[1,0,0.53,26.0],[1,1,0.36,51.0],[1,1,0.38,500.0],[1,1,0.35,1000.0],[0,1,0.39],[1,1,0.4,40.0]]}
{"t":1776979080.118677,"e":[[1,0,0.55,624.0],[1,0,0.54,125.0],[1,1,0.43,2152.38]]}
{"t":1776979081.134896,"e":[[0,0,0.55],[0,0,0.54],[1,0,0.48,194.99999999999997],[0,0,0.22],[1,1,0.36,1.0],[1,1,0.43,1402.38]]}
{"t":1776979082.147449,"e":[[1,0,0.53,252.0],[1,0,0.52,212.0],[1,0,0.49,141.0],[1,0,0.5,19.02],[1,0,0.54,622.0],[0,1,0.36]]}
{"t":1776979083.1631098,"e":[[1,0,0.5,10.0]]}
{"t":1776979084.171616,"e":[[0,0,0.54],[1,0,0.53,585.0],[1,0,0.49,66.0],[0,0,0.5],[1,0,0.52,312.0],[1,0,0.48,44.99999999999997],[0,1,0.4],[1,1,0.43,2152.38],[1,1,0.44,33.41999999999999]]}
{"t":1776979085.186368,"e":[[1,0,0.49,36.0],[1,0,0.48,74.99999999999997]]}
{"t":1776979087.206999,"e":[[1,0,0.52,212.0]]}
{"t":1776979088.2138398,"e":[[1,0,0.53,334.0],[1,0,0.52,187.0],[1,0,0.54,374.0],[1,1,0.44,34.41999999999999],[1,1,0.43,2901.38]]}
{"t":1776979089.221153,"e":[[1,0,0.53,310.0],[1,0,0.48,44.99999999999997]]}
{"t":1776979090.2286022,"e":[[1,0,0.53,334.0]]}
{"t":1776979091.240476,"e":[[1,0,0.54,434.0],[1,0,0.53,274.0]]}
{"t":1776979093.251911,"e":[[1,0,0.03,444.35],[1,1,0.03,20.0]]}
{"t":1776979094.259354,"e":[[1,0,0.01,105.0],[1,1,0.44,84.41999999999999],[1,1,0.01,393.0]]}
{"t":1776979096.274104,"e":[[1,0,0.53,250.0],[1,1,0.44,83.41999999999999],[1,1,0.43,2152.38]]}
{"t":1776979097.281425,"e":[[1,0,0.54,285.0],[1,0,0.53,174.0],[1,0,0.48,94.99999999999997],[1,0,0.49,66.0],[1,0,0.52,137.0],[1,0,0.55,299.0],[1,1,0.44,0.4199999999999875],[1,1,0.39,41.0],[1,1,0.36,50.0]]}
{"t":1776979099.301047,"e":[[1,0,0.54,308.0],[1,0,0.53,150.0]]}
{"t":1776979102.3232388,"e":[[0,0,0.55],[1,0,0.54,83.0],[0,0,0.53],[1,0,0.52,62.0],[1,1,0.43,1402.38]]}
{"t":1776979103.338912,"e":[[1,0,0.48,194.99999999999997],[0,1,0.36],[1,1,0.44,66.41999999999999]]}
{"t":1776979104.348536,"e":[[1,0,0.54,60.0],[1,0,0.53,24.0],[1,1,0.44,99.41999999999999],[0,1,0.39]]}
{"t":1776979106.3717089,"e":[[1,0,0.54,261.0],[1,0,0.53,174.0],[1,0,0.49,116.0],[1,0,0.52,162.0],[1,0,0.55,747.0],[1,1,0.44,49.41999999999999],[1,1,0.43,2152.38],[1,1,0.36,50.0]]}
{"t":1776979109.390201,"e":[[1,0,0.54,285.0],[1,0,0.53,150.0],[1,0,0.48,80.99999999999997],[1,1,0.39,41.0],[1,1,0.44,16.419999999999987]]}
{"t":1776979111.404879,"e":[[0,0,0.55],[1,0,0.54,84.0],[0,0,0.53],[1,0,0.49,66.0],[1,0,0.52,62.0],[1,0,0.48,180.99999999999997],[0,1,0.36],[1,1,0.43,1402.38]]}
{"t":1776979113.428629,"e":[[1,0,0.54,832.0],[1,0,0.52,314.0],[1,0,0.49,192.0],[1,0,0.48,31.99999999999997],[1,0,0.55,373.0],[1,1,0.44,19.419999999999987],[1,1,0.43,2360.38]]}
{"t":1776979114.437589,"e":[[1,0,0.54,808.0],[1,0,0.53,25.0]]}
{"t":1776979117.451895,"e":[[1,0,0.49,66.0],[1,0,0.52,62.0],[1,0,0.48,30.99999999999997]]}
{"t":1776979118.460242,"e":[[1,0,0.55,498.0],[1,0,0.54,732.0],[1,0,0.53,28.0],[1,0,0.22,13.0],[1,1,0.44,18.419999999999987],[1,1,0.43,2150.38]]}
{"t":1776979119.477729,"e":[[1,0,0.54,756.0],[1,0,0.53,3.0]]}
{"t":1776979123.50683,"e":[[1,0,0.54,732.0],[0,1,0.39]]}
{"t":1776979124.519169,"e":[[1,0,0.54,756.0],[1,1,0.39,41.0]]}
{"t":1776979126.530845,"e":[[1,1,0.21,45.0]]}
{"t":1776979127.533801,"e":[[1,1,0.21,54.0]]}
{"t":1776979128.537746,"e":[[1,0,0.54,732.0],[0,1,0.39]]}
{"t":1776979129.54734,"e":[[1,0,0.54,756.0],[1,1,0.39,41.0]]}
{"t":1776979130.556236,"e":[[0,0,0.55],[1,0,0.54,84.0],[0,0,0.53],[1,0,0.48,180.99999999999997],[1,1,0.44,16.419999999999987],[1,1,0.43,1402.38]]}
{"t":1776979133.575329,"e":[[1,0,0.54,62.0],[1,0,0.52,439.0],[1,0,0.49,814.0],[1,0,0.48,405.0],[1,0,0.5,66.0],[0,0,0.01],[1,1,0.44,268.41999999999996],[1,1,0.43,1403.38],[0,1,0.39],[1,1,0.01,215.0],[1,1,0.45,700.0],[1,1,0.37,50.0]]}
{"t":1776979134.59286,"e":[[1,0,0.5,50.0],[1,0,0.51,26.0],[1,0,0.03,449.35],[1,1,0.45,732.0],[1,1,0.03,25.0]]}
{"t":1776979135.5978959,"e":[[1,0,0.54,60.0],[1,0,0.52,62.0],[1,0,0.49,66.0],[1,0,0.48,181.0],[1,1,0.44,16.41999999999996],[0,1,0.37],[1,1,0.43,1402.38],[1,1,0.45,32.0]]}
{"t":1776979138.624363,"e":[[1,0,0.54,61.0],[1,0,0.52,364.0],[0,0,0.51],[1,0,0.49,261.0],[1,0,0.5,798.0],[1,0,0.48,255.0],[1,1,0.44,192.41999999999996],[1,1,0.43,1403.38],[1,1,0.45,252.0]]}
{"t":1776979139.636075,"e":[[1,0,0.53,23.0],[1,1,0.44,176.41999999999996],[1,1,0.45,939.0],[1,1,0.37,50.0]]}
{"t":1776979140.647891,"e":[[1,1,0.44,160.41999999999996]]}
{"t":1776979141.650948,"e":[[1,1,0.36,1.0]]}
{"t":1776979143.658391,"e":[[1,0,0.54,56.04],[0,0,0.53],[1,0,0.5,748.0],[1,1,0.36,51.0],[1,1,0.44,126.41999999999996],[0,1,0.37]]}
{"t":1776979144.664872,"e":[[1,0,0.51,76.0],[1,1,0.45,970.0]]}
{"t":1776979146.678847,"e":[[1,1,0.36,50.0]]}
{"t":1776979147.682015,"e":[[1,0,0.54,55.04],[1,0,0.52,64.0],[1,0,0.51,774.0],[1,0,0.49,49.0],[1,0,0.5,80.0],[1,0,0.48,181.0],[0,0,0.22],[0,1,0.36],[1,1,0.44,65.41999999999996],[1,1,0.43,1402.38],[1,1,0.45,35.0]]}
{"t":1776979148.6882508,"e":[[1,0,0.51,748.0],[0,0,0.5],[1,0,0.48,31.0],[1,1,0.44,0.4199999999999591],[1,1,0.45,781.0],[1,1,0.37,50.0]]}
{"t":1776979149.697856,"e":[[1,0,0.52,88.0],[1,1,0.44,16.41999999999996]]}
{"t":1776979150.7065759,"e":[[0,0,0.51],[1,0,0.48,181.0],[1,0,0.5,30.0],[1,1,0.44,50.41999999999996],[0,1,0.37],[1,1,0.45,4.0]]}
{"t":1776979151.711597,"e":[[1,0,0.54,56.04],[1,0,0.52,387.0],[1,0,0.49,548.0],[1,0,0.48,277.0],[1,0,0.47,1113.06],[1,1,0.44,32.41999999999996],[1,1,0.45,750.0]]}
{"t":1776979152.716915,"e":[[1,1,0.37,50.0],[1,1,0.39,1.0]]}
{"t":1776979153.7202702,"e":[[1,0,0.52,363.0],[1,0,0.51,26.0],[1,1,0.44,0.4199999999999591],[1,1,0.45,781.0]]}
{"t":1776979154.725871,"e":[[1,0,0.5,80.0]]}
{"t":1776979157.735687,"e":[[1,1,0.44,16.41999999999996],[0,1,0.39]]}
{"t":1776979158.738472,"e":[[0,0,0.51]]}
{"t":1776979159.749865,"e":[[1,0,0.51,26.0]]}
{"t":1776979162.765724,"e":[[1,0,0.54,55.04],[1,0,0.52,62.0],[1,0,0.49,49.0],[1,0,0.48,181.0],[1,0,0.47,889.06],[1,0,0.53,10.0],[1,1,0.44,0.4199999999999591],[0,1,0.37],[0,1,0.45]]}
{"t":1776979163.793617,"e":[[0,0,0.53],[0,0,0.51],[1,1,0.44,81.41999999999996],[1,1,0.31,1.0]]}
{"t":1776979164.808703,"e":[[1,0,0.53,24.0]]}
{"t":1776979166.8385139,"e":[[1,0,0.54,56.04],[1,0,0.53,326.0],[1,0,0.49,273.0],[1,0,0.5,730.0],[1,0,0.48,31.0],[1,1,0.44,252.41999999999996],[1,1,0.43,1403.38],[1,1,0.45,700.0],[1,1,0.37,50.0]]}
{"t":1776979167.880812,"e":[[1,1,0.44,286.41999999999996]]}
{"t":1776979168.883063,"e":[[1,0,0.53,23.0],[1,0,0.49,49.0],[1,0,0.5,80.0],[1,0,0.51,150.0],[1,1,0.43,1402.38]]}
{"t":1776979169.900068,"e":[[1,0,0.54,57.04],[1,0,0.53,73.0],[0,0,0.51],[0,0,0.5],[1,0,0.52,810.0],[1,1,0.44,37.41999999999996],[1,1,0.45,747.0]]}
{"t":1776979170.91721,"e":[[1,0,0.54,55.04],[1,0,0.03,444.35],[1,1,0.45,700.0],[1,1,0.03,20.0]]}
{"t":1776979171.93222,"e":[[1,0,0.53,23.0],[1,0,0.48,181.0],[1,0,0.49,797.0],[1,0,0.52,64.0],[1,0,0.5,30.0],[1,0,0.01,104.0],[1,1,0.44,285.41999999999996],[0,1,0.37],[1,1,0.43,1403.38],[1,1,0.45,498.0],[1,1,0.01,393.0]]}
{"t":1776979173.9502,"e":[[0,0,0.53],[1,0,0.5,180.0],[1,0,0.48,31.0],[1,1,0.44,251.41999999999996]]}
{"t":1776979174.9592881,"e":[[1,0,0.53,22.0],[1,1,0.45,529.0]]}
{"t":1776979179.002361,"e":[[1,0,0.51,50.0],[1,1,0.37,50.0]]}
{"t":1776979189.069438,"e":[[0,0,0.53]]}
{"t":1776979190.0817358,"e":[[1,0,0.53,22.0]]}
{"t":1776979191.088949,"e":[[1,1,0.01,215.0]]}
{"t":1776979192.094267,"e":[[0,0,0.51],[1,0,0.5,30.0],[1,0,0.49,86.0],[1,0,0.48,181.0],[1,1,0.44,0.4199999999999591],[0,1,0.37],[1,1,0.03,25.0]]}
{"t":1776979193.106602,"e":[[1,0,0.54,57.04],[1,0,0.53,396.0],[1,0,0.49,36.0],[1,0,0.5,374.0],[1,0,0.52,313.0],[1,0,0.48,81.0],[1,0,0.51,499.0],[1,1,0.38,567.0],[1,1,0.44,50.41999999999996],[1,1,0.43,1502.38],[1,1,0.45,374.0],[1,1,0.37,33.0]]}
{"t":1776979194.1217432,"e":[[1,0,0.53,398.0],[1,1,0.44,98.41999999999996]]}
{"t":1776979199.2060611,"e":[[1,0,0.48,97.0]]}
{"t":1776979208.261129,"e":[[1,0,0.54,55.04],[1,0,0.53,24.0],[0,0,0.51],[1,0,0.5,30.0],[1,0,0.52,62.0],[1,0,0.48,181.0],[0,1,0.31],[1,1,0.38,500.0],[0,1,0.37],[1,1,0.43,1402.38],[0,1,0.45]]}
{"t":1776979210.3045912,"e":[[1,0,0.54,56.04],[1,0,0.49,274.0],[1,0,0.5,778.0],[1,0,0.52,364.0],[1,0,0.48,255.0],[1,0,0.51,66.0],[0,0,0.01],[1,1,0.44,318.41999999999996],[1,1,0.43,1403.38],[1,1,0.45,700.0]]}
{"t":1776979211.32776,"e":[[1,0,0.03,451.35],[1,1,0.44,352.41999999999996]]}
{"t":1776979212.337474,"e":[[1,0,0.51,216.0],[1,0,0.52,62.0],[1,0,0.49,49.0],[1,0,0.48,31.0]]}
{"t":1776979213.3565571,"e":[[1,0,0.54,57.04],[1,0,0.53,400.0],[1,0,0.51,66.0],[1,0,0.5,809.0],[1,1,0.38,501.0],[1,1,0.44,351.41999999999996],[1,1,0.43,1528.38],[1,1,0.45,396.0]]}
{"t":1776979214.370697,"e":[[1,1,0.44,350.41999999999996]]}
{"t":1776979215.387918,"e":[[1,0,0.53,24.0],[1,0,0.51,150.0],[0,0,0.5],[1,0,0.52,810.0],[1,1,0.38,568.0],[1,1,0.44,235.41999999999996],[1,1,0.43,1504.38],[1,1,0.45,170.0]]}
{"t":1776979216.404161,"e":[[0,0,0.51],[1,1,0.45,371.0]]}
{"t":1776979217.412131,"e":[[1,0,0.54,56.04],[1,0,0.48,181.0],[1,0,0.52,62.0],[1,1,0.38,501.0],[1,1,0.43,1403.38]]}
{"t":1776979218.4224992,"e":[[1,0,0.53,276.0],[1,0,0.49,695.0],[1,0,0.47,1039.06],[1,0,0.5,46.0],[1,1,0.38,600.0],[1,1,0.44,308.41999999999996],[1,1,0.43,1552.38],[1,1,0.35,1050.0],[1,1,0.45,296.0]]}
{"t":1776979223.484946,"e":[[1,0,0.54,57.04],[1,0,0.53,398.0],[1,0,0.49,49.0],[1,0,0.5,404.0],[1,0,0.48,47.0],[1,0,0.47,889.06],[1,1,0.38,571.0],[1,1,0.44,242.41999999999996],[1,1,0.43,1509.38],[1,1,0.35,1001.0],[1,1,0.45,179.0]]}
{"t":1776979224.5004532,"e":[[1,0,0.48,81.0],[1,0,0.51,16.0],[1,1,0.45,392.0]]}
{"t":1776979232.557515,"e":[[1,1,0.03,20.0]]}
{"t":1776979233.564033,"e":[[1,1,0.01,393.0]]}
{"t":1776979234.5730119,"e":[[1,0,0.48,31.0],[1,1,0.38,568.0],[1,1,0.44,234.41999999999996],[1,1,0.43,1504.38],[1,1,0.45,170.0]]}
{"t":1776979235.5862029,"e":[[1,1,0.45,371.0]]}
{"t":1776979238.613157,"e":[[1,0,0.53,374.0],[1,1,0.44,202.41999999999996]]}
{"t":1776979239.629515,"e":[[1,0,0.53,398.0],[1,1,0.44,235.41999999999996]]}
{"t":1776979243.668138,"e":[[1,0,0.53,374.0],[1,1,0.44,202.41999999999996]]}
{"t":1776979244.683896,"e":[[1,0,0.53,398.0],[0,0,0.51],[0,0,0.5],[1,0,0.49,36.0],[1,0,0.48,77.0],[1,1,0.38,562.0],[1,1,0.44,223.41999999999996],[1,1,0.43,1496.38],[1,1,0.45,156.0]]}
{"t":1776979245.703907,"e":[[1,0,0.48,47.0],[1,0,0.52,436.0],[1,0,0.22,13.0],[1,1,0.45,342.0]]}
{"t":1776979248.733121,"e":[[1,0,0.53,374.0],[1,0,0.48,97.0],[1,1,0.44,191.41999999999996]]}
{"t":1776979249.743511,"e":[[1,0,0.53,398.0],[1,1,0.44,223.41999999999996]]}
{"t":1776979250.753281,"e":[[1,0,0.54,55.04],[1,0,0.53,24.0],[1,0,0.48,197.0],[1,0,0.52,62.0],[1,0,0.5,30.0],[1,1,0.38,500.0],[1,1,0.44,98.41999999999996],[1,1,0.43,1402.38],[0,1,0.45]]}
{"t":1776979251.799284,"e":[[1,0,0.54,57.04],[1,0,0.53,523.0],[1,0,0.49,784.0],[0,0,0.5],[1,0,0.52,313.0],[1,0,0.48,31.0],[1,1,0.44,99.41999999999996],[1,1,0.45,252.0]]}
{"t":1776979252.8169029,"e":[[1,1,0.44,33.41999999999996],[1,1,0.45,959.0]]}
{"t":1776979253.834037,"e":[[1,0,0.53,499.0],[1,1,0.44,1.419999999999959]]}
{"t":1776979254.850881,"e":[[1,0,0.53,522.0],[1,1,0.44,35.41999999999996]]}
{"t":1776979255.8658319,"e":[[1,0,0.53,398.0],[1,0,0.49,410.0],[1,0,0.5,50.0],[1,0,0.03,444.35],[1,1,0.36,50.0],[1,1,0.01,215.0],[1,1,0.45,498.0]]}
{"t":1776979256.887512,"e":[[0,0,0.5],[1,0,0.52,514.0],[1,0,0.01,104.0],[1,1,0.36,66.0],[1,1,0.44,285.41999999999996],[1,1,0.43,1403.38],[1,1,0.03,25.0]]}
{"t":1776979257.904416,"e":[[1,0,0.48,47.0]]}
{"t":1776979258.914689,"e":[[1,0,0.53,375.0],[1,0,0.48,97.0],[1,1,0.44,251.41999999999996]]}
{"t":1776979259.933438,"e":[[1,0,0.53,399.0],[1,1,0.44,284.41999999999996]]}
{"t":1776979260.946314,"e":[[1,0,0.54,55.04],[1,0,0.53,26.0],[1,0,0.49,66.0],[1,0,0.52,313.0],[0,1,0.36],[1,1,0.44,233.41999999999996],[1,1,0.45,225.0]]}
{"t":1776979261.959753,"e":[[1,0,0.53,76.0],[1,0,0.48,31.0],[1,0,0.49,36.0],[1,0,0.52,810.0],[1,1,0.44,183.41999999999996],[1,1,0.43,1477.38],[1,1,0.36,50.0],[1,1,0.45,524.0]]}
{"t":1776979262.975913,"e":[[1,0,0.53,26.0],[1,0,0.48,81.0],[1,0,0.52,505.0],[1,0,0.5,30.0],[0,1,0.36],[1,1,0.44,34.41999999999996],[1,1,0.43,1403.38],[1,1,0.45,396.0]]}
{"t":1776979263.983315,"e":[[1,0,0.54,56.04],[1,0,0.53,275.0],[1,0,0.49,286.0],[0,0,0.5],[1,0,0.48,330.0],[1,1,0.38,501.0],[1,1,0.44,284.41999999999996],[1,1,0.43,1528.38]]}
{"t":1776979269.017633,"e":[[1,0,0.53,251.0],[1,1,0.44,251.41999999999996]]}
{"t":1776979270.039099,"e":[[1,0,0.53,275.0],[1,1,0.44,284.41999999999996],[1,1,0.36,16.0]]}
{"t":1776979274.066132,"e":[[1,1,0.36,66.0]]}
{"t":1776979277.085877,"e":[[1,0,0.54,305.04],[1,0,0.53,224.0],[1,0,0.48,181.0],[1,0,0.49,186.0],[1,0,0.52,62.0],[1,0,0.5,101.0],[0,0,0.01],[0,1,0.36],[1,1,0.38,550.0],[1,1,0.44,183.41999999999996],[1,1,0.43,1502.38],[1,1,0.03,20.0],[1,1,0.45,200.0]]}
{"t":1776979278.1032362,"e":[[1,0,0.54,306.04],[1,0,0.5,30.0],[1,0,0.03,452.35],[1,1,0.01,393.0],[1,1,0.45,449.0]]}
{"t":1776979279.118171,"e":[[1,1,0.44,182.41999999999996],[1,1,0.36,50.0]]}
{"t":1776979284.142367,"e":[[1,0,0.5,80.0]]}
{"t":1776979286.150522,"e":[[1,0,0.54,55.04000000000002],[1,0,0.53,24.0],[1,0,0.49,36.0],[0,1,0.36],[1,1,0.38,500.0],[1,1,0.44,32.41999999999996],[1,1,0.43,1402.38],[0,1,0.45]]}
