{"t": 1776975878.59487, "events": [{"op": "set", "side": "bid", "price": 0.98, "size": 1500.0}]}
{"t": 1776975881.629726, "events": [{"op": "set", "side": "bid", "price": 0.98, "size": 2500.0}]}
{"t": 1776975940.061205, "events": [{"op": "set", "side": "bid", "price": 0.98, "size": 1500.0}]}
{"t": 1776975943.110956, "events": [{"op": "set", "side": "bid", "price": 0.98, "size": 2500.0}]}
{"t": 1776975951.2976189, "events": [{"op": "set", "side": "bid", "price": 0.98, "size": 1500.0}]}
{"t": 1776975953.32274, "events": [{"op": "set", "side": "bid", "price": 0.98, "size": 2500.0}]}
{"t": 1776976044.185159, "events": [{"op": "set", "side": "bid", "price": 0.98, "size": 1500.0}]}
{"t": 1776976047.209746, "events": [{"op": "set", "side": "bid", "price": 0.98, "size": 2500.0}]}
{"t": 1776976058.306615, "events": [{"op": "set", "side": "bid", "price": 0.98, "size": 1500.0}]}
{"t": 1776976061.337662, "events": [{"op": "set", "side": "bid", "price": 0.98, "size": 2500.0}]}
{"t": 1776976085.548361, "events": [{"op": "set", "side": "bid", "price": 0.98, "size": 1500.0}]}
{"t": 1776976088.582797, "events": [{"op": "set", "side": "bid", "price": 0.98, "size": 2500.0}]}
{"t": 1776976135.934583, "events": [{"op": "set", "side": "bid", "price": 0.98, "size": 1500.0}]}
{"t": 1776976139.976351, "events": [{"op": "set", "side": "bid", "price": 0.98, "size": 2500.0}]}
{"t": 1776976152.035327, "events": [{"op": "set", "side": "bid", "price": 0.98, "size": 1500.0}]}
{"t": 1776976153.054967, "events": [{"op": "set", "side": "bid", "price": 0.98, "size": 2500.0}]}
{"t": 1776976204.476952, "events": [{"op": "set", "side": "bid", "price": 0.98, "size": 1500.0}]}
{"t": 1776976208.525941, "events": [{"op": "set", "side": "bid", "price": 0.98, "size": 2500.0}]}
{"t": 1776976285.139929, "events": [{"op": "set", "side": "bid", "price": 0.98, "size": 1500.0}]}
{"t": 1776976287.161626, "events": [{"op": "set", "side": "bid", "price": 0.98, "size": 2500.0}]}
{"t": 1776976301.276474, "events": [{"op": "set", "side": "bid", "price": 0.98, "size": 1500.0}]}
{"t": 1776976304.313708, "events": [{"op": "set", "side": "bid", "price": 0.98, "size": 2500.0}]}
{"t": 1776976340.6580539, "events": [{"op": "set", "side": "bid", "price": 0.98, "size": 1500.0}]}
{"t": 1776976343.692986, "events": [{"op": "set", "side": "bid", "price": 0.98, "size": 2500.0}]}
{"t": 1776976344.703347, "events": [{"op": "set", "side": "bid", "price": 0.98, "size": 1500.0}]}
{"t": 1776976350.768629, "events": [{"op": "set", "side": "bid", "price": 0.98, "size": 2500.0}]}
{"t": 1776976351.775647, "events": [{"op": "set", "side": "bid", "price": 0.98, "size": 1500.0}]}
{"t": 1776976356.839608, "events": [{"op": "set", "side": "bid", "price": 0.98, "size": 2500.0}]}
{"t": 1776976425.340163, "events": [{"op": "set", "side": "bid", "price": 0.98, "size": 1500.0}]}
{"t": 1776976428.364198, "events": [{"op": "set", "side": "bid", "price": 0.98, "size": 2500.0}]}
{"t": 1776976465.66493, "events": [{"op": "set", "side": "bid", "price": 0.98, "size": 1500.0}]}
{"t": 1776976468.700096, "events": [{"op": "set", "side": "bid", "price": 0.98, "size": 2500.0}]}
{"t": 1776976477.761339, "events": [{"op": "set", "side": "bid", "price": 0.98, "size": 1500.0}]}
{"t": 1776976481.809105, "events": [{"op": "set", "side": "bid", "price": 0.98, "size": 2500.0}]}
{"t": 1776976513.0576482, "events": [{"op": "delete", "side": "bid", "price": 0.61}, {"op": "set", "side": "bid", "price": 0.73, "size": 3946.0}]}
{"t": 1776976536.203557, "events": [{"op": "set", "side": "bid", "price": 0.98, "size": 1500.0}]}
{"t": 1776976538.221212, "events": [{"op": "set", "side": "bid", "price": 0.98, "size": 2500.0}]}
{"t": 1776976569.49947, "events": [{"op": "set", "side": "bid", "price": 0.98, "size": 1500.0}]}
{"t": 1776976571.5276349, "events": [{"op": "set", "side": "bid", "price": 0.98, "size": 2500.0}]}
{"t": 1776976627.946018, "events": [{"op": "set", "side": "bid", "price": 0.98, "size": 1500.0}]}
{"t": 1776976632.999614, "events": [{"op": "set", "side": "bid", "price": 0.98, "size": 2500.0}]}
{"t": 1776976694.6291242, "events": [{"op": "set", "side": "bid", "price": 0.98, "size": 1500.0}]}
{"t": 1776976699.857614, "events": [{"op": "set", "side": "bid", "price": 0.98, "size": 2500.0}]}
{"t": 1776976798.966105, "events": [{"op": "set", "side": "bid", "price": 0.98, "size": 1500.0}]}
{"t": 1776976804.039381, "events": [{"op": "set", "side": "bid", "price": 0.98, "size": 2500.0}]}
{"t": 1776976823.281095, "events": [{"op": "set", "side": "bid", "price": 0.98, "size": 1500.0}]}
{"t": 1776976826.322222, "events": [{"op": "set", "side": "bid", "price": 0.98, "size": 2500.0}]}
{"t": 1776976873.730138, "events": [{"op": "set", "side": "bid", "price": 0.98, "size": 1500.0}]}
{"t": 1776976876.771445, "events": [{"op": "set", "side": "bid", "price": 0.98, "size": 2500.0}]}
{"t": 1776977027.54447, "events": [{"op": "set", "side": "bid", "price": 0.98, "size": 1500.0}]}
{"t": 1776977032.5981371, "events": [{"op": "set", "side": "bid", "price": 0.98, "size": 2500.0}]}
{"t": 1776977130.577865, "events": [{"op": "set", "side": "bid", "price": 0.98, "size": 1500.0}]}
{"t":1776978859.757362,"e":[[1,0,0.98,2250.0]]}
{"t":1776978869.856717,"e":[[1,0,0.98,1500.0]]}
{"t":1776978873.903151,"e":[[1,0,0.98,2250.0]]}
{"t":1776978909.223537,"e":[[1,0,0.98,1500.0]]}
{"t":1776978912.262826,"e":[[1,0,0.98,2250.0]]}
{"t":1776978979.146398,"e":[[1,0,0.98,1500.0]]}
{"t":1776978982.174557,"e":[[1,0,0.98,2250.0]]}
{"t":1776979006.375099,"e":[[1,0,0.98,1500.0]]}
{"t":1776979009.408774,"e":[[1,0,0.98,2250.0]]}
{"t":1776979021.503144,"e":[[1,0,0.98,1500.0]]}
{"t":1776979025.549849,"e":[[1,0,0.98,2250.0]]}
{"t":1776979081.134896,"e":[[1,0,0.98,1500.0]]}
{"t":1776979085.186368,"e":[[1,0,0.98,2250.0]]}
{"t":1776979102.3232388,"e":[[1,0,0.98,1500.0]]}
{"t":1776979106.3717089,"e":[[1,0,0.98,2250.0]]}
{"t":1776979111.404879,"e":[[1,0,0.98,1500.0]]}
{"t":1776979114.437589,"e":[[1,0,0.98,2250.0]]}
{"t":1776979130.556236,"e":[[1,0,0.98,1500.0]]}
{"t":1776979132.568574,"e":[[1,0,0.98,2250.0]]}
{"t":1776979135.5978959,"e":[[1,0,0.98,1500.0]]}
{"t":1776979138.624363,"e":[[1,0,0.98,2250.0]]}
{"t":1776979162.765724,"e":[[1,0,0.98,1500.0]]}
{"t":1776979165.8170938,"e":[[1,0,0.98,2250.0]]}
{"t":1776979208.261129,"e":[[1,0,0.98,1500.0]]}
{"t":1776979210.3045912,"e":[[1,0,0.98,2250.0]]}
{"t":1776979250.753281,"e":[[1,0,0.98,1500.0]]}
{"t":1776979252.8169029,"e":[[1,0,0.98,2250.0]]}
{"t":1776979286.150522,"e":[[1,0,0.98,1500.0]]}
{"t":1776979289.188255,"e":[[1,0,0.98,2250.0]]}
{"t":1776979322.47595,"e":[[1,0,0.98,1500.0]]}
{"t":1776979328.557861,"e":[[1,0,0.98,2250.0]]}
{"t":1776979357.799739,"e":[[1,0,0.98,1500.0]]}
{"t":1776979358.815964,"e":[[1,0,0.98,2250.0]]}
{"t":1776979373.992595,"e":[[1,0,0.98,1500.0]]}
{"t":1776979378.053979,"e":[[1,0,0.98,2250.0]]}
{"t":1776979393.279681,"e":[[1,0,0.98,1500.0]]}
{"t":1776979397.3262699,"e":[[1,0,0.98,2250.0]]}
{"t":1776979404.426751,"e":[[1,0,0.98,1500.0]]}
{"t":1776979408.486134,"e":[[1,0,0.98,2250.0]]}
{"t":1776979421.670975,"e":[[1,0,0.98,1500.0]]}
{"t":1776979425.853899,"e":[[1,0,0.98,2250.0]]}
{"t":1776979440.0022578,"e":[[1,0,0.98,1500.0]]}
{"t":1776979443.037045,"e":[[1,0,0.98,2250.0]]}
{"t":1776979499.5889611,"e":[[1,0,0.98,1500.0]]}
{"t":1776979502.631507,"e":[[1,0,0.98,2250.0]]}
{"t":1776979636.021319,"e":[[1,0,0.98,1500.0]]}
{"t":1776979637.049831,"e":[[1,0,0.98,2250.0]]}
{"t":1776979641.110275,"e":[[1,0,0.98,1500.0]]}
{"t":1776979645.163307,"e":[[1,0,0.98,2250.0]]}
{"t":1776979673.505915,"e":[[1,0,0.98,1500.0]]}
{"t":1776979677.5577102,"e":[[1,0,0.98,2250.0]]}
{"t":1776979714.936487,"e":[[1,0,0.98,1500.0]]}
{"t":1776979717.9742022,"e":[[1,0,0.98,2250.0]]}
{"t":1776979736.216362,"e":[[1,0,0.98,1500.0]]}
{"t":1776979738.25713,"e":[[1,0,0.98,2250.0]]}
{"t":1776979820.0560918,"e":[[1,0,0.98,1500.0]]}
{"t":1776979823.09566,"e":[[1,0,0.98,2250.0]]}
{"t":1776979832.244597,"e":[[1,0,0.98,1500.0]]}
{"t":1776979835.291805,"e":[[1,0,0.98,2250.0]]}
{"t":1776979866.614618,"e":[[1,0,0.98,1500.0]]}
{"t":1776979870.6450438,"e":[[1,0,0.98,2250.0]]}
{"t":1776979948.596159,"e":[[1,0,0.98,1500.0]]}
{"t":1776979952.65566,"e":[[1,0,0.98,2250.0]]}
{"t":1776980002.208147,"e":[[1,0,0.98,1500.0]]}
{"t":1776980007.280448,"e":[[1,0,0.98,2250.0]]}
{"t":1776980031.561755,"e":[[1,0,0.98,1500.0]]}
{"t":1776980034.6140401,"e":[[1,0,0.98,2250.0]]}
{"t":1776980074.1980958,"e":[[1,0,0.99,543.51]]}
{"t":1776980216.500921,"e":[[1,0,0.98,1500.0]]}
{"t":1776980220.563881,"e":[[1,0,0.98,2250.0]]}
{"t":1776980339.870958,"e":[[1,0,0.98,1500.0]]}
{"t":1776980346.9657018,"e":[[1,0,0.98,2250.0]]}
{"t":1776980359.084876,"e":[[1,0,0.98,1500.0]]}
{"t":1776980362.116677,"e":[[1,0,0.98,2250.0]]}
{"t":1776980428.823528,"e":[[1,0,0.98,1500.0]]}
{"t":1776980431.865155,"e":[[1,0,0.98,2250.0]]}
{"t":1776980438.9541829,"e":[[1,0,0.98,1500.0]]}
{"t":1776980441.991785,"e":[[1,0,0.98,2250.0]]}
{"t":1776980488.560389,"e":[[1,0,0.98,1500.0]]}
{"t":1776980490.596148,"e":[[1,0,0.98,2250.0]]}
{"t":1776980524.08113,"e":[[1,0,0.98,1500.0]]}
{"t":1776980525.100575,"e":[[1,0,0.98,2250.0]]}
{"t":1776980562.5381172,"e":[[1,0,0.98,1500.0]]}
{"t":1776980566.604689,"e":[[1,0,0.98,2250.0]]}
{"t":1776980577.735656,"e":[[1,0,0.98,1500.0]]}
{"t":1776980578.763276,"e":[[1,0,0.98,2250.0]]}
{"t":1776980589.9223082,"e":[[1,0,0.98,1500.0]]}
{"t":1776980592.981667,"e":[[1,0,0.98,2250.0]]}
{"t":1776980758.610584,"e":[[1,0,0.98,1500.0]]}
{"t":1776980763.703736,"e":[[1,0,0.98,2250.0]]}
{"t":1776980842.4296498,"e":[[1,0,0.98,1500.0]]}
{"t":1776980845.4702349,"e":[[1,0,0.98,2250.0]]}
{"t":1776980929.387115,"e":[[1,0,0.98,1500.0]]}
{"t":1776980932.421974,"e":[[1,0,0.98,2250.0]]}
{"t":1776980942.557023,"e":[[1,0,0.98,1500.0]]}
{"t":1776980946.62488,"e":[[1,0,0.98,2250.0]]}
{"t":1776980957.745952,"e":[[1,0,0.98,1500.0]]}
{"t":1776980960.798671,"e":[[1,0,0.98,2250.0]]}
{"t":1776980976.982363,"e":[[1,0,0.98,1500.0]]}
{"t":1776980981.055403,"e":[[1,0,0.98,2250.0]]}
{"t":1776980995.2883961,"e":[[1,0,0.98,1500.0]]}
{"t":1776980999.340385,"e":[[1,0,0.98,2250.0]]}
{"t":1776981008.444097,"e":[[1,0,0.98,1500.0]]}
{"t":1776981012.4987168,"e":[[1,0,0.98,2250.0]]}
{"t":1776981018.585931,"e":[[1,0,0.98,1500.0]]}
{"t":1776981022.6689541,"e":[[1,0,0.98,2250.0]]}
{"t":1776981039.859245,"e":[[1,0,0.98,1500.0]]}
{"t":1776981043.911885,"e":[[1,0,0.98,2250.0]]}
{"t":1776981072.162536,"e":[[1,0,0.98,1500.0]]}
{"t":1776981074.199422,"e":[[1,0,0.98,2250.0]]}
{"t":1776981087.326062,"e":[[1,0,0.98,1500.0]]}
{"t":1776981089.372341,"e":[[1,0,0.98,2250.0]]}
{"t":1776981100.51648,"e":[[1,0,0.98,1500.0]]}
{"t":1776981102.5422,"e":[[1,0,0.98,2250.0]]}
{"t":1776981193.665442,"e":[[1,0,0.98,1500.0]]}
{"t":1776981195.704865,"e":[[1,0,0.98,2250.0]]}
{"t":1776981206.826984,"e":[[1,0,0.98,1500.0]]}
{"t":1776981210.864474,"e":[[1,0,0.98,2250.0]]}
{"t":1776981249.287044,"e":[[1,0,0.98,1500.0]]}
{"t":1776981252.324728,"e":[[1,0,0.98,2250.0]]}
{"t":1776981263.4313338,"e":[[1,0,0.98,1500.0]]}
{"t":1776981266.4803982,"e":[[1,0,0.98,2250.0]]}
{"t":1776981297.8282409,"e":[[1,0,0.98,1500.0]]}
{"t":1776981303.909328,"e":[[0,0,0.73],[1,0,0.7,3900.0]]}
{"t":1776981600.633235,"e":[[0,0,0.01]]}
{"t":1776982862.0837069,"e":[[0,0,0.69],[0,0,0.39]]}
{"t":1776983302.861096,"e":[[0,0,0.91]]}
{"t":1776984529.9166489,"e":[[1,0,0.69,39.0],[1,0,0.39,100.0]]}
{"t":1776984600.5990279,"e":[[1,0,0.99,93.50999999999999]]}
{"t":1776984741.886945,"e":[[1,0,0.99,843.51]]}
{"t":1776984788.299275,"e":[[1,0,0.99,834.16]]}
{"t":1776985743.7749188,"e":[[0,0,0.69],[0,0,0.39]]}
{"t":1776986009.19275,"e":[[1,0,0.99,84.15999999999997]]}
{"t":1776986078.7794409,"e":[[0,0,0.7],[1,0,0.71,3647.0]]}
{"t":1776986313.663645,"e":[[1,0,0.98,1750.0]]}
{"t":1776986327.8631501,"e":[[1,0,0.98,250.0]]}
{"t":1776986329.886097,"e":[[0,0,0.98]]}
{"t":1776986330.904911,"e":[[1,0,0.97,5255.0]]}
{"t":1776986363.351876,"e":[[1,0,0.97,5005.0]]}
{"t":1776986364.384167,"e":[[1,0,0.97,5255.0]]}
{"t":1776986383.65274,"e":[[1,0,0.97,5005.0]]}
{"t":1776986384.680605,"e":[[1,0,0.97,5255.0]]}
{"t":1776986397.8622699,"e":[[1,0,0.97,5005.0]]}
{"t":1776986400.899296,"e":[[1,0,0.97,5255.0]]}
{"t":1776986419.158252,"e":[[1,0,0.97,5005.0]]}
{"t":1776986422.21214,"e":[[1,0,0.97,5255.0]]}
{"t":1776986437.380849,"e":[[1,0,0.97,5005.0]]}
{"t":1776986439.423061,"e":[[1,0,0.97,5255.0]]}
{"t":1776986469.807368,"e":[[1,0,0.97,5005.0]]}
{"t":1776986472.854091,"e":[[1,0,0.97,5255.0]]}
{"t":1776986494.109504,"e":[[1,0,0.97,5005.0]]}
{"t":1776986496.1457589,"e":[[1,0,0.97,5255.0]]}
{"t":1776986534.6683981,"e":[[1,0,0.97,5005.0]]}
{"t":1776986537.7171562,"e":[[1,0,0.97,5255.0]]}
{"t":1776986573.241257,"e":[[1,0,0.97,5005.0]]}
{"t":1776986575.279156,"e":[[1,0,0.97,5255.0]]}
{"t":1776986579.318312,"e":[[1,0,0.97,5005.0]]}
{"t":1776986581.3651452,"e":[[1,0,0.97,5255.0]]}
{"t":1776986659.255121,"e":[[1,0,0.97,5005.0]]}
{"t":1776986661.2968,"e":[[1,0,0.97,5255.0]]}
{"t":1776986680.548555,"e":[[1,0,0.97,5005.0]]}
{"t":1776986683.588853,"e":[[1,0,0.97,5255.0]]}
{"t":1776986705.846477,"e":[[1,0,0.97,5005.0]]}
{"t":1776986708.8906822,"e":[[1,0,0.97,5255.0]]}
{"t":1776986729.172899,"e":[[1,0,0.97,5005.0]]}
{"t":1776986733.2222269,"e":[[1,0,0.97,5255.0]]}
{"t":1776986832.4536839,"e":[[1,0,0.97,5005.0]]}
{"t":1776986838.5462232,"e":[[1,0,0.97,5255.0]]}
{"t":1776986869.923723,"e":[[1,0,0.97,5005.0]]}
{"t":1776986872.010302,"e":[[1,0,0.97,5255.0]]}
{"t":1776986886.168145,"e":[[1,0,0.97,5005.0]]}
{"t":1776986888.2016718,"e":[[1,0,0.97,5255.0]]}
{"t":1776986915.520103,"e":[[1,0,0.97,5005.0]]}
{"t":1776986920.597632,"e":[[1,0,0.97,5255.0]]}
{"t":1776986942.903061,"e":[[1,0,0.97,5005.0]]}
{"t":1776986946.9656582,"e":[[1,0,0.97,5255.0]]}
{"t":1776986947.983878,"e":[[1,0,0.97,5005.0]]}
{"t":1776986952.033379,"e":[[1,0,0.97,5255.0]]}
{"t":1776986964.188865,"e":[[1,0,0.97,5005.0]]}
{"t":1776986967.225376,"e":[[1,0,0.97,5255.0]]}
{"t":1776986970.258007,"e":[[1,0,0.97,5005.0]]}
{"t":1776986972.294152,"e":[[1,0,0.97,5255.0]]}
{"t":1776986979.398657,"e":[[1,0,0.97,5005.0]]}
{"t":1776986981.42221,"e":[[1,0,0.97,5255.0]]}
{"t":1776986996.63327,"e":[[1,0,0.97,5005.0]]}
{"t":1776986997.66156,"e":[[1,0,0.97,5255.0]]}
{"t":1776987079.743087,"e":[[1,0,0.97,5005.0]]}
{"t":1776987080.771084,"e":[[1,0,0.97,5255.0]]}
{"t":1776987127.571431,"e":[[1,0,0.97,5005.0]]}
{"t":1776987129.617493,"e":[[1,0,0.97,5255.0]]}
{"t":1776987131.655811,"e":[[1,0,0.97,5005.0]]}
{"t":1776987135.711443,"e":[[1,0,0.97,5255.0]]}
{"t":1776987144.8593578,"e":[[1,0,0.97,5005.0]]}
{"t":1776987148.931984,"e":[[1,0,0.97,5255.0]]}
{"t":1776987208.6758132,"e":[[1,0,0.97,5005.0]]}
{"t":1776987211.718431,"e":[[1,0,0.97,5255.0]]}
{"t":1776987268.385867,"e":[[1,0,0.97,5005.0]]}
{"t":1776987272.454564,"e":[[1,0,0.97,5255.0]]}
{"t":1776987307.884866,"e":[[1,0,0.97,5005.0]]}
{"t":1776987309.920022,"e":[[1,0,0.97,5255.0]]}
{"t":1776987362.556312,"e":[[1,0,0.97,5005.0]]}
{"t":1776987366.622816,"e":[[1,0,0.97,5255.0]]}
{"t":1776987388.8948748,"e":[[1,0,0.97,5005.0]]}
{"t":1776987392.957681,"e":[[1,0,0.97,5255.0]]}
{"t":1776987410.173267,"e":[[1,0,0.97,5005.0]]}
{"t":1776987411.193162,"e":[[1,0,0.97,5255.0]]}
{"t":1776987480.037149,"e":[[1,0,0.97,5005.0]]}
{"t":1776987484.123154,"e":[[1,0,0.97,5255.0]]}
{"t":1776987502.399264,"e":[[0,0,0.99]]}
{"t":1776987509.499563,"e":[[1,0,0.97,5005.0]]}
{"t":1776987513.572844,"e":[[1,0,0.97,5255.0]]}
{"t":1776987531.878761,"e":[[1,0,0.97,5005.0]]}
{"t":1776987532.89665,"e":[[1,0,0.97,5255.0]]}
{"t":1776987546.0651488,"e":[[1,0,0.97,5005.0]]}
{"t":1776987548.090229,"e":[[1,0,0.97,5255.0]]}
{"t":1776987565.324453,"e":[[1,0,0.97,5005.0]]}
{"t":1776987568.358059,"e":[[1,0,0.97,5255.0]]}
{"t":1776987570.385914,"e":[[1,0,0.97,5005.0]]}
{"t":1776987571.411482,"e":[[1,0,0.97,5255.0]]}
{"t":1776987577.4838452,"e":[[1,0,0.97,5005.0]]}
{"t":1776987580.526141,"e":[[1,0,0.97,5255.0]]}
{"t":1776987586.6072462,"e":[[1,0,0.97,5005.0]]}
{"t":1776987587.619329,"e":[[1,0,0.97,5255.0]]}
{"t":1776987593.725282,"e":[[1,0,0.97,5005.0]]}
{"t":1776987594.758166,"e":[[1,0,0.97,5255.0]]}
{"t":1776987611.9746518,"e":[[1,0,0.01,50000.0]]}
{"t":1776987620.079356,"e":[[1,0,0.97,5005.0]]}
{"t":1776987622.1203682,"e":[[1,0,0.97,5255.0]]}
{"t":1776987655.4332852,"e":[[1,0,0.97,5005.0]]}
{"t":1776987781.315525,"e":[[1,0,0.97,5000.0],[0,0,0.9],[0,0,0.8]]}
