{"t": 1776975856.396708, "events": [{"op": "set", "side": "bid", "price": 0.08, "size": 6.0}]}
{"t": 1776975859.432927, "events": [{"op": "set", "side": "bid", "price": 0.08, "size": 5.0}]}
{"t": 1776975866.4869819, "events": [{"op": "set", "side": "bid", "price": 0.08, "size": 6.0}]}
{"t": 1776975869.519797, "events": [{"op": "set", "side": "bid", "price": 0.08, "size": 5.0}]}
{"t": 1776975878.59487, "events": [{"op": "set", "side": "bid", "price": 0.08, "size": 2.0}, {"op": "set", "side": "bid", "price": 0.06, "size": 100.0}, {"op": "set", "side": "bid", "price": 0.07, "size": 23.0}, {"op": "set", "side": "ask", "price": 0.44, "size": 4.0}, {"op": "set", "side": "ask", "price": 0.5, "size": 60.0}, {"op": "set", "side": "ask", "price": 0.67, "size": 100.0}]}
{"t": 1776975880.618389, "events": [{"op": "set", "side": "bid", "price": 0.08, "size": 6.0}, {"op": "set", "side": "bid", "price": 0.06, "size": 101.0}, {"op": "set", "side": "bid", "price": 0.07, "size": 25.0}, {"op": "set", "side": "ask", "price": 0.44, "size": 83.0}, {"op": "set", "side": "ask", "price": 0.5, "size": 217.0}, {"op": "set", "side": "ask", "price": 0.67, "size": 336.0}]}
{"t": 1776975889.700941, "events": [{"op": "set", "side": "bid", "price": 0.08, "size": 5.0}]}
{"t": 1776975914.8911412, "events": [{"op": "set", "side": "bid", "price": 0.08, "size": 6.0}]}
{"t": 1776975916.9452019, "events": [{"op": "set", "side": "bid", "price": 0.08, "size": 5.0}]}
{"t": 1776975940.061205, "events": [{"op": "set", "side": "bid", "price": 0.08, "size": 2.0}, {"op": "set", "side": "bid", "price": 0.06, "size": 100.0}, {"op": "set", "side": "bid", "price": 0.07, "size": 23.0}, {"op": "set", "side": "ask", "price": 0.44, "size": 4.0}, {"op": "set", "side": "ask", "price": 0.5, "size": 60.0}, {"op": "set", "side": "ask", "price": 0.67, "size": 100.0}]}
{"t": 1776975942.095907, "events": [{"op": "set", "side": "bid", "price": 0.08, "size": 6.0}, {"op": "set", "side": "bid", "price": 0.06, "size": 101.0}, {"op": "set", "side": "bid", "price": 0.07, "size": 25.0}]}
{"t": 1776975943.110956, "events": [{"op": "set", "side": "ask", "price": 0.44, "size": 83.0}, {"op": "set", "side": "ask", "price": 0.5, "size": 217.0}, {"op": "set", "side": "ask", "price": 0.67, "size": 336.0}]}
{"t": 1776975947.2255669, "events": [{"op": "set", "side": "bid", "price": 0.08, "size": 5.0}]}
{"t": 1776975951.2976189, "events": [{"op": "set", "side": "bid", "price": 0.08, "size": 2.0}, {"op": "set", "side": "bid", "price": 0.06, "size": 100.0}, {"op": "set", "side": "bid", "price": 0.07, "size": 23.0}, {"op": "set", "side": "ask", "price": 0.44, "size": 4.0}, {"op": "set", "side": "ask", "price": 0.5, "size": 60.0}, {"op": "set", "side": "ask", "price": 0.67, "size": 100.0}]}
{"t": 1776975954.332581, "events": [{"op": "set", "side": "bid", "price": 0.08, "size": 6.0}, {"op": "set", "side": "bid", "price": 0.06, "size": 101.0}, {"op": "set", "side": "bid", "price": 0.07, "size": 25.0}, {"op": "set", "side": "ask", "price": 0.44, "size": 83.0}, {"op": "set", "side": "ask", "price": 0.5, "size": 217.0}, {"op": "set", "side": "ask", "price": 0.67, "size": 336.0}]}
{"t": 1776975959.372451, "events": [{"op": "set", "side": "bid", "price": 0.08, "size": 5.0}]}
{"t": 1776975973.468818, "events": [{"op": "set", "side": "bid", "price": 0.08, "size": 6.0}]}
{"t": 1776975977.5051599, "events": [{"op": "set", "side": "bid", "price": 0.08, "size": 5.0}]}
{"t": 1776975989.593303, "events": [{"op": "set", "side": "bid", "price": 0.08, "size": 6.0}]}
{"t": 1776976002.718677, "events": [{"op": "set", "side": "bid", "price": 0.08, "size": 5.0}]}
{"t": 1776976005.821455, "events": [{"op": "set", "side": "bid", "price": 0.08, "size": 6.0}]}
{"t": 1776976011.8745532, "events": [{"op": "set", "side": "bid", "price": 0.08, "size": 5.0}]}
{"t": 1776976022.983882, "events": [{"op": "set", "side": "bid", "price": 0.08, "size": 6.0}]}
{"t": 1776976030.0649989, "events": [{"op": "set", "side": "bid", "price": 0.08, "size": 5.0}]}
{"t": 1776976038.1259038, "events": [{"op": "set", "side": "ask", "price": 0.88, "size": 61.260000000000005}]}
{"t": 1776976040.136569, "events": [{"op": "set", "side": "bid", "price": 0.08, "size": 6.0}]}
{"t": 1776976041.146323, "events": [{"op": "set", "side": "bid", "price": 0.08, "size": 5.0}]}
{"t": 1776976044.185159, "events": [{"op": "set", "side": "bid", "price": 0.08, "size": 2.0}, {"op": "set", "side": "bid", "price": 0.06, "size": 100.0}, {"op": "set", "side": "bid", "price": 0.07, "size": 23.0}, {"op": "set", "side": "ask", "price": 0.44, "size": 4.0}, {"op": "set", "side": "ask", "price": 0.5, "size": 60.0}, {"op": "set", "side": "ask", "price": 0.67, "size": 100.0}]}
{"t": 1776976047.209746, "events": [{"op": "set", "side": "ask", "price": 0.88, "size": 81.26}]}
{"t": 1776976048.218187, "events": [{"op": "set", "side": "bid", "price": 0.08, "size": 6.0}, {"op": "set", "side": "bid", "price": 0.06, "size": 101.0}, {"op": "set", "side": "bid", "price": 0.07, "size": 25.0}, {"op": "set", "side": "ask", "price": 0.44, "size": 82.0}, {"op": "set", "side": "ask", "price": 0.5, "size": 217.0}, {"op": "set", "side": "ask", "price": 0.67, "size": 335.0}]}
{"t": 1776976050.238752, "events": [{"op": "set", "side": "bid", "price": 0.08, "size": 5.0}]}
{"t": 1776976058.306615, "events": [{"op": "set", "side": "bid", "price": 0.08, "size": 2.0}, {"op": "set", "side": "bid", "price": 0.06, "size": 100.0}, {"op": "set", "side": "bid", "price": 0.07, "size": 23.0}, {"op": "set", "side": "ask", "price": 0.44, "size": 4.0}, {"op": "set", "side": "ask", "price": 0.5, "size": 60.0}, {"op": "set", "side": "ask", "price": 0.67, "size": 100.0}]}
{"t": 1776976061.337662, "events": [{"op": "set", "side": "bid", "price": 0.08, "size": 6.0}, {"op": "set", "side": "bid", "price": 0.06, "size": 101.0}, {"op": "set", "side": "bid", "price": 0.07, "size": 25.0}]}
{"t": 1776976062.354484, "events": [{"op": "set", "side": "ask", "price": 0.44, "size": 83.0}, {"op": "set", "side": "ask", "price": 0.5, "size": 217.0}, {"op": "set", "side": "ask", "price": 0.67, "size": 336.0}]}
{"t": 1776976065.3873029, "events": [{"op": "set", "side": "bid", "price": 0.08, "size": 5.0}]}
{"t": 1776976075.471221, "events": [{"op": "set", "side": "bid", "price": 0.08, "size": 6.0}]}
{"t": 1776976077.482344, "events": [{"op": "set", "side": "bid", "price": 0.08, "size": 5.0}]}
{"t": 1776976085.548361, "events": [{"op": "set", "side": "bid", "price": 0.08, "size": 2.0}, {"op": "set", "side": "bid", "price": 0.06, "size": 100.0}, {"op": "set", "side": "bid", "price": 0.07, "size": 23.0}, {"op": "set", "side": "ask", "price": 0.44, "size": 4.0}, {"op": "set", "side": "ask", "price": 0.5, "size": 60.0}, {"op": "set", "side": "ask", "price": 0.67, "size": 100.0}]}
{"t": 1776976089.58958, "events": [{"op": "set", "side": "bid", "price": 0.08, "size": 6.0}, {"op": "set", "side": "bid", "price": 0.06, "size": 101.0}, {"op": "set", "side": "bid", "price": 0.07, "size": 25.0}, {"op": "set", "side": "ask", "price": 0.44, "size": 83.0}, {"op": "set", "side": "ask", "price": 0.5, "size": 217.0}, {"op": "set", "side": "ask", "price": 0.67, "size": 336.0}]}
{"t": 1776976092.6074328, "events": [{"op": "set", "side": "bid", "price": 0.08, "size": 5.0}]}
{"t": 1776976097.657048, "events": [{"op": "set", "side": "bid", "price": 0.08, "size": 6.0}]}
{"t": 1776976099.67869, "events": [{"op": "set", "side": "bid", "price": 0.08, "size": 5.0}]}
{"t": 1776976113.775799, "events": [{"op": "set", "side": "bid", "price": 0.08, "size": 6.0}]}
{"t": 1776976116.79982, "events": [{"op": "set", "side": "bid", "price": 0.08, "size": 5.0}]}
{"t": 1776976128.8931751, "events": [{"op": "set", "side": "bid", "price": 0.08, "size": 6.0}]}
{"t": 1776976130.9047801, "events": [{"op": "set", "side": "bid", "price": 0.08, "size": 5.0}]}
{"t": 1776976135.934583, "events": [{"op": "set", "side": "bid", "price": 0.08, "size": 2.0}, {"op": "set", "side": "bid", "price": 0.06, "size": 100.0}, {"op": "set", "side": "bid", "price": 0.07, "size": 23.0}, {"op": "set", "side": "ask", "price": 0.44, "size": 4.0}, {"op": "set", "side": "ask", "price": 0.5, "size": 60.0}, {"op": "set", "side": "ask", "price": 0.67, "size": 100.0}]}
{"t": 1776976139.976351, "events": [{"op": "set", "side": "bid", "price": 0.08, "size": 6.0}, {"op": "set", "side": "bid", "price": 0.06, "size": 101.0}, {"op": "set", "side": "bid", "price": 0.07, "size": 25.0}, {"op": "set", "side": "ask", "price": 0.44, "size": 83.0}, {"op": "set", "side": "ask", "price": 0.5, "size": 217.0}, {"op": "set", "side": "ask", "price": 0.67, "size": 336.0}]}
{"t": 1776976152.035327, "events": [{"op": "set", "side": "bid", "price": 0.08, "size": 2.0}, {"op": "set", "side": "bid", "price": 0.06, "size": 100.0}, {"op": "set", "side": "bid", "price": 0.07, "size": 23.0}, {"op": "set", "side": "ask", "price": 0.44, "size": 4.0}, {"op": "set", "side": "ask", "price": 0.5, "size": 60.0}, {"op": "set", "side": "ask", "price": 0.67, "size": 100.0}]}
{"t": 1776976153.054967, "events": [{"op": "set", "side": "bid", "price": 0.08, "size": 6.0}, {"op": "set", "side": "bid", "price": 0.06, "size": 101.0}, {"op": "set", "side": "bid", "price": 0.07, "size": 25.0}, {"op": "set", "side": "ask", "price": 0.44, "size": 83.0}, {"op": "set", "side": "ask", "price": 0.5, "size": 217.0}, {"op": "set", "side": "ask", "price": 0.67, "size": 336.0}]}
{"t": 1776976172.213068, "events": [{"op": "set", "side": "bid", "price": 0.08, "size": 5.0}]}
{"t": 1776976178.273995, "events": [{"op": "set", "side": "bid", "price": 0.08, "size": 6.0}]}
{"t": 1776976197.420757, "events": [{"op": "set", "side": "bid", "price": 0.08, "size": 5.0}]}
{"t": 1776976204.476952, "events": [{"op": "set", "side": "bid", "price": 0.08, "size": 2.0}, {"op": "set", "side": "bid", "price": 0.06, "size": 100.0}, {"op": "set", "side": "bid", "price": 0.07, "size": 23.0}, {"op": "set", "side": "ask", "price": 0.44, "size": 4.0}, {"op": "set", "side": "ask", "price": 0.5, "size": 60.0}, {"op": "set", "side": "ask", "price": 0.67, "size": 100.0}]}
{"t": 1776976207.508864, "events": [{"op": "set", "side": "bid", "price": 0.08, "size": 6.0}, {"op": "set", "side": "bid", "price": 0.06, "size": 101.0}, {"op": "set", "side": "bid", "price": 0.07, "size": 25.0}, {"op": "set", "side": "ask", "price": 0.44, "size": 83.0}, {"op": "set", "side": "ask", "price": 0.5, "size": 217.0}, {"op": "set", "side": "ask", "price": 0.67, "size": 336.0}]}
{"t": 1776976215.5757089, "events": [{"op": "set", "side": "bid", "price": 0.08, "size": 5.0}]}
{"t": 1776976218.6080482, "events": [{"op": "set", "side": "bid", "price": 0.08, "size": 6.0}]}
{"t": 1776976220.6215591, "events": [{"op": "set", "side": "bid", "price": 0.08, "size": 5.0}]}
{"t": 1776976223.6436858, "events": [{"op": "set", "side": "bid", "price": 0.08, "size": 6.0}]}
{"t": 1776976254.822479, "events": [{"op": "set", "side": "bid", "price": 0.08, "size": 5.0}]}
{"t": 1776976260.885631, "events": [{"op": "set", "side": "bid", "price": 0.08, "size": 6.0}]}
{"t": 1776976276.0147579, "events": [{"op": "set", "side": "bid", "price": 0.08, "size": 5.0}]}
{"t": 1776976281.087897, "events": [{"op": "set", "side": "bid", "price": 0.08, "size": 6.0}]}
{"t": 1776976285.139929, "events": [{"op": "set", "side": "bid", "price": 0.08, "size": 2.0}, {"op": "set", "side": "bid", "price": 0.06, "size": 100.0}, {"op": "set", "side": "bid", "price": 0.07, "size": 23.0}, {"op": "set", "side": "ask", "price": 0.44, "size": 4.0}, {"op": "set", "side": "ask", "price": 0.5, "size": 60.0}, {"op": "set", "side": "ask", "price": 0.67, "size": 100.0}]}
{"t": 1776976287.161626, "events": [{"op": "set", "side": "bid", "price": 0.08, "size": 6.0}, {"op": "set", "side": "bid", "price": 0.06, "size": 101.0}, {"op": "set", "side": "bid", "price": 0.07, "size": 25.0}, {"op": "set", "side": "ask", "price": 0.44, "size": 83.0}, {"op": "set", "side": "ask", "price": 0.5, "size": 217.0}, {"op": "set", "side": "ask", "price": 0.67, "size": 336.0}]}
{"t": 1776976301.276474, "events": [{"op": "set", "side": "bid", "price": 0.08, "size": 2.0}, {"op": "set", "side": "bid", "price": 0.06, "size": 100.0}, {"op": "set", "side": "bid", "price": 0.07, "size": 23.0}, {"op": "set", "side": "ask", "price": 0.44, "size": 4.0}, {"op": "set", "side": "ask", "price": 0.5, "size": 60.0}, {"op": "set", "side": "ask", "price": 0.67, "size": 100.0}]}
{"t": 1776976304.313708, "events": [{"op": "set", "side": "bid", "price": 0.08, "size": 6.0}, {"op": "set", "side": "bid", "price": 0.06, "size": 101.0}, {"op": "set", "side": "bid", "price": 0.07, "size": 25.0}, {"op": "set", "side": "ask", "price": 0.44, "size": 83.0}, {"op": "set", "side": "ask", "price": 0.5, "size": 217.0}, {"op": "set", "side": "ask", "price": 0.67, "size": 336.0}]}
{"t": 1776976307.3653572, "events": [{"op": "set", "side": "bid", "price": 0.08, "size": 5.0}]}
{"t": 1776976324.50117, "events": [{"op": "set", "side": "bid", "price": 0.08, "size": 6.0}]}
{"t": 1776976332.56369, "events": [{"op": "set", "side": "bid", "price": 0.08, "size": 5.0}]}
{"t": 1776976336.625223, "events": [{"op": "set", "side": "bid", "price": 0.08, "size": 6.0}]}
{"t": 1776976339.6474261, "events": [{"op": "set", "side": "bid", "price": 0.08, "size": 5.0}]}
{"t": 1776976340.6580539, "events": [{"op": "set", "side": "bid", "price": 0.08, "size": 2.0}, {"op": "set", "side": "bid", "price": 0.06, "size": 100.0}, {"op": "set", "side": "bid", "price": 0.07, "size": 23.0}, {"op": "set", "side": "ask", "price": 0.44, "size": 4.0}, {"op": "set", "side": "ask", "price": 0.5, "size": 60.0}, {"op": "set", "side": "ask", "price": 0.67, "size": 100.0}]}
{"t": 1776976343.692986, "events": [{"op": "set", "side": "bid", "price": 0.08, "size": 6.0}, {"op": "set", "side": "bid", "price": 0.06, "size": 101.0}, {"op": "set", "side": "bid", "price": 0.07, "size": 25.0}, {"op": "set", "side": "ask", "price": 0.44, "size": 83.0}, {"op": "set", "side": "ask", "price": 0.5, "size": 217.0}, {"op": "set", "side": "ask", "price": 0.67, "size": 336.0}]}
{"t": 1776976344.703347, "events": [{"op": "set", "side": "bid", "price": 0.08, "size": 2.0}, {"op": "set", "side": "bid", "price": 0.06, "size": 100.0}, {"op": "set", "side": "bid", "price": 0.07, "size": 23.0}, {"op": "set", "side": "ask", "price": 0.44, "size": 4.0}, {"op": "set", "side": "ask", "price": 0.5, "size": 60.0}, {"op": "set", "side": "ask", "price": 0.67, "size": 100.0}]}
{"t": 1776976347.7271721, "events": [{"op": "set", "side": "bid", "price": 0.08, "size": 6.0}, {"op": "set", "side": "bid", "price": 0.06, "size": 101.0}, {"op": "set", "side": "bid", "price": 0.07, "size": 25.0}, {"op": "set", "side": "ask", "price": 0.44, "size": 83.0}, {"op": "set", "side": "ask", "price": 0.5, "size": 217.0}, {"op": "set", "side": "ask", "price": 0.67, "size": 336.0}]}
{"t": 1776976351.775647, "events": [{"op": "set", "side": "bid", "price": 0.08, "size": 2.0}, {"op": "set", "side": "bid", "price": 0.06, "size": 100.0}, {"op": "set", "side": "bid", "price": 0.07, "size": 23.0}, {"op": "set", "side": "ask", "price": 0.44, "size": 4.0}, {"op": "set", "side": "ask", "price": 0.5, "size": 60.0}, {"op": "set", "side": "ask", "price": 0.67, "size": 100.0}]}
{"t": 1776976352.80179, "events": [{"op": "set", "side": "ask", "price": 0.88, "size": 61.260000000000005}]}
{"t": 1776976355.830212, "events": [{"op": "set", "side": "bid", "price": 0.08, "size": 6.0}, {"op": "set", "side": "bid", "price": 0.06, "size": 101.0}, {"op": "set", "side": "bid", "price": 0.07, "size": 25.0}, {"op": "set", "side": "ask", "price": 0.44, "size": 82.0}, {"op": "set", "side": "ask", "price": 0.5, "size": 217.0}, {"op": "set", "side": "ask", "price": 0.67, "size": 335.0}]}
{"t": 1776976359.87871, "events": [{"op": "set", "side": "bid", "price": 0.08, "size": 5.0}]}
{"t": 1776976363.930155, "events": [{"op": "set", "side": "bid", "price": 0.08, "size": 6.0}]}
{"t": 1776976377.024739, "events": [{"op": "set", "side": "ask", "price": 0.88, "size": 81.26}]}
{"t": 1776976390.085834, "events": [{"op": "set", "side": "bid", "price": 0.08, "size": 5.0}]}
{"t": 1776976395.125777, "events": [{"op": "set", "side": "bid", "price": 0.08, "size": 6.0}]}
{"t": 1776976415.243485, "events": [{"op": "set", "side": "bid", "price": 0.08, "size": 5.0}]}
{"t": 1776976423.3098712, "events": [{"op": "set", "side": "bid", "price": 0.08, "size": 6.0}]}
{"t": 1776976425.340163, "events": [{"op": "set", "side": "bid", "price": 0.08, "size": 2.0}, {"op": "set", "side": "bid", "price": 0.06, "size": 100.0}, {"op": "set", "side": "bid", "price": 0.07, "size": 23.0}, {"op": "set", "side": "ask", "price": 0.44, "size": 4.0}, {"op": "set", "side": "ask", "price": 0.5, "size": 60.0}, {"op": "set", "side": "ask", "price": 0.67, "size": 100.0}]}
{"t": 1776976428.364198, "events": [{"op": "set", "side": "bid", "price": 0.08, "size": 6.0}, {"op": "set", "side": "bid", "price": 0.06, "size": 101.0}, {"op": "set", "side": "bid", "price": 0.07, "size": 25.0}, {"op": "set", "side": "ask", "price": 0.44, "size": 83.0}, {"op": "set", "side": "ask", "price": 0.5, "size": 217.0}, {"op": "set", "side": "ask", "price": 0.67, "size": 336.0}]}
{"t": 1776976431.391558, "events": [{"op": "set", "side": "bid", "price": 0.08, "size": 5.0}]}
{"t": 1776976437.425882, "events": [{"op": "set", "side": "bid", "price": 0.08, "size": 6.0}]}
{"t": 1776976438.4467258, "events": [{"op": "set", "side": "bid", "price": 0.08, "size": 5.0}]}
{"t": 1776976442.480271, "events": [{"op": "set", "side": "bid", "price": 0.08, "size": 6.0}]}
{"t": 1776976443.4918458, "events": [{"op": "set", "side": "bid", "price": 0.08, "size": 5.0}]}
{"t": 1776976453.5542011, "events": [{"op": "set", "side": "bid", "price": 0.08, "size": 6.0}]}
{"t": 1776976454.565593, "events": [{"op": "set", "side": "bid", "price": 0.08, "size": 5.0}]}
{"t": 1776976460.625124, "events": [{"op": "set", "side": "bid", "price": 0.08, "size": 6.0}]}
{"t": 1776976461.631319, "events": [{"op": "set", "side": "bid", "price": 0.08, "size": 5.0}]}
{"t": 1776976465.66493, "events": [{"op": "set", "side": "bid", "price": 0.08, "size": 2.0}, {"op": "set", "side": "bid", "price": 0.06, "size": 100.0}, {"op": "set", "side": "bid", "price": 0.07, "size": 23.0}, {"op": "set", "side": "ask", "price": 0.44, "size": 4.0}, {"op": "set", "side": "ask", "price": 0.5, "size": 60.0}, {"op": "set", "side": "ask", "price": 0.67, "size": 100.0}]}
{"t": 1776976468.700096, "events": [{"op": "set", "side": "bid", "price": 0.08, "size": 6.0}, {"op": "set", "side": "bid", "price": 0.06, "size": 101.0}, {"op": "set", "side": "bid", "price": 0.07, "size": 25.0}, {"op": "set", "side": "ask", "price": 0.44, "size": 83.0}, {"op": "set", "side": "ask", "price": 0.5, "size": 217.0}, {"op": "set", "side": "ask", "price": 0.67, "size": 336.0}]}
{"t": 1776976472.725442, "events": [{"op": "set", "side": "bid", "price": 0.08, "size": 5.0}]}
{"t": 1776976477.761339, "events": [{"op": "set", "side": "bid", "price": 0.08, "size": 2.0}, {"op": "set", "side": "bid", "price": 0.06, "size": 100.0}, {"op": "set", "side": "bid", "price": 0.07, "size": 23.0}, {"op": "set", "side": "ask", "price": 0.44, "size": 4.0}, {"op": "set", "side": "ask", "price": 0.5, "size": 60.0}, {"op": "set", "side": "ask", "price": 0.67, "size": 100.0}]}
{"t": 1776976480.793513, "events": [{"op": "set", "side": "bid", "price": 0.08, "size": 6.0}, {"op": "set", "side": "bid", "price": 0.06, "size": 101.0}, {"op": "set", "side": "bid", "price": 0.07, "size": 25.0}, {"op": "set", "side": "ask", "price": 0.44, "size": 83.0}, {"op": "set", "side": "ask", "price": 0.5, "size": 217.0}, {"op": "set", "side": "ask", "price": 0.67, "size": 336.0}]}
{"t": 1776976484.820907, "events": [{"op": "set", "side": "bid", "price": 0.08, "size": 5.0}]}
{"t": 1776976488.8840268, "events": [{"op": "set", "side": "ask", "price": 0.88, "size": 61.260000000000005}]}
{"t": 1776976491.914994, "events": [{"op": "set", "side": "bid", "price": 0.08, "size": 6.0}]}
{"t": 1776976500.976686, "events": [{"op": "set", "side": "ask", "price": 0.88, "size": 81.26}]}
{"t": 1776976504.995602, "events": [{"op": "set", "side": "bid", "price": 0.08, "size": 5.0}]}
{"t": 1776976513.0576482, "events": [{"op": "set", "side": "bid", "price": 0.01, "size": 480.0}, {"op": "delete", "side": "ask", "price": 0.42}, {"op": "set", "side": "ask", "price": 0.03, "size": 67.0}, {"op": "delete", "side": "ask", "price": 0.43}, {"op": "set", "side": "ask", "price": 0.45, "size": 2146.0}]}
{"t": 1776976521.1357608, "events": [{"op": "set", "side": "ask", "price": 0.44, "size": 4.0}]}
{"t": 1776976522.1437619, "events": [{"op": "set", "side": "bid", "price": 0.08, "size": 6.0}, {"op": "set", "side": "ask", "price": 0.45, "size": 2247.0}, {"op": "set", "side": "ask", "price": 0.5, "size": 262.0}, {"op": "set", "side": "ask", "price": 0.67, "size": 404.0}]}
{"t": 1776976536.203557, "events": [{"op": "set", "side": "bid", "price": 0.08, "size": 2.0}, {"op": "set", "side": "bid", "price": 0.06, "size": 100.0}, {"op": "set", "side": "bid", "price": 0.07, "size": 23.0}, {"op": "set", "side": "ask", "price": 0.03, "size": 20.0}, {"op": "set", "side": "ask", "price": 0.45, "size": 2146.0}, {"op": "set", "side": "ask", "price": 0.5, "size": 60.0}, {"op": "set", "side": "ask", "price": 0.67, "size": 100.0}, {"op": "set", "side": "ask", "price": 0.51, "size": 45.0}]}
{"t": 1776976537.216504, "events": [{"op": "set", "side": "bid", "price": 0.08, "size": 6.0}, {"op": "set", "side": "bid", "price": 0.06, "size": 101.0}, {"op": "set", "side": "bid", "price": 0.07, "size": 25.0}, {"op": "set", "side": "ask", "price": 0.5, "size": 162.0}, {"op": "set", "side": "ask", "price": 0.51, "size": 249.0}, {"op": "set", "side": "ask", "price": 0.67, "size": 407.0}]}
{"t": 1776976542.257569, "events": [{"op": "set", "side": "bid", "price": 0.08, "size": 5.0}]}
{"t": 1776976544.27052, "events": [{"op": "set", "side": "ask", "price": 0.5, "size": 176.0}, {"op": "set", "side": "ask", "price": 0.51, "size": 277.0}, {"op": "set", "side": "ask", "price": 0.67, "size": 448.0}]}
{"t": 1776976545.305117, "events": [{"op": "set", "side": "ask", "price": 0.5, "size": 162.0}, {"op": "set", "side": "ask", "price": 0.51, "size": 249.0}, {"op": "set", "side": "ask", "price": 0.67, "size": 407.0}]}
{"t": 1776976547.325418, "events": [{"op": "set", "side": "bid", "price": 0.08, "size": 6.0}, {"op": "set", "side": "ask", "price": 0.5, "size": 188.0}, {"op": "set", "side": "ask", "price": 0.51, "size": 300.0}, {"op": "set", "side": "ask", "price": 0.67, "size": 482.0}]}
{"t": 1776976548.331649, "events": [{"op": "set", "side": "bid", "price": 0.08, "size": 5.0}, {"op": "set", "side": "ask", "price": 0.5, "size": 162.0}, {"op": "set", "side": "ask", "price": 0.51, "size": 249.0}, {"op": "set", "side": "ask", "price": 0.67, "size": 407.0}]}
{"t": 1776976549.3694139, "events": [{"op": "set", "side": "ask", "price": 0.5, "size": 197.0}, {"op": "set", "side": "ask", "price": 0.51, "size": 319.0}, {"op": "set", "side": "ask", "price": 0.67, "size": 511.0}]}
{"t": 1776976552.38733, "events": [{"op": "set", "side": "bid", "price": 0.08, "size": 6.0}, {"op": "set", "side": "ask", "price": 0.5, "size": 205.0}, {"op": "set", "side": "ask", "price": 0.51, "size": 335.0}, {"op": "set", "side": "ask", "price": 0.67, "size": 535.0}]}
{"t": 1776976560.430049, "events": [{"op": "set", "side": "bid", "price": 0.08, "size": 5.0}, {"op": "set", "side": "ask", "price": 0.5, "size": 162.0}, {"op": "set", "side": "ask", "price": 0.51, "size": 249.0}, {"op": "set", "side": "ask", "price": 0.67, "size": 407.0}]}
{"t": 1776976561.438821, "events": [{"op": "set", "side": "ask", "price": 0.5, "size": 212.0}, {"op": "set", "side": "ask", "price": 0.51, "size": 348.0}, {"op": "set", "side": "ask", "price": 0.67, "size": 555.0}]}
{"t": 1776976565.468847, "events": [{"op": "set", "side": "bid", "price": 0.08, "size": 6.0}]}
{"t": 1776976569.49947, "events": [{"op": "set", "side": "bid", "price": 0.08, "size": 2.0}, {"op": "set", "side": "bid", "price": 0.06, "size": 100.0}, {"op": "set", "side": "bid", "price": 0.07, "size": 23.0}, {"op": "set", "side": "ask", "price": 0.5, "size": 60.0}, {"op": "set", "side": "ask", "price": 0.51, "size": 45.0}, {"op": "set", "side": "ask", "price": 0.67, "size": 100.0}]}
{"t": 1776976571.5276349, "events": [{"op": "set", "side": "bid", "price": 0.08, "size": 6.0}, {"op": "set", "side": "bid", "price": 0.06, "size": 101.0}, {"op": "set", "side": "bid", "price": 0.07, "size": 25.0}, {"op": "set", "side": "ask", "price": 0.5, "size": 162.0}, {"op": "set", "side": "ask", "price": 0.51, "size": 204.0}, {"op": "set", "side": "ask", "price": 0.67, "size": 407.0}, {"op": "set", "side": "ask", "price": 0.46, "size": 44.0}]}
{"t": 1776976573.54511, "events": [{"op": "delete", "side": "ask", "price": 0.51}]}
{"t": 1776976574.550605, "events": [{"op": "set", "side": "bid", "price": 0.08, "size": 5.0}, {"op": "set", "side": "ask", "price": 0.46, "size": 148.0}, {"op": "set", "side": "ask", "price": 0.5, "size": 268.0}, {"op": "set", "side": "ask", "price": 0.67, "size": 413.0}]}
{"t": 1776976576.575867, "events": [{"op": "set", "side": "ask", "price": 0.5, "size": 162.0}, {"op": "set", "side": "ask", "price": 0.67, "size": 407.0}]}
{"t": 1776976578.5899022, "events": [{"op": "set", "side": "bid", "price": 0.08, "size": 6.0}, {"op": "set", "side": "ask", "price": 0.46, "size": 154.0}, {"op": "set", "side": "ask", "price": 0.5, "size": 279.0}, {"op": "set", "side": "ask", "price": 0.67, "size": 428.0}]}
{"t": 1776976579.598368, "events": [{"op": "set", "side": "bid", "price": 0.08, "size": 5.0}]}
{"t": 1776976582.626801, "events": [{"op": "set", "side": "bid", "price": 0.08, "size": 6.0}]}
{"t": 1776976587.65838, "events": [{"op": "set", "side": "bid", "price": 0.08, "size": 5.0}]}
{"t": 1776976592.712306, "events": [{"op": "set", "side": "bid", "price": 0.08, "size": 6.0}]}
{"t": 1776976605.780865, "events": [{"op": "set", "side": "bid", "price": 0.08, "size": 5.0}]}
{"t": 1776976607.800011, "events": [{"op": "set", "side": "bid", "price": 0.08, "size": 6.0}]}
{"t": 1776976624.9222841, "events": [{"op": "set", "side": "bid", "price": 0.08, "size": 5.0}]}
{"t": 1776976627.946018, "events": [{"op": "set", "side": "bid", "price": 0.08, "size": 2.0}, {"op": "set", "side": "bid", "price": 0.06, "size": 100.0}, {"op": "set", "side": "bid", "price": 0.07, "size": 23.0}, {"op": "set", "side": "ask", "price": 0.46, "size": 44.0}, {"op": "set", "side": "ask", "price": 0.5, "size": 60.0}, {"op": "set", "side": "ask", "price": 0.67, "size": 100.0}]}
{"t": 1776976632.999614, "events": [{"op": "set", "side": "bid", "price": 0.08, "size": 6.0}, {"op": "set", "side": "bid", "price": 0.06, "size": 101.0}, {"op": "set", "side": "bid", "price": 0.07, "size": 25.0}, {"op": "set", "side": "ask", "price": 0.46, "size": 146.0}, {"op": "set", "side": "ask", "price": 0.5, "size": 263.0}, {"op": "set", "side": "ask", "price": 0.67, "size": 405.0}]}
{"t": 1776976637.021386, "events": [{"op": "set", "side": "bid", "price": 0.08, "size": 5.0}, {"op": "set", "side": "ask", "price": 0.46, "size": 107.0}, {"op": "set", "side": "ask", "price": 0.5, "size": 275.0}, {"op": "set", "side": "ask", "price": 0.67, "size": 422.0}, {"op": "set", "side": "ask", "price": 0.51, "size": 44.0}]}
{"t": 1776976648.087174, "events": [{"op": "set", "side": "bid", "price": 0.08, "size": 6.0}, {"op": "delete", "side": "ask", "price": 0.46}, {"op": "set", "side": "ask", "price": 0.5, "size": 172.0}, {"op": "set", "side": "ask", "price": 0.51, "size": 267.0}, {"op": "set", "side": "ask", "price": 0.67, "size": 435.0}]}
{"t": 1776976650.106755, "events": [{"op": "set", "side": "bid", "price": 0.08, "size": 5.0}, {"op": "set", "side": "ask", "price": 0.67, "size": 405.0}]}
{"t": 1776976651.118593, "events": [{"op": "set", "side": "ask", "price": 0.5, "size": 184.0}, {"op": "set", "side": "ask", "price": 0.51, "size": 292.0}, {"op": "set", "side": "ask", "price": 0.67, "size": 471.0}]}
{"t": 1776976653.130749, "events": [{"op": "set", "side": "bid", "price": 0.08, "size": 6.0}, {"op": "set", "side": "ask", "price": 0.5, "size": 194.0}, {"op": "set", "side": "ask", "price": 0.51, "size": 312.0}, {"op": "set", "side": "ask", "price": 0.67, "size": 502.0}]}
{"t": 1776976660.164791, "events": [{"op": "set", "side": "bid", "price": 0.08, "size": 5.0}, {"op": "set", "side": "ask", "price": 0.5, "size": 203.0}, {"op": "set", "side": "ask", "price": 0.51, "size": 329.0}, {"op": "set", "side": "ask", "price": 0.67, "size": 527.0}]}
{"t": 1776976688.379301, "events": [{"op": "set", "side": "ask", "price": 0.5, "size": 172.0}, {"op": "set", "side": "ask", "price": 0.51, "size": 267.0}, {"op": "set", "side": "ask", "price": 0.67, "size": 405.0}]}
{"t": 1776976689.3868952, "events": [{"op": "set", "side": "bid", "price": 0.08, "size": 6.0}, {"op": "set", "side": "ask", "price": 0.5, "size": 210.0}, {"op": "set", "side": "ask", "price": 0.51, "size": 343.0}, {"op": "set", "side": "ask", "price": 0.67, "size": 548.0}]}
{"t": 1776976694.6291242, "events": [{"op": "set", "side": "bid", "price": 0.08, "size": 2.0}, {"op": "set", "side": "bid", "price": 0.06, "size": 100.0}, {"op": "set", "side": "bid", "price": 0.07, "size": 23.0}, {"op": "set", "side": "ask", "price": 0.5, "size": 60.0}, {"op": "set", "side": "ask", "price": 0.51, "size": 44.0}, {"op": "set", "side": "ask", "price": 0.67, "size": 100.0}]}
{"t": 1776976698.8431628, "events": [{"op": "set", "side": "bid", "price": 0.08, "size": 6.0}, {"op": "set", "side": "bid", "price": 0.06, "size": 101.0}, {"op": "set", "side": "bid", "price": 0.07, "size": 25.0}, {"op": "set", "side": "ask", "price": 0.5, "size": 162.0}, {"op": "set", "side": "ask", "price": 0.51, "size": 203.0}, {"op": "set", "side": "ask", "price": 0.67, "size": 405.0}, {"op": "set", "side": "ask", "price": 0.46, "size": 36.0}]}
{"t": 1776976702.870096, "events": [{"op": "set", "side": "bid", "price": 0.08, "size": 5.0}, {"op": "delete", "side": "ask", "price": 0.51}]}
{"t": 1776976703.879584, "events": [{"op": "set", "side": "ask", "price": 0.46, "size": 136.0}, {"op": "set", "side": "ask", "price": 0.5, "size": 260.0}, {"op": "set", "side": "ask", "price": 0.67, "size": 399.0}]}
{"t": 1776976721.023626, "events": [{"op": "set", "side": "bid", "price": 0.08, "size": 6.0}]}
{"t": 1776976724.061188, "events": [{"op": "set", "side": "ask", "price": 0.88, "size": 61.260000000000005}]}
{"t": 1776976729.136172, "events": [{"op": "set", "side": "bid", "price": 0.08, "size": 5.0}]}
{"t": 1776976738.2212422, "events": [{"op": "set", "side": "ask", "price": 0.88, "size": 81.26}]}
{"t": 1776976739.229032, "events": [{"op": "set", "side": "bid", "price": 0.08, "size": 6.0}]}
{"t": 1776976740.2347279, "events": [{"op": "set", "side": "bid", "price": 0.08, "size": 5.0}]}
{"t": 1776976752.540415, "events": [{"op": "set", "side": "bid", "price": 0.08, "size": 6.0}]}
{"t": 1776976760.616456, "events": [{"op": "set", "side": "bid", "price": 0.08, "size": 5.0}]}
{"t": 1776976769.6871839, "events": [{"op": "set", "side": "ask", "price": 0.88, "size": 61.260000000000005}]}
{"t": 1776976770.703775, "events": [{"op": "set", "side": "bid", "price": 0.08, "size": 6.0}]}
{"t": 1776976772.744343, "events": [{"op": "set", "side": "bid", "price": 0.08, "size": 5.0}]}
{"t": 1776976790.891396, "events": [{"op": "set", "side": "bid", "price": 0.08, "size": 6.0}]}
{"t": 1776976792.913603, "events": [{"op": "set", "side": "bid", "price": 0.08, "size": 5.0}, {"op": "set", "side": "ask", "price": 0.88, "size": 81.26}]}
{"t": 1776976798.966105, "events": [{"op": "set", "side": "bid", "price": 0.08, "size": 2.0}, {"op": "set", "side": "bid", "price": 0.06, "size": 100.0}, {"op": "set", "side": "bid", "price": 0.07, "size": 23.0}, {"op": "set", "side": "ask", "price": 0.46, "size": 36.0}, {"op": "set", "side": "ask", "price": 0.5, "size": 60.0}, {"op": "set", "side": "ask", "price": 0.67, "size": 100.0}]}
{"t": 1776976802.004491, "events": [{"op": "set", "side": "bid", "price": 0.08, "size": 6.0}, {"op": "set", "side": "bid", "price": 0.06, "size": 101.0}, {"op": "set", "side": "bid", "price": 0.07, "size": 25.0}, {"op": "set", "side": "ask", "price": 0.46, "size": 134.0}, {"op": "set", "side": "ask", "price": 0.5, "size": 255.0}, {"op": "set", "side": "ask", "price": 0.67, "size": 393.0}]}
{"t": 1776976806.063827, "events": [{"op": "set", "side": "bid", "price": 0.08, "size": 5.0}]}
{"t": 1776976814.181136, "events": [{"op": "set", "side": "bid", "price": 0.08, "size": 6.0}]}
{"t": 1776976816.192041, "events": [{"op": "set", "side": "bid", "price": 0.08, "size": 5.0}]}
{"t": 1776976821.2622788, "events": [{"op": "set", "side": "bid", "price": 0.08, "size": 6.0}]}
{"t": 1776976823.281095, "events": [{"op": "set", "side": "bid", "price": 0.08, "size": 2.0}, {"op": "set", "side": "bid", "price": 0.06, "size": 100.0}, {"op": "set", "side": "bid", "price": 0.07, "size": 23.0}, {"op": "set", "side": "ask", "price": 0.46, "size": 36.0}, {"op": "set", "side": "ask", "price": 0.5, "size": 60.0}, {"op": "set", "side": "ask", "price": 0.67, "size": 100.0}]}
{"t": 1776976826.322222, "events": [{"op": "set", "side": "bid", "price": 0.08, "size": 6.0}, {"op": "set", "side": "bid", "price": 0.06, "size": 101.0}, {"op": "set", "side": "bid", "price": 0.07, "size": 25.0}, {"op": "set", "side": "ask", "price": 0.46, "size": 134.0}, {"op": "set", "side": "ask", "price": 0.5, "size": 255.0}, {"op": "set", "side": "ask", "price": 0.67, "size": 393.0}, {"op": "set", "side": "ask", "price": 0.51, "size": 13.0}]}
{"t": 1776976829.35049, "events": [{"op": "set", "side": "ask", "price": 0.88, "size": 61.260000000000005}]}
{"t": 1776976830.3663218, "events": [{"op": "set", "side": "bid", "price": 0.08, "size": 5.0}, {"op": "set", "side": "ask", "price": 0.46, "size": 36.0}, {"op": "set", "side": "ask", "price": 0.5, "size": 148.0}, {"op": "set", "side": "ask", "price": 0.67, "size": 363.0}]}
{"t": 1776976831.380969, "events": [{"op": "set", "side": "ask", "price": 0.51, "size": 189.0}]}
{"t": 1776976836.4244428, "events": [{"op": "set", "side": "bid", "price": 0.08, "size": 6.0}, {"op": "set", "side": "ask", "price": 0.5, "size": 163.0}, {"op": "set", "side": "ask", "price": 0.51, "size": 220.0}, {"op": "set", "side": "ask", "price": 0.67, "size": 410.0}]}
{"t": 1776976839.444206, "events": [{"op": "set", "side": "bid", "price": 0.08, "size": 5.0}, {"op": "set", "side": "ask", "price": 0.5, "size": 148.0}, {"op": "set", "side": "ask", "price": 0.51, "size": 189.0}, {"op": "set", "side": "ask", "price": 0.67, "size": 363.0}]}
{"t": 1776976840.4514198, "events": [{"op": "set", "side": "ask", "price": 0.03, "size": 55.0}, {"op": "delete", "side": "ask", "price": 0.46}, {"op": "set", "side": "ask", "price": 0.5, "size": 176.0}, {"op": "set", "side": "ask", "price": 0.51, "size": 246.0}, {"op": "set", "side": "ask", "price": 0.67, "size": 449.0}, {"op": "set", "side": "ask", "price": 0.88, "size": 81.26}]}
{"t": 1776976843.4774091, "events": [{"op": "set", "side": "ask", "price": 0.5, "size": 148.0}, {"op": "set", "side": "ask", "price": 0.51, "size": 189.0}, {"op": "set", "side": "ask", "price": 0.67, "size": 363.0}]}
{"t": 1776976844.4879239, "events": [{"op": "set", "side": "bid", "price": 0.08, "size": 6.0}, {"op": "set", "side": "ask", "price": 0.5, "size": 188.0}, {"op": "set", "side": "ask", "price": 0.51, "size": 268.0}, {"op": "set", "side": "ask", "price": 0.67, "size": 482.0}]}
{"t": 1776976856.5596192, "events": [{"op": "set", "side": "bid", "price": 0.08, "size": 5.0}, {"op": "set", "side": "ask", "price": 0.5, "size": 148.0}, {"op": "set", "side": "ask", "price": 0.51, "size": 189.0}, {"op": "set", "side": "ask", "price": 0.67, "size": 363.0}]}
{"t": 1776976857.581012, "events": [{"op": "set", "side": "ask", "price": 0.5, "size": 197.0}, {"op": "set", "side": "ask", "price": 0.51, "size": 286.0}, {"op": "set", "side": "ask", "price": 0.67, "size": 510.0}]}
{"t": 1776976862.621618, "events": [{"op": "set", "side": "ask", "price": 0.5, "size": 148.0}, {"op": "set", "side": "ask", "price": 0.51, "size": 189.0}, {"op": "set", "side": "ask", "price": 0.67, "size": 363.0}]}
{"t": 1776976863.631295, "events": [{"op": "set", "side": "ask", "price": 0.88, "size": 61.260000000000005}]}
{"t": 1776976864.6476958, "events": [{"op": "set", "side": "bid", "price": 0.08, "size": 6.0}, {"op": "set", "side": "ask", "price": 0.5, "size": 204.0}, {"op": "set", "side": "ask", "price": 0.51, "size": 302.0}, {"op": "set", "side": "ask", "price": 0.67, "size": 533.0}]}
{"t": 1776976873.730138, "events": [{"op": "set", "side": "bid", "price": 0.08, "size": 2.0}, {"op": "set", "side": "bid", "price": 0.06, "size": 100.0}, {"op": "set", "side": "bid", "price": 0.07, "size": 23.0}, {"op": "set", "side": "ask", "price": 0.5, "size": 60.0}, {"op": "set", "side": "ask", "price": 0.51, "size": 13.0}, {"op": "set", "side": "ask", "price": 0.67, "size": 100.0}]}
{"t": 1776976874.749619, "events": [{"op": "set", "side": "ask", "price": 0.03, "size": 20.0}, {"op": "delete", "side": "ask", "price": 0.51}, {"op": "set", "side": "ask", "price": 0.88, "size": 81.26}, {"op": "set", "side": "ask", "price": 0.46, "size": 49.0}]}
{"t": 1776976876.771445, "events": [{"op": "set", "side": "bid", "price": 0.08, "size": 6.0}, {"op": "set", "side": "bid", "price": 0.06, "size": 101.0}, {"op": "set", "side": "bid", "price": 0.07, "size": 25.0}, {"op": "set", "side": "ask", "price": 0.46, "size": 153.0}, {"op": "set", "side": "ask", "price": 0.5, "size": 269.0}, {"op": "set", "side": "ask", "price": 0.67, "size": 413.0}]}
{"t": 1776976879.8108459, "events": [{"op": "set", "side": "ask", "price": 0.88, "size": 61.260000000000005}]}
{"t": 1776976880.821571, "events": [{"op": "set", "side": "bid", "price": 0.08, "size": 5.0}, {"op": "set", "side": "ask", "price": 0.46, "size": 161.0}, {"op": "set", "side": "ask", "price": 0.5, "size": 284.0}, {"op": "set", "side": "ask", "price": 0.67, "size": 437.0}]}
{"t": 1776976885.872129, "events": [{"op": "set", "side": "ask", "price": 0.46, "size": 153.0}, {"op": "set", "side": "ask", "price": 0.5, "size": 269.0}, {"op": "set", "side": "ask", "price": 0.67, "size": 413.0}]}
{"t": 1776976886.884876, "events": [{"op": "set", "side": "bid", "price": 0.08, "size": 6.0}, {"op": "set", "side": "ask", "price": 0.46, "size": 168.0}, {"op": "set", "side": "ask", "price": 0.5, "size": 297.0}, {"op": "set", "side": "ask", "price": 0.67, "size": 456.0}]}
{"t": 1776976889.923457, "events": [{"op": "set", "side": "bid", "price": 0.08, "size": 5.0}, {"op": "set", "side": "ask", "price": 0.46, "size": 153.0}, {"op": "set", "side": "ask", "price": 0.5, "size": 269.0}, {"op": "set", "side": "ask", "price": 0.67, "size": 413.0}, {"op": "set", "side": "ask", "price": 0.88, "size": 81.26}]}
{"t": 1776976891.953293, "events": [{"op": "set", "side": "ask", "price": 0.46, "size": 173.0}, {"op": "set", "side": "ask", "price": 0.5, "size": 308.0}, {"op": "set", "side": "ask", "price": 0.67, "size": 472.0}]}
{"t": 1776976896.023417, "events": [{"op": "set", "side": "bid", "price": 0.08, "size": 6.0}]}
{"t": 1776976901.0843189, "events": [{"op": "set", "side": "bid", "price": 0.08, "size": 5.0}]}
{"t": 1776976908.196084, "events": [{"op": "set", "side": "bid", "price": 0.08, "size": 6.0}]}
{"t": 1776976911.240003, "events": [{"op": "set", "side": "bid", "price": 0.08, "size": 5.0}]}
{"t": 1776976917.458861, "events": [{"op": "set", "side": "ask", "price": 0.01, "size": 200.0}]}
{"t": 1776976918.474678, "events": [{"op": "set", "side": "bid", "price": 0.02, "size": 25.0}, {"op": "set", "side": "ask", "price": 0.03, "size": 33.0}]}
{"t": 1776976930.605024, "events": [{"op": "set", "side": "bid", "price": 0.08, "size": 6.0}]}
{"t": 1776976938.691734, "events": [{"op": "set", "side": "bid", "price": 0.08, "size": 5.0}]}
{"t": 1776976970.939878, "events": [{"op": "set", "side": "bid", "price": 0.08, "size": 6.0}]}
{"t": 1776976976.001222, "events": [{"op": "set", "side": "bid", "price": 0.08, "size": 5.0}]}
{"t": 1776976980.067904, "events": [{"op": "set", "side": "bid", "price": 0.08, "size": 6.0}]}
{"t": 1776976992.1589901, "events": [{"op": "set", "side": "bid", "price": 0.08, "size": 5.0}]}
{"t": 1776976997.2072861, "events": [{"op": "set", "side": "bid", "price": 0.08, "size": 6.0}]}
{"t": 1776977009.313969, "events": [{"op": "set", "side": "bid", "price": 0.08, "size": 5.0}]}
{"t": 1776977023.497673, "events": [{"op": "set", "side": "bid", "price": 0.08, "size": 6.0}]}
{"t": 1776977024.50718, "events": [{"op": "set", "side": "bid", "price": 0.08, "size": 5.0}]}
{"t": 1776977027.54447, "events": [{"op": "set", "side": "bid", "price": 0.08, "size": 2.0}, {"op": "set", "side": "bid", "price": 0.06, "size": 100.0}, {"op": "set", "side": "bid", "price": 0.07, "size": 23.0}, {"op": "set", "side": "ask", "price": 0.46, "size": 49.0}, {"op": "set", "side": "ask", "price": 0.5, "size": 60.0}, {"op": "set", "side": "ask", "price": 0.67, "size": 100.0}]}
{"t": 1776977031.587998, "events": [{"op": "set", "side": "bid", "price": 0.08, "size": 6.0}, {"op": "set", "side": "bid", "price": 0.06, "size": 101.0}, {"op": "set", "side": "bid", "price": 0.07, "size": 25.0}, {"op": "set", "side": "ask", "price": 0.46, "size": 154.0}, {"op": "set", "side": "ask", "price": 0.5, "size": 270.0}, {"op": "set", "side": "ask", "price": 0.67, "size": 414.0}]}
{"t": 1776977033.6091561, "events": [{"op": "set", "side": "ask", "price": 0.46, "size": 105.0}, {"op": "set", "side": "ask", "price": 0.88, "size": 61.260000000000005}, {"op": "set", "side": "ask", "price": 0.51, "size": 48.0}]}
{"t": 1776977036.641244, "events": [{"op": "delete", "side": "ask", "price": 0.46}]}
{"t": 1776977037.65825, "events": [{"op": "set", "side": "bid", "price": 0.08, "size": 5.0}, {"op": "set", "side": "ask", "price": 0.5, "size": 172.0}, {"op": "set", "side": "ask", "price": 0.51, "size": 271.0}, {"op": "set", "side": "ask", "price": 0.67, "size": 434.0}]}
{"t": 1776977049.7190678, "events": [{"op": "set", "side": "ask", "price": 0.88, "size": 81.26}]}
{"t": 1776977050.72265, "events": [{"op": "set", "side": "ask", "price": 0.88, "size": 48.26}]}
{"t": 1776977052.744798, "events": [{"op": "set", "side": "ask", "price": 0.67, "size": 414.0}]}
{"t": 1776977053.757576, "events": [{"op": "set", "side": "bid", "price": 0.08, "size": 6.0}, {"op": "set", "side": "ask", "price": 0.5, "size": 184.0}, {"op": "set", "side": "ask", "price": 0.51, "size": 295.0}, {"op": "set", "side": "ask", "price": 0.67, "size": 470.0}]}
{"t": 1776977057.7837021, "events": [{"op": "set", "side": "bid", "price": 0.08, "size": 5.0}, {"op": "set", "side": "ask", "price": 0.5, "size": 172.0}, {"op": "set", "side": "ask", "price": 0.51, "size": 271.0}, {"op": "set", "side": "ask", "price": 0.67, "size": 414.0}]}
{"t": 1776977058.819532, "events": [{"op": "set", "side": "ask", "price": 0.5, "size": 194.0}, {"op": "set", "side": "ask", "price": 0.51, "size": 315.0}, {"op": "set", "side": "ask", "price": 0.67, "size": 500.0}]}
{"t": 1776977067.88924, "events": [{"op": "delete", "side": "ask", "price": 0.44}, {"op": "set", "side": "ask", "price": 0.52, "size": 3.0}]}
{"t": 1776977075.923553, "events": [{"op": "set", "side": "ask", "price": 0.5, "size": 172.0}, {"op": "set", "side": "ask", "price": 0.51, "size": 271.0}, {"op": "set", "side": "ask", "price": 0.67, "size": 100.0}]}
{"t": 1776977076.963868, "events": [{"op": "set", "side": "ask", "price": 0.5, "size": 137.0}, {"op": "set", "side": "ask", "price": 0.51, "size": 201.0}]}
{"t": 1776977077.9874299, "events": [{"op": "set", "side": "bid", "price": 0.08, "size": 6.0}, {"op": "set", "side": "ask", "price": 0.52, "size": 233.0}]}
{"t": 1776977088.161928, "events": [{"op": "set", "side": "bid", "price": 0.08, "size": 5.0}, {"op": "set", "side": "ask", "price": 0.5, "size": 155.0}, {"op": "set", "side": "ask", "price": 0.51, "size": 189.0}, {"op": "set", "side": "ask", "price": 0.52, "size": 286.0}, {"op": "set", "side": "ask", "price": 0.53, "size": 47.0}]}
{"t": 1776977094.2532868, "events": [{"op": "set", "side": "ask", "price": 0.5, "size": 137.0}, {"op": "delete", "side": "ask", "price": 0.51}, {"op": "set", "side": "ask", "price": 0.52, "size": 206.0}]}
{"t": 1776977095.277729, "events": [{"op": "set", "side": "bid", "price": 0.08, "size": 6.0}, {"op": "set", "side": "ask", "price": 0.5, "size": 162.0}, {"op": "set", "side": "ask", "price": 0.53, "size": 351.0}]}
{"t": 1776977109.418417, "events": [{"op": "set", "side": "bid", "price": 0.08, "size": 5.0}, {"op": "set", "side": "ask", "price": 0.5, "size": 137.0}]}
{"t": 1776977111.429607, "events": [{"op": "set", "side": "ask", "price": 0.5, "size": 175.0}, {"op": "set", "side": "ask", "price": 0.52, "size": 233.0}, {"op": "set", "side": "ask", "price": 0.53, "size": 393.0}, {"op": "set", "side": "ask", "price": 0.88, "size": 210.26}]}
{"t": 1776977113.45841, "events": [{"op": "set", "side": "ask", "price": 0.5, "size": 137.0}, {"op": "set", "side": "ask", "price": 0.52, "size": 206.0}, {"op": "set", "side": "ask", "price": 0.53, "size": 351.0}]}
{"t": 1776977115.483753, "events": [{"op": "set", "side": "bid", "price": 0.08, "size": 6.0}, {"op": "set", "side": "ask", "price": 0.5, "size": 188.0}, {"op": "set", "side": "ask", "price": 0.52, "size": 259.0}, {"op": "set", "side": "ask", "price": 0.53, "size": 432.0}]}
{"t": 1776977130.577865, "events": [{"op": "set", "side": "bid", "price": 0.08, "size": 2.0}, {"op": "set", "side": "bid", "price": 0.06, "size": 100.0}, {"op": "set", "side": "bid", "price": 0.07, "size": 23.0}, {"op": "set", "side": "bid", "price": 0.02, "size": 10.0}, {"op": "set", "side": "ask", "price": 0.03, "size": 20.0}, {"op": "set", "side": "ask", "price": 0.5, "size": 60.0}, {"op": "set", "side": "ask", "price": 0.52, "size": 3.0}, {"op": "set", "side": "ask", "price": 0.53, "size": 47.0}]}
{"t": 1776977131.605501, "events": [{"op": "set", "side": "bid", "price": 0.01, "size": 585.0}, {"op": "delete", "side": "ask", "price": 0.53}, {"op": "set", "side": "ask", "price": 0.46, "size": 49.0}, {"op": "set", "side": "ask", "price": 0.02, "size": 180.0}]}
{"t": 1776977296.928016, "events": [{"op": "set", "side": "bid", "price": 0.01, "size": 480.0}]}
{"t": 1776977297.933166, "events": [{"op": "set", "side": "bid", "price": 0.03, "size": 15.0}]}
{"t": 1776977351.295446, "events": [{"op": "set", "side": "ask", "price": 0.88, "size": 190.26}]}
{"t": 1776977372.4514198, "events": [{"op": "set", "side": "bid", "price": 0.03, "size": 10.0}]}
{"t": 1776977373.455648, "events": [{"op": "set", "side": "bid", "price": 0.01, "size": 585.0}]}
{"t":1776978856.726107,"e":[[1,0,0.01,585.0]]}
{"t":1776978859.757362,"e":[[1,0,0.08,6.0],[1,0,0.06,101.0],[1,0,0.07,26.0],[1,1,0.5,150.0],[1,1,0.51,198.0],[1,1,0.67,371.0]]}
{"t":1776978862.78689,"e":[[1,0,0.08,5.0]]}
{"t":1776978863.79263,"e":[[1,1,0.5,166.0],[1,1,0.51,231.0],[1,1,0.67,419.0]]}
{"t":1776978869.856717,"e":[[1,0,0.08,2.0],[1,0,0.06,100.0],[1,0,0.07,24.0],[1,1,0.5,60.0],[1,1,0.51,18.0],[1,1,0.67,100.0]]}
{"t":1776978873.903151,"e":[[1,0,0.08,6.0],[1,0,0.06,101.0],[1,0,0.07,26.0],[1,1,0.5,150.0],[1,1,0.51,198.0],[1,1,0.67,371.0]]}
{"t":1776978880.958843,"e":[[1,0,0.08,5.0],[1,1,0.47,4.0],[1,1,0.5,166.0],[1,1,0.51,231.0],[1,1,0.67,419.0]]}
{"t":1776978892.061598,"e":[[1,1,0.5,150.0],[1,1,0.51,198.0],[1,1,0.67,371.0]]}
{"t":1776978894.083298,"e":[[1,1,0.03,47.0],[1,1,0.5,185.0],[1,1,0.51,268.0],[1,1,0.67,475.0]]}
{"t":1776978902.12876,"e":[[1,0,0.08,6.0]]}
{"t":1776978906.199552,"e":[[1,0,0.08,5.0]]}
{"t":1776978908.218654,"e":[[1,0,0.01,480.0]]}
{"t":1776978909.223537,"e":[[1,0,0.08,2.0],[1,0,0.06,100.0],[1,0,0.07,24.0],[1,0,0.03,15.0],[1,1,0.5,60.0],[1,1,0.51,18.0],[1,1,0.67,100.0]]}
{"t":1776978910.24915,"e":[[1,0,0.08,3.0],[0,1,0.51],[1,1,0.46,21.0]]}
{"t":1776978914.3329191,"e":[[1,0,0.08,6.0],[1,0,0.06,101.0],[1,0,0.07,26.0],[1,1,0.47,87.0],[1,1,0.5,225.0],[1,1,0.67,348.0]]}
{"t":1776978924.409956,"e":[[1,0,0.08,5.0],[1,1,0.03,20.0],[1,1,0.51,27.0]]}
{"t":1776978926.4340649,"e":[[1,0,0.03,10.0]]}
{"t":1776978927.444721,"e":[[1,0,0.01,584.0]]}
{"t":1776978929.4566789,"e":[[1,0,0.08,3.0],[1,1,0.47,4.0],[1,1,0.5,143.0]]}
{"t":1776978930.468961,"e":[[1,0,0.08,6.0],[1,1,0.51,192.0]]}
{"t":1776978933.487251,"e":[[1,0,0.08,2.0],[1,0,0.06,100.0],[1,0,0.07,24.0],[1,1,0.5,60.0],[1,1,0.51,27.0],[1,1,0.67,100.0]]}
{"t":1776978934.500247,"e":[[1,0,0.08,6.0],[1,0,0.06,101.0],[1,0,0.07,26.0],[1,1,0.5,155.0],[1,1,0.51,216.0],[1,1,0.67,384.0]]}
{"t":1776978937.528013,"e":[[1,0,0.08,5.0],[1,1,0.5,170.0],[1,1,0.51,247.0],[1,1,0.67,430.0]]}
{"t":1776978939.546706,"e":[[1,1,0.5,155.0],[1,1,0.51,216.0],[1,1,0.67,384.0]]}
{"t":1776978940.554606,"e":[[1,0,0.08,6.0],[1,1,0.5,183.0],[1,1,0.51,273.0],[1,1,0.67,468.0]]}
{"t":1776978942.8010938,"e":[[1,0,0.08,5.0],[1,1,0.5,155.0],[1,1,0.51,216.0],[1,1,0.67,384.0]]}
{"t":1776978943.870709,"e":[[1,1,0.5,185.0],[1,1,0.51,277.0],[1,1,0.67,475.0]]}
{"t":1776978945.9015749,"e":[[1,0,0.08,6.0]]}
{"t":1776978958.996638,"e":[[1,0,0.08,5.0]]}
{"t":1776978964.042811,"e":[[1,0,0.08,6.0]]}
{"t":1776978975.102098,"e":[[1,0,0.08,5.0]]}
{"t":1776978979.146398,"e":[[1,0,0.08,2.0],[1,0,0.06,100.0],[1,0,0.07,24.0],[1,1,0.5,60.0],[1,1,0.51,27.0],[1,1,0.67,100.0]]}
{"t":1776978982.174557,"e":[[1,0,0.08,6.0],[1,0,0.06,101.0],[1,0,0.07,26.0],[1,1,0.47,32.0],[1,1,0.5,155.0],[1,1,0.51,189.0],[1,1,0.67,384.0]]}
{"t":1776978987.2190342,"e":[[1,0,0.08,5.0],[0,1,0.51]]}
{"t":1776978988.237164,"e":[[1,1,0.47,127.0],[1,1,0.5,250.0],[1,1,0.67,385.0]]}
{"t":1776978996.2944121,"e":[[1,0,0.08,6.0]]}
{"t":1776978998.314678,"e":[[1,0,0.08,5.0]]}
{"t":1776979001.330666,"e":[[1,0,0.08,6.0]]}
{"t":1776979005.3668659,"e":[[1,0,0.08,5.0]]}
{"t":1776979006.375099,"e":[[1,0,0.08,2.0],[1,0,0.06,100.0],[1,0,0.07,24.0],[1,1,0.47,32.0],[1,1,0.5,60.0],[1,1,0.67,100.0]]}
{"t":1776979009.408774,"e":[[1,0,0.08,6.0],[1,0,0.06,101.0],[1,0,0.07,26.0],[1,1,0.47,129.0],[1,1,0.5,255.0],[1,1,0.67,392.0]]}
{"t":1776979012.437783,"e":[[1,0,0.08,5.0],[0,1,0.46],[1,1,0.51,17.0]]}
{"t":1776979014.457608,"e":[[1,0,0.08,6.0],[1,1,0.47,32.0],[1,1,0.5,150.0],[1,1,0.51,197.0],[1,1,0.67,370.0]]}
{"t":1776979016.473633,"e":[[1,0,0.08,5.0],[1,1,0.5,166.0],[1,1,0.51,229.0],[1,1,0.67,419.0]]}
{"t":1776979021.503144,"e":[[1,0,0.08,2.0],[1,0,0.06,100.0],[1,0,0.07,24.0],[1,1,0.03,45.0],[1,1,0.47,4.0],[1,1,0.5,60.0],[1,1,0.51,17.0],[1,1,0.67,100.0]]}
{"t":1776979023.5258439,"e":[[1,0,0.08,6.0],[1,0,0.06,101.0],[1,0,0.07,26.0],[1,1,0.5,150.0],[1,1,0.51,196.0],[1,1,0.67,369.0]]}
{"t":1776979030.603501,"e":[[1,0,0.08,5.0],[1,1,0.5,166.0],[1,1,0.51,229.0],[1,1,0.67,417.0]]}
{"t":1776979032.6179898,"e":[[1,1,0.5,150.0],[1,1,0.51,196.0],[1,1,0.67,369.0]]}
{"t":1776979033.631568,"e":[[1,0,0.08,6.0],[1,1,0.5,179.0],[1,1,0.51,256.0],[1,1,0.67,458.0]]}
{"t":1776979039.688419,"e":[[1,0,0.08,5.0],[1,1,0.5,150.0],[1,1,0.51,196.0],[1,1,0.67,369.0]]}
{"t":1776979040.7005498,"e":[[1,1,0.5,185.0],[1,1,0.51,267.0],[1,1,0.67,475.0]]}
{"t":1776979042.716481,"e":[[1,0,0.08,6.0]]}
{"t":1776979046.756191,"e":[[1,0,0.08,5.0]]}
{"t":1776979049.796087,"e":[[1,0,0.08,6.0]]}
{"t":1776979050.810624,"e":[[1,0,0.08,5.0]]}
{"t":1776979064.9312482,"e":[[1,0,0.08,6.0]]}
{"t":1776979066.949738,"e":[[1,0,0.08,5.0]]}
{"t":1776979069.968309,"e":[[1,0,0.08,6.0]]}
{"t":1776979074.997067,"e":[[1,0,0.08,5.0]]}
{"t":1776979078.0877068,"e":[[1,0,0.08,6.0]]}
{"t":1776979079.104359,"e":[[1,0,0.08,5.0]]}
{"t":1776979081.134896,"e":[[1,0,0.08,2.0],[1,0,0.06,100.0],[1,0,0.07,24.0],[1,1,0.5,60.0],[1,1,0.51,17.0],[1,1,0.67,100.0]]}
{"t":1776979082.147449,"e":[[1,0,0.08,3.0],[1,1,0.03,20.0],[0,1,0.51],[1,1,0.46,45.0]]}
{"t":1776979085.186368,"e":[[1,0,0.08,6.0],[1,0,0.06,101.0],[1,0,0.07,26.0],[1,1,0.47,87.0],[1,1,0.5,225.0],[1,1,0.67,348.0]]}
{"t":1776979087.206999,"e":[[1,0,0.08,5.0]]}
{"t":1776979096.274104,"e":[[1,0,0.08,3.0]]}
{"t":1776979097.281425,"e":[[1,0,0.08,6.0]]}
{"t":1776979102.3232388,"e":[[1,0,0.08,2.0],[1,0,0.06,100.0],[1,0,0.07,24.0],[1,1,0.47,4.0],[1,1,0.5,60.0],[1,1,0.67,100.0]]}
{"t":1776979106.3717089,"e":[[1,0,0.08,6.0],[1,0,0.06,101.0],[1,0,0.07,26.0],[1,1,0.47,87.0],[1,1,0.5,225.0],[1,1,0.67,348.0]]}
{"t":1776979111.404879,"e":[[1,0,0.08,2.0],[1,0,0.06,100.0],[1,0,0.07,24.0],[1,1,0.47,4.0],[1,1,0.5,60.0],[1,1,0.67,100.0]]}
{"t":1776979113.428629,"e":[[1,0,0.08,6.0],[1,0,0.06,101.0],[1,0,0.07,26.0],[1,1,0.47,87.0],[1,1,0.5,225.0],[1,1,0.67,348.0]]}
{"t":1776979118.460242,"e":[[1,0,0.08,5.0]]}
{"t":1776979130.556236,"e":[[1,0,0.08,2.0],[1,0,0.06,100.0],[1,0,0.07,24.0],[1,1,0.47,4.0],[1,1,0.5,60.0],[1,1,0.67,100.0]]}
{"t":1776979132.568574,"e":[[1,0,0.08,6.0],[1,0,0.06,101.0],[1,0,0.07,26.0],[1,1,0.47,87.0],[1,1,0.5,225.0],[1,1,0.67,348.0]]}
{"t":1776979135.5978959,"e":[[1,0,0.08,2.0],[1,0,0.06,100.0],[1,0,0.07,24.0],[0,1,0.46],[1,1,0.47,4.0],[1,1,0.5,60.0],[1,1,0.67,100.0],[1,1,0.51,36.0]]}
{"t":1776979139.636075,"e":[[1,0,0.08,6.0],[1,0,0.06,101.0],[1,0,0.07,26.0],[1,1,0.5,160.0],[1,1,0.51,235.0],[1,1,0.67,398.0]]}
{"t":1776979147.682015,"e":[[1,0,0.08,5.0],[1,1,0.5,174.0],[1,1,0.51,264.0],[1,1,0.67,443.0]]}
{"t":1776979150.7065759,"e":[[1,1,0.5,160.0],[1,1,0.51,235.0],[1,1,0.67,398.0]]}
{"t":1776979151.711597,"e":[[1,0,0.08,6.0],[1,1,0.5,185.0],[1,1,0.51,286.0],[1,1,0.67,475.0]]}
{"t":1776979162.765724,"e":[[1,0,0.08,2.0],[1,0,0.06,100.0],[1,0,0.07,24.0],[1,1,0.5,60.0],[1,1,0.51,36.0],[1,1,0.67,100.0]]}
{"t":1776979166.8385139,"e":[[1,0,0.08,6.0],[1,0,0.06,101.0],[1,0,0.07,26.0],[1,1,0.5,160.0],[1,1,0.51,235.0],[1,1,0.67,398.0]]}
{"t":1776979169.900068,"e":[[1,0,0.08,5.0],[1,1,0.5,174.0],[1,1,0.51,264.0],[1,1,0.67,443.0]]}
{"t":1776979170.91721,"e":[[1,1,0.5,160.0],[1,1,0.51,235.0],[1,1,0.67,398.0]]}
{"t":1776979171.93222,"e":[[1,0,0.08,6.0],[1,1,0.5,185.0],[1,1,0.51,286.0],[1,1,0.67,475.0]]}
{"t":1776979192.094267,"e":[[1,0,0.08,5.0]]}
{"t":1776979208.261129,"e":[[1,0,0.08,2.0],[1,0,0.06,100.0],[1,0,0.07,24.0],[1,1,0.5,60.0],[1,1,0.51,36.0],[1,1,0.67,100.0]]}
{"t":1776979210.3045912,"e":[[1,0,0.08,6.0],[1,0,0.06,101.0],[1,0,0.07,26.0],[1,1,0.5,160.0],[1,1,0.51,199.0],[1,1,0.67,398.0],[1,1,0.46,48.0]]}
{"t":1776979212.337474,"e":[[0,1,0.51]]}
{"t":1776979213.3565571,"e":[[1,0,0.08,5.0],[1,1,0.47,87.0],[1,1,0.5,225.0],[1,1,0.67,348.0]]}
{"t":1776979215.387918,"e":[[1,0,0.08,6.0]]}
{"t":1776979217.412131,"e":[[1,0,0.08,5.0]]}
{"t":1776979224.5004532,"e":[[1,0,0.08,6.0]]}
{"t":1776979234.5730119,"e":[[1,0,0.08,5.0]]}
{"t":1776979245.703907,"e":[[1,0,0.08,6.0]]}
{"t":1776979250.753281,"e":[[1,0,0.08,2.0],[1,0,0.06,100.0],[1,0,0.07,24.0],[1,1,0.47,4.0],[1,1,0.5,60.0],[1,1,0.67,100.0]]}
{"t":1776979251.799284,"e":[[1,0,0.08,10.0],[1,0,0.06,103.0],[1,0,0.07,29.0],[1,1,0.67,850.0]]}
{"t":1776979256.887512,"e":[[1,0,0.08,7.0],[1,0,0.06,102.0],[1,0,0.07,27.0]]}
{"t":1776979260.946314,"e":[[1,0,0.08,6.0],[1,0,0.06,101.0],[1,0,0.07,26.0]]}
{"t":1776979262.975913,"e":[[1,0,0.08,5.0]]}
{"t":1776979277.085877,"e":[[1,0,0.08,6.0]]}
{"t":1776979286.150522,"e":[[1,0,0.08,2.0],[1,0,0.06,100.0],[1,0,0.07,24.0],[1,1,0.67,100.0]]}
{"t":1776979287.159824,"e":[[1,0,0.08,6.0],[1,0,0.06,101.0],[1,0,0.07,26.0]]}
{"t":1776979288.1660001,"e":[[1,1,0.47,87.0],[1,1,0.5,225.0],[1,1,0.67,348.0]]}
{"t":1776979297.236424,"e":[[1,0,0.08,5.0],[0,1,0.46],[1,1,0.51,45.0]]}
{"t":1776979305.292248,"e":[[1,1,0.47,4.0],[1,1,0.5,152.0]]}
{"t":1776979306.3138518,"e":[[1,0,0.08,6.0],[1,1,0.51,229.0],[1,1,0.67,376.0]]}
{"t":1776979308.3388212,"e":[[1,0,0.08,5.0],[1,1,0.67,348.0]]}
{"t":1776979309.357186,"e":[[1,1,0.5,168.0],[1,1,0.51,261.0],[1,1,0.67,425.0]]}
{"t":1776979317.421278,"e":[[1,1,0.5,152.0],[1,1,0.51,229.0],[1,1,0.67,348.0]]}
{"t":1776979318.4339468,"e":[[1,0,0.08,6.0],[1,1,0.5,182.0],[1,1,0.51,288.0],[1,1,0.67,465.0]]}
{"t":1776979319.449306,"e":[[1,0,0.08,5.0],[1,1,0.5,152.0],[1,1,0.51,229.0],[1,1,0.67,348.0]]}
{"t":1776979320.462201,"e":[[1,1,0.5,185.0],[1,1,0.51,295.0],[1,1,0.67,475.0]]}
{"t":1776979322.47595,"e":[[1,0,0.08,2.0],[1,0,0.06,100.0],[1,0,0.07,24.0],[1,1,0.5,60.0],[1,1,0.51,45.0],[1,1,0.67,100.0]]}
{"t":1776979327.535894,"e":[[1,0,0.08,6.0],[1,0,0.06,101.0],[1,0,0.07,26.0],[1,1,0.5,164.0],[1,1,0.51,254.0],[1,1,0.67,413.0]]}
{"t":1776979334.6102242,"e":[[1,0,0.08,5.0],[1,1,0.5,179.0],[1,1,0.51,282.0],[1,1,0.67,455.0]]}
{"t":1776979336.631683,"e":[[1,1,0.5,164.0],[1,1,0.51,254.0],[1,1,0.67,413.0]]}
{"t":1776979337.6378639,"e":[[1,0,0.08,6.0],[1,1,0.5,185.0],[1,1,0.51,295.0],[1,1,0.67,475.0]]}
{"t":1776979341.685932,"e":[[1,0,0.08,5.0]]}
{"t":1776979355.772204,"e":[[1,0,0.08,6.0]]}
{"t":1776979357.799739,"e":[[1,0,0.08,2.0],[1,0,0.06,100.0],[1,0,0.07,24.0],[1,1,0.5,60.0],[1,1,0.51,45.0],[1,1,0.67,100.0]]}
{"t":1776979358.815964,"e":[[1,0,0.08,6.0],[1,0,0.06,101.0],[1,0,0.07,26.0],[1,1,0.5,164.0],[1,1,0.51,209.0],[1,1,0.67,413.0],[1,1,0.46,45.0]]}
{"t":1776979359.8241751,"e":[[0,1,0.51]]}
{"t":1776979360.8311691,"e":[[1,0,0.08,5.0],[1,1,0.47,89.0],[1,1,0.5,230.0],[1,1,0.67,356.0]]}
{"t":1776979373.992595,"e":[[1,0,0.08,2.0],[1,0,0.06,100.0],[1,0,0.07,24.0],[1,1,0.47,4.0],[1,1,0.5,60.0],[1,1,0.67,100.0]]}
{"t":1776979377.03843,"e":[[1,0,0.08,6.0],[1,0,0.06,101.0],[1,0,0.07,26.0],[1,1,0.47,87.0],[1,1,0.5,225.0],[1,1,0.67,348.0]]}
{"t":1776979383.121564,"e":[[1,0,0.08,5.0]]}
{"t":1776979386.1697469,"e":[[1,0,0.08,6.0]]}
{"t":1776979389.2100039,"e":[[1,0,0.08,5.0]]}
{"t":1776979392.2631328,"e":[[1,0,0.08,6.0]]}
{"t":1776979393.279681,"e":[[1,0,0.08,2.0],[1,0,0.06,100.0],[1,0,0.07,24.0],[1,1,0.47,4.0],[1,1,0.5,60.0],[1,1,0.67,100.0]]}
{"t":1776979397.3262699,"e":[[1,0,0.08,6.0],[1,0,0.06,101.0],[1,0,0.07,26.0],[1,1,0.47,87.0],[1,1,0.5,225.0],[1,1,0.67,348.0]]}
{"t":1776979400.3651772,"e":[[1,0,0.08,5.0]]}
{"t":1776979402.4014459,"e":[[1,0,0.08,6.0]]}
{"t":1776979404.426751,"e":[[1,0,0.08,2.0],[1,0,0.06,100.0],[1,0,0.07,24.0],[1,1,0.47,4.0],[1,1,0.5,60.0],[1,1,0.67,100.0]]}
{"t":1776979406.462188,"e":[[1,0,0.08,6.0],[1,0,0.06,101.0],[1,0,0.07,26.0],[1,1,0.47,87.0],[1,1,0.5,225.0],[1,1,0.67,348.0]]}
{"t":1776979411.523812,"e":[[1,0,0.08,5.0],[0,1,0.46],[1,1,0.51,46.0]]}
{"t":1776979413.552841,"e":[[1,1,0.47,4.0],[1,1,0.5,153.0]]}
{"t":1776979414.5676858,"e":[[1,0,0.08,6.0],[1,1,0.51,231.0],[1,1,0.67,377.0]]}
{"t":1776979415.581123,"e":[[1,0,0.08,5.0],[1,1,0.67,348.0],[1,1,0.89,57.0]]}
{"t":1776979416.597232,"e":[[1,1,0.5,169.0],[1,1,0.51,263.0],[1,1,0.67,425.0]]}
{"t":1776979417.614811,"e":[[1,0,0.08,6.0],[1,1,0.5,182.0],[1,1,0.51,290.0],[1,1,0.67,466.0]]}
{"t":1776979419.641139,"e":[[1,0,0.08,5.0],[1,1,0.5,185.0],[1,1,0.51,296.0],[1,1,0.67,475.0]]}
{"t":1776979421.670975,"e":[[1,0,0.08,3.0],[1,0,0.06,100.0],[1,0,0.07,24.0],[1,1,0.5,60.0],[1,1,0.51,46.0],[1,1,0.67,100.0]]}
{"t":1776979424.820554,"e":[[1,0,0.08,6.0],[1,0,0.06,101.0],[1,0,0.07,26.0],[1,1,0.5,166.0],[1,1,0.51,257.0],[1,1,0.67,416.0]]}
{"t":1776979427.8736582,"e":[[1,0,0.08,5.0]]}
{"t":1776979428.889528,"e":[[1,1,0.5,180.0],[1,1,0.51,285.0],[1,1,0.67,458.0]]}
{"t":1776979440.0022578,"e":[[1,0,0.08,2.0],[1,0,0.06,100.0],[1,0,0.07,24.0],[1,1,0.5,60.0],[1,1,0.51,46.0],[1,1,0.67,100.0]]}
{"t":1776979444.0454779,"e":[[1,0,0.08,6.0],[1,0,0.06,101.0],[1,0,0.07,26.0],[1,1,0.5,166.0],[1,1,0.51,257.0],[1,1,0.67,416.0]]}
{"t":1776979447.071342,"e":[[1,0,0.08,5.0]]}
{"t":1776979449.0931761,"e":[[1,1,0.5,180.0],[1,1,0.51,285.0],[1,1,0.67,458.0]]}
{"t":1776979451.1308212,"e":[[1,0,0.01,480.0]]}
{"t":1776979453.139607,"e":[[1,0,0.03,15.0]]}
{"t":1776979456.160528,"e":[[1,1,0.5,166.0],[1,1,0.51,257.0],[1,1,0.67,416.0]]}
{"t":1776979457.176476,"e":[[1,0,0.08,6.0],[1,1,0.5,185.0],[1,1,0.51,296.0],[1,1,0.67,475.0]]}
{"t":1776979459.1927302,"e":[[1,0,0.08,5.0]]}
{"t":1776979464.24783,"e":[[1,0,0.08,6.0]]}
{"t":1776979470.303412,"e":[[1,0,0.08,5.0]]}
{"t":1776979474.363505,"e":[[1,0,0.08,6.0]]}
{"t":1776979480.4028952,"e":[[1,0,0.08,5.0]]}
{"t":1776979493.546869,"e":[[1,0,0.03,10.0]]}
{"t":1776979495.56362,"e":[[1,0,0.01,596.0]]}
{"t":1776979499.5889611,"e":[[1,0,0.08,2.0],[1,0,0.06,100.0],[1,0,0.07,24.0],[1,1,0.5,60.0],[1,1,0.51,46.0],[1,1,0.67,100.0]]}
{"t":1776979502.631507,"e":[[1,0,0.08,6.0],[1,0,0.06,101.0],[1,0,0.07,26.0],[1,1,0.5,166.0],[1,1,0.51,211.0],[1,1,0.67,416.0],[1,1,0.46,49.0]]}
{"t":1776979517.7607381,"e":[[1,0,0.08,5.0],[1,1,0.47,90.0],[1,1,0.5,232.0],[0,1,0.51],[1,1,0.67,357.0]]}
{"t":1776979528.87501,"e":[[1,0,0.08,6.0]]}
{"t":1776979533.9308631,"e":[[1,0,0.08,5.0]]}
{"t":1776979535.953092,"e":[[1,0,0.01,480.0]]}
{"t":1776979537.968929,"e":[[1,0,0.03,15.0]]}
{"t":1776979544.107719,"e":[[1,0,0.08,6.0]]}
{"t":1776979546.136721,"e":[[1,0,0.08,5.0]]}
{"t":1776979551.2111318,"e":[[1,0,0.08,6.0]]}
{"t":1776979570.357358,"e":[[1,0,0.08,5.0]]}
{"t":1776979574.427465,"e":[[1,0,0.08,6.0]]}
{"t":1776979579.4658911,"e":[[1,0,0.08,5.0]]}
{"t":1776979585.5295439,"e":[[1,0,0.03,10.0]]}
{"t":1776979587.5403242,"e":[[1,0,0.01,584.0]]}
{"t":1776979589.551562,"e":[[1,0,0.08,6.0]]}
{"t":1776979597.63286,"e":[[1,0,0.08,5.0]]}
{"t":1776979623.896275,"e":[[1,0,0.08,6.0]]}
{"t":1776979636.021319,"e":[[1,0,0.08,2.0],[1,0,0.06,100.0],[1,0,0.07,24.0],[1,0,0.01,480.0],[1,1,0.47,4.0],[1,1,0.5,60.0],[1,1,0.67,100.0]]}
{"t":1776979638.0686421,"e":[[1,0,0.08,6.0],[1,0,0.06,101.0],[1,0,0.07,26.0],[1,0,0.03,16.0],[1,1,0.47,87.0],[1,1,0.5,226.0],[1,1,0.67,350.0]]}
{"t":1776979641.110275,"e":[[1,0,0.08,2.0],[1,0,0.06,100.0],[1,0,0.07,24.0],[0,1,0.46],[1,1,0.47,4.0],[1,1,0.5,60.0],[1,1,0.67,100.0],[1,1,0.51,48.0]]}
{"t":1776979645.163307,"e":[[1,0,0.08,6.0],[1,0,0.06,101.0],[1,0,0.07,26.0],[1,1,0.5,167.0],[1,1,0.51,261.0],[1,1,0.67,419.0]]}
{"t":1776979655.26619,"e":[[1,0,0.08,5.0],[1,1,0.5,180.0],[1,1,0.51,289.0],[1,1,0.67,461.0]]}
{"t":1776979661.3273442,"e":[[1,0,0.08,6.0],[1,1,0.5,185.0],[1,1,0.51,298.0],[1,1,0.67,475.0]]}
{"t":1776979664.359363,"e":[[1,0,0.08,5.0]]}
{"t":1776979667.4168692,"e":[[1,0,0.08,6.0]]}
{"t":1776979669.4522712,"e":[[1,0,0.08,5.0]]}
{"t":1776979672.485158,"e":[[1,0,0.08,6.0]]}
{"t":1776979673.505915,"e":[[1,0,0.08,2.0],[1,0,0.06,100.0],[1,0,0.07,24.0],[1,1,0.5,60.0],[1,1,0.51,48.0],[1,1,0.67,100.0]]}
{"t":1776979677.5577102,"e":[[1,0,0.08,6.0],[1,0,0.06,101.0],[1,0,0.07,26.0],[1,1,0.5,167.0],[1,1,0.51,213.0],[1,1,0.67,419.0],[1,1,0.46,35.0]]}
{"t":1776979689.638497,"e":[[1,0,0.08,5.0],[1,1,0.03,33.0],[1,1,0.47,91.0],[1,1,0.5,233.0],[0,1,0.51],[1,1,0.67,359.0]]}
{"t":1776979690.648934,"e":[[1,0,0.03,10.0]]}
{"t":1776979693.691951,"e":[[1,0,0.01,584.0]]}
{"t":1776979700.771796,"e":[[1,0,0.08,6.0]]}
{"t":1776979714.936487,"e":[[1,0,0.08,2.0],[1,0,0.06,100.0],[1,0,0.07,24.0],[1,1,0.47,4.0],[1,1,0.5,60.0],[1,1,0.67,100.0]]}
{"t":1776979718.986039,"e":[[1,0,0.08,6.0],[1,0,0.06,101.0],[1,0,0.07,26.0],[1,1,0.03,20.0],[1,1,0.47,87.0],[1,1,0.5,226.0],[1,1,0.67,350.0]]}
{"t":1776979723.0563111,"e":[[1,0,0.08,5.0],[0,1,0.46],[1,1,0.51,45.0]]}
{"t":1776979726.090754,"e":[[1,0,0.08,6.0],[1,1,0.47,4.0],[1,1,0.5,153.0],[1,1,0.51,230.0],[1,1,0.67,378.0],[1,1,0.89,14.219999999999999]]}
{"t":1776979729.127435,"e":[[1,1,0.87,437.78]]}
{"t":1776979730.145338,"e":[[1,0,0.08,5.0],[1,1,0.5,169.0],[1,1,0.51,262.0],[1,1,0.67,426.0]]}
{"t":1776979732.170569,"e":[[1,0,0.01,480.0]]}
{"t":1776979734.187385,"e":[[1,0,0.03,16.0],[1,1,0.87,397.78],[1,1,0.88,157.26]]}
{"t":1776979735.201226,"e":[[1,0,0.08,6.0],[1,1,0.5,182.0],[1,1,0.51,288.0],[1,1,0.67,465.0]]}
{"t":1776979736.216362,"e":[[1,0,0.08,2.0],[1,0,0.06,100.0],[1,0,0.07,24.0],[1,1,0.5,60.0],[1,1,0.51,45.0],[1,1,0.67,100.0]]}
{"t":1776979737.241647,"e":[[1,1,0.5,92.0],[1,1,0.51,110.0],[1,1,0.67,225.0]]}
{"t":1776979738.25713,"e":[[1,0,0.08,6.0],[1,0,0.06,101.0],[1,0,0.07,26.0],[1,1,0.5,165.0],[1,1,0.51,254.0],[1,1,0.67,414.0]]}
{"t":1776979742.3102531,"e":[[1,1,0.5,92.0],[1,1,0.51,110.0],[1,1,0.67,225.0]]}
{"t":1776979743.32949,"e":[[1,0,0.08,5.0],[0,1,0.47],[1,1,0.5,179.0],[1,1,0.51,282.0],[1,1,0.67,456.0],[1,1,0.52,3.0]]}
{"t":1776979748.394957,"e":[[1,0,0.08,6.0],[1,1,0.5,133.0],[1,1,0.51,190.0],[1,1,0.52,221.0],[1,1,0.67,100.0]]}
{"t":1776979750.422494,"e":[[1,0,0.08,5.0],[1,1,0.5,92.0],[1,1,0.51,110.0]]}
{"t":1776979751.441538,"e":[[1,1,0.5,152.0],[1,1,0.51,184.0],[1,1,0.52,280.0],[1,1,0.53,40.0]]}
{"t":1776979753.46458,"e":[[1,1,0.5,92.0],[0,1,0.51],[1,1,0.52,221.0]]}
{"t":1776979754.4757729,"e":[[1,0,0.08,6.0],[1,1,0.5,158.0],[1,1,0.52,200.0],[1,1,0.53,335.0]]}
{"t":1776979766.570092,"e":[[1,0,0.08,5.0],[1,1,0.5,174.0],[1,1,0.52,230.0],[1,1,0.53,380.0]]}
{"t":1776979778.671754,"e":[[1,1,0.5,92.0],[1,1,0.52,200.0],[1,1,0.53,335.0]]}
{"t":1776979779.686711,"e":[[1,0,0.08,6.0],[1,1,0.5,185.0],[1,1,0.52,253.0],[1,1,0.53,415.0]]}
{"t":1776979787.757783,"e":[[1,0,0.08,5.0]]}
{"t":1776979799.867278,"e":[[1,0,0.08,6.0]]}
{"t":1776979800.881632,"e":[[1,0,0.03,10.0]]}
{"t":1776979802.894676,"e":[[1,0,0.01,584.0]]}
{"t":1776979816.004361,"e":[[1,0,0.08,5.0]]}
{"t":1776979820.0560918,"e":[[1,0,0.08,2.0],[1,0,0.06,100.0],[1,0,0.07,24.0],[1,1,0.5,60.0],[1,1,0.52,3.0],[1,1,0.53,40.0]]}
{"t":1776979824.103594,"e":[[1,0,0.08,6.0],[1,0,0.06,101.0],[1,0,0.07,26.0],[1,1,0.5,114.0],[1,1,0.52,110.0],[1,1,0.53,161.0],[1,1,0.46,47.0]]}
{"t":1776979827.158894,"e":[[1,0,0.08,5.0],[0,1,0.53]]}
{"t":1776979828.175582,"e":[[1,1,0.5,159.0],[1,1,0.52,200.0],[1,1,0.67,396.0]]}
{"t":1776979829.183528,"e":[[1,1,0.5,114.0],[1,1,0.52,110.0]]}
{"t":1776979830.205705,"e":[[1,0,0.08,6.0],[1,1,0.5,173.0],[1,1,0.52,229.0],[1,1,0.67,440.0]]}
{"t":1776979832.244597,"e":[[1,0,0.08,2.0],[1,0,0.06,100.0],[1,0,0.07,24.0],[1,1,0.5,60.0],[1,1,0.52,3.0],[1,1,0.67,100.0]]}
{"t":1776979835.291805,"e":[[1,0,0.08,6.0],[1,0,0.06,101.0],[1,0,0.07,26.0],[1,1,0.5,142.0],[1,1,0.52,168.0],[1,1,0.67,347.0]]}
{"t":1776979839.341758,"e":[[1,0,0.08,5.0],[1,1,0.5,160.0],[1,1,0.52,202.0],[1,1,0.67,399.0]]}
{"t":1776979844.401731,"e":[[1,1,0.5,142.0],[1,1,0.52,168.0],[1,1,0.67,347.0]]}
{"t":1776979845.4183779,"e":[[1,0,0.08,6.0],[1,1,0.5,174.0],[1,1,0.52,231.0],[1,1,0.67,442.0]]}
{"t":1776979849.462462,"e":[[1,0,0.08,5.0],[1,1,0.5,142.0],[1,1,0.52,168.0],[1,1,0.67,347.0]]}
{"t":1776979850.477813,"e":[[1,1,0.5,185.0],[1,1,0.52,253.0],[1,1,0.67,475.0]]}
{"t":1776979855.5317361,"e":[[1,0,0.08,6.0]]}
{"t":1776979858.554548,"e":[[1,0,0.08,5.0]]}
{"t":1776979860.569709,"e":[[0,1,0.89]]}
{"t":1776979864.58724,"e":[[1,0,0.08,6.0]]}
{"t":1776979866.614618,"e":[[1,0,0.08,2.0],[1,0,0.06,100.0],[1,0,0.07,24.0],[1,1,0.5,60.0],[1,1,0.52,3.0],[1,1,0.67,100.0]]}
{"t":1776979868.636278,"e":[[1,0,0.01,480.0]]}
{"t":1776979871.663184,"e":[[1,0,0.08,6.0],[1,0,0.06,101.0],[1,0,0.07,26.0],[1,0,0.03,16.0],[1,1,0.5,142.0],[1,1,0.52,167.0],[1,1,0.67,347.0],[1,1,0.88,177.26]]}
{"t":1776979891.810949,"e":[[1,0,0.08,5.0],[1,1,0.03,69.0],[0,1,0.46],[1,1,0.5,160.0],[1,1,0.52,202.0],[1,1,0.67,399.0]]}
{"t":1776979894.855659,"e":[[1,1,0.5,142.0],[1,1,0.52,167.0],[1,1,0.67,347.0]]}
{"t":1776979895.868097,"e":[[1,0,0.08,6.0],[1,1,0.5,174.0],[1,1,0.52,231.0],[1,1,0.67,443.0]]}
{"t":1776979900.9305751,"e":[[1,0,0.08,5.0],[1,1,0.5,142.0],[1,1,0.52,167.0],[1,1,0.67,347.0]]}
{"t":1776979901.947406,"e":[[1,1,0.5,185.0],[1,1,0.52,253.0],[1,1,0.67,475.0]]}
{"t":1776979917.20495,"e":[[1,0,0.08,6.0]]}
{"t":1776979920.251956,"e":[[1,0,0.08,5.0]]}
{"t":1776979922.277932,"e":[[1,0,0.08,6.0]]}
{"t":1776979927.320731,"e":[[1,0,0.08,5.0]]}
{"t":1776979931.381688,"e":[[1,0,0.08,6.0]]}
{"t":1776979935.448703,"e":[[1,1,0.02,100.0]]}
{"t":1776979936.465288,"e":[[1,1,0.02,168.0]]}
{"t":1776979937.472071,"e":[[1,1,0.87,109.03999999999996],[0,1,0.88]]}
{"t":1776979940.494808,"e":[[1,1,0.03,20.0],[1,1,0.86,89.22],[1,1,0.53,41.0]]}
{"t":1776979941.500191,"e":[[1,0,0.08,5.0],[1,1,0.5,60.0],[1,1,0.52,126.0],[1,1,0.53,287.0],[1,1,0.67,468.0]]}
{"t":1776979942.522871,"e":[[1,1,0.87,130.58999999999997]]}
{"t":1776979943.534011,"e":[[1,0,0.08,6.0]]}
{"t":1776979944.5507789,"e":[[1,1,0.86,49.22],[1,1,0.87,169.58999999999997]]}
{"t":1776979947.577177,"e":[[1,0,0.08,5.0]]}
{"t":1776979948.596159,"e":[[1,0,0.08,2.0],[1,0,0.06,100.0],[1,0,0.07,24.0],[1,1,0.52,3.0],[1,1,0.53,41.0],[1,1,0.67,100.0]]}
{"t":1776979952.65566,"e":[[1,0,0.08,6.0],[1,0,0.06,101.0],[1,0,0.07,26.0],[1,1,0.52,68.0],[1,1,0.53,170.0],[1,1,0.67,293.0]]}
{"t":1776979956.7180722,"e":[[1,1,0.52,65.0],[1,1,0.54,3.0]]}
{"t":1776979959.736081,"e":[[1,1,0.87,189.58999999999997]]}
{"t":1776979967.809658,"e":[[1,0,0.08,5.0],[0,1,0.52],[1,1,0.53,68.0],[1,1,0.46,46.0]]}
{"t":1776979968.8309739,"e":[[1,1,0.54,138.0],[1,1,0.67,302.0]]}
{"t":1776979972.8809862,"e":[[1,0,0.02,60.0],[1,1,0.82,50.0]]}
{"t":1776979980.94618,"e":[[0,1,0.53],[1,1,0.67,293.0]]}
{"t":1776979981.955667,"e":[[1,0,0.08,6.0],[1,1,0.5,156.0],[1,1,0.54,195.0],[1,1,0.67,388.0],[1,1,0.87,168.03999999999996]]}
{"t":1776979983.986321,"e":[[1,0,0.08,5.0],[1,1,0.5,168.0],[1,1,0.54,219.0],[1,1,0.67,424.0]]}
{"t":1776979986.019079,"e":[[1,1,0.5,156.0],[1,1,0.54,138.0],[1,1,0.67,293.0]]}
{"t":1776979987.034246,"e":[[1,0,0.08,6.0],[1,1,0.5,178.0],[1,1,0.54,239.0],[1,1,0.67,454.0]]}
{"t":1776979994.1033652,"e":[[1,0,0.08,5.0],[1,1,0.5,185.0],[1,1,0.54,253.0],[1,1,0.67,475.0]]}
{"t":1776979998.1586869,"e":[[1,0,0.08,6.0],[0,1,0.82],[1,1,0.88,145.0],[1,1,0.89,36.0],[1,1,0.87,129.03999999999996]]}
{"t":1776979999.1714182,"e":[[1,1,0.88,95.0],[1,1,0.89,86.0]]}
{"t":1776980001.193675,"e":[[1,0,0.08,5.0]]}
{"t":1776980002.208147,"e":[[1,0,0.08,2.0],[1,0,0.06,100.0],[1,0,0.07,24.0],[1,1,0.5,60.0],[1,1,0.54,3.0],[1,1,0.67,100.0]]}
{"t":1776980003.223941,"e":[[1,1,0.87,109.03999999999996]]}
{"t":1776980004.2373629,"e":[[1,1,0.89,106.0]]}
{"t":1776980005.253522,"e":[[1,0,0.03,10.0],[1,1,0.02,100.0]]}
{"t":1776980007.280448,"e":[[1,0,0.08,6.0],[1,0,0.06,101.0],[1,0,0.07,26.0],[1,1,0.5,137.0],[1,1,0.54,156.0],[1,1,0.67,330.0],[1,1,0.01,270.0]]}
{"t":1776980017.387726,"e":[[1,0,0.08,5.0]]}
{"t":1776980018.40517,"e":[[1,1,0.5,153.0],[1,1,0.54,188.0],[1,1,0.67,378.0]]}
{"t":1776980022.442543,"e":[[1,0,0.08,6.0],[1,1,0.5,166.0],[1,1,0.54,215.0],[1,1,0.67,418.0]]}
{"t":1776980026.489411,"e":[[1,0,0.08,5.0],[1,1,0.5,177.0],[1,1,0.54,237.0],[1,1,0.67,452.0]]}
{"t":1776980029.531808,"e":[[1,0,0.08,6.0],[1,1,0.5,185.0],[1,1,0.54,253.0],[1,1,0.67,475.0]]}
{"t":1776980031.561755,"e":[[1,0,0.08,2.0],[1,0,0.06,100.0],[1,0,0.07,24.0],[1,1,0.5,60.0],[1,1,0.54,3.0],[1,1,0.67,100.0]]}
{"t":1776980034.6140401,"e":[[1,0,0.08,6.0],[1,0,0.06,101.0],[1,0,0.07,26.0],[1,1,0.5,137.0],[1,1,0.54,156.0],[1,1,0.67,330.0]]}
{"t":1776980037.667946,"e":[[1,0,0.08,5.0],[1,1,0.5,153.0],[1,1,0.54,188.0],[1,1,0.67,378.0]]}
{"t":1776980039.75165,"e":[[1,1,0.5,137.0],[1,1,0.54,156.0],[1,1,0.67,330.0]]}
{"t":1776980041.780159,"e":[[1,0,0.08,6.0],[1,1,0.5,166.0],[1,1,0.54,215.0],[1,1,0.67,418.0]]}
{"t":1776980044.828404,"e":[[1,0,0.08,5.0],[1,1,0.5,137.0],[1,1,0.54,156.0],[1,1,0.67,330.0]]}
{"t":1776980045.848945,"e":[[1,1,0.5,177.0],[1,1,0.54,237.0],[1,1,0.67,452.0]]}
{"t":1776980047.874488,"e":[[1,1,0.5,137.0],[1,1,0.54,156.0],[1,1,0.67,330.0]]}
{"t":1776980048.909193,"e":[[1,0,0.08,6.0],[1,1,0.5,185.0],[1,1,0.54,253.0],[1,1,0.67,475.0]]}
{"t":1776980053.963362,"e":[[1,0,0.08,5.0]]}
{"t":1776980057.0162718,"e":[[1,0,0.08,6.0]]}
{"t":1776980059.036295,"e":[[1,0,0.08,5.0]]}
{"t":1776980066.114054,"e":[[1,0,0.08,6.0]]}
{"t":1776980069.144686,"e":[[1,0,0.08,5.0]]}
{"t":1776980075.213216,"e":[[1,0,0.08,6.0]]}
{"t":1776980079.2546391,"e":[[1,0,0.08,5.0]]}
{"t":1776980090.3686342,"e":[[1,0,0.08,6.0]]}
{"t":1776980098.4505432,"e":[[1,0,0.08,5.0]]}
{"t":1776980107.5551019,"e":[[1,0,0.08,6.0]]}
{"t":1776980118.660933,"e":[[1,0,0.08,5.0]]}
{"t":1776980120.691299,"e":[[1,0,0.08,6.0]]}
{"t":1776980166.9892921,"e":[[1,0,0.08,5.0]]}
{"t":1776980170.0221329,"e":[[1,0,0.08,6.0]]}
{"t":1776980173.057191,"e":[[1,0,0.08,5.0]]}
{"t":1776980195.22635,"e":[[1,0,0.08,6.0]]}
{"t":1776980198.2657092,"e":[[1,0,0.08,5.0]]}
{"t":1776980202.3137898,"e":[[1,0,0.08,6.0]]}
{"t":1776980204.3298008,"e":[[1,0,0.08,5.0]]}
{"t":1776980212.453109,"e":[[1,0,0.08,6.0]]}
{"t":1776980216.500921,"e":[[1,0,0.08,2.0],[1,0,0.06,100.0],[1,0,0.07,24.0],[1,1,0.5,60.0],[1,1,0.54,3.0],[1,1,0.67,100.0]]}
{"t":1776980218.545161,"e":[[1,0,0.02,10.0],[1,1,0.89,56.0]]}
{"t":1776980220.563881,"e":[[1,0,0.08,6.0],[1,0,0.06,101.0],[1,0,0.07,26.0],[1,1,0.5,137.0],[1,1,0.54,156.0],[1,1,0.67,330.0]]}
{"t":1776980239.753128,"e":[[1,0,0.08,5.0],[1,1,0.5,152.0],[1,1,0.54,188.0],[1,1,0.67,377.0]]}
{"t":1776980242.801561,"e":[[1,0,0.08,6.0],[1,1,0.5,166.0],[1,1,0.54,214.0],[1,1,0.67,416.0]]}
{"t":1776980245.8324668,"e":[[1,0,0.08,5.0],[1,1,0.5,176.0],[1,1,0.54,236.0],[1,1,0.67,449.0]]}
{"t":1776980252.909537,"e":[[1,1,0.5,137.0],[1,1,0.54,156.0],[1,1,0.67,330.0]]}
{"t":1776980253.92886,"e":[[1,0,0.08,6.0],[1,0,0.02,26.0],[1,1,0.5,185.0],[1,1,0.54,253.0],[1,1,0.67,475.0]]}
{"t":1776980263.028702,"e":[[1,0,0.08,5.0],[0,1,0.46],[1,1,0.55,46.0]]}
{"t":1776980266.066454,"e":[[1,0,0.08,6.0],[1,1,0.5,60.0],[1,1,0.54,128.0],[1,1,0.55,296.0]]}
{"t":1776980268.096695,"e":[[1,0,0.08,5.0]]}
{"t":1776980272.147509,"e":[[1,0,0.08,6.0]]}
{"t":1776980279.212241,"e":[[1,0,0.08,5.0]]}
{"t":1776980282.2521129,"e":[[1,0,0.08,6.0]]}
{"t":1776980291.3441448,"e":[[1,0,0.08,5.0]]}
{"t":1776980295.397852,"e":[[1,0,0.08,6.0]]}
{"t":1776980297.428685,"e":[[1,0,0.08,5.0]]}
{"t":1776980300.4704902,"e":[[1,0,0.08,6.0]]}
{"t":1776980303.499189,"e":[[1,0,0.08,5.0]]}
{"t":1776980306.535902,"e":[[1,0,0.08,6.0]]}
{"t":1776980317.642941,"e":[[1,0,0.02,10.0]]}
{"t":1776980321.673723,"e":[[1,0,0.08,5.0]]}
{"t":1776980324.713695,"e":[[1,0,0.08,6.0]]}
{"t":1776980334.8031309,"e":[[1,0,0.08,5.0]]}
{"t":1776980337.845082,"e":[[1,0,0.08,6.0]]}
{"t":1776980339.870958,"e":[[1,0,0.08,2.0],[1,0,0.06,100.0],[1,0,0.07,24.0],[1,1,0.54,3.0],[1,1,0.55,46.0],[1,1,0.67,100.0]]}
{"t":1776980346.9657018,"e":[[1,0,0.08,6.0],[1,0,0.06,101.0],[1,0,0.07,26.0],[1,1,0.54,72.0],[1,1,0.55,184.0],[1,1,0.67,307.0]]}
{"t":1776980347.9774709,"e":[[1,1,0.55,138.0],[1,1,0.46,44.0]]}
{"t":1776980351.003882,"e":[[0,1,0.55]]}
{"t":1776980352.015635,"e":[[1,0,0.08,5.0],[1,1,0.5,146.0],[1,1,0.54,174.0],[1,1,0.67,357.0]]}
{"t":1776980359.084876,"e":[[1,0,0.08,2.0],[1,0,0.06,100.0],[1,0,0.07,24.0],[1,1,0.5,60.0],[1,1,0.54,3.0],[1,1,0.67,100.0]]}
{"t":1776980362.116677,"e":[[1,0,0.08,6.0],[1,0,0.06,101.0],[1,0,0.07,26.0],[1,1,0.5,136.0],[1,1,0.54,154.0],[1,1,0.67,327.0]]}
{"t":1776980368.191754,"e":[[1,0,0.08,5.0]]}
{"t":1776980369.208498,"e":[[1,1,0.5,152.0],[1,1,0.54,186.0],[1,1,0.67,374.0]]}
{"t":1776980370.2208798,"e":[[1,1,0.5,136.0],[1,1,0.54,154.0],[1,1,0.67,327.0]]}
{"t":1776980371.226215,"e":[[1,0,0.08,6.0],[1,1,0.5,165.0],[1,1,0.54,212.0],[1,1,0.67,414.0]]}
{"t":1776980416.695222,"e":[[1,0,0.08,5.0],[1,1,0.5,136.0],[1,1,0.54,154.0],[1,1,0.67,327.0]]}
{"t":1776980417.713616,"e":[[1,1,0.5,176.0],[1,1,0.54,234.0],[1,1,0.67,447.0]]}
{"t":1776980422.7574651,"e":[[1,1,0.5,136.0],[1,1,0.54,154.0],[1,1,0.67,327.0]]}
{"t":1776980423.770659,"e":[[1,0,0.08,6.0],[1,1,0.5,185.0],[1,1,0.54,253.0],[1,1,0.67,474.0]]}
{"t":1776980425.803306,"e":[[1,0,0.08,5.0],[0,1,0.46],[1,1,0.67,475.0],[1,1,0.55,46.0]]}
{"t":1776980428.823528,"e":[[1,0,0.08,2.0],[1,0,0.06,100.0],[1,0,0.07,24.0],[1,1,0.5,60.0],[1,1,0.54,3.0],[1,1,0.67,100.0]]}
{"t":1776980431.865155,"e":[[1,0,0.08,6.0],[1,0,0.06,101.0],[1,0,0.07,26.0],[1,1,0.54,72.0],[1,1,0.55,184.0],[1,1,0.67,307.0]]}
{"t":1776980436.932385,"e":[[1,0,0.08,5.0],[1,1,0.54,83.0],[1,1,0.55,206.0],[1,1,0.67,341.0]]}
{"t":1776980438.9541829,"e":[[1,0,0.08,2.0],[1,0,0.06,100.0],[1,0,0.07,24.0],[1,1,0.54,3.0],[1,1,0.55,46.0],[1,1,0.67,100.0]]}
{"t":1776980443.018125,"e":[[1,0,0.08,6.0],[1,0,0.06,101.0],[1,0,0.07,26.0],[1,1,0.54,72.0],[1,1,0.55,184.0],[1,1,0.67,307.0]]}
{"t":1776980444.031349,"e":[[1,0,0.08,5.0]]}
{"t":1776980445.048059,"e":[[1,1,0.54,83.0],[1,1,0.55,206.0],[1,1,0.67,341.0]]}
{"t":1776980449.0938811,"e":[[1,0,0.08,6.0]]}
{"t":1776980453.140348,"e":[[1,0,0.08,5.0]]}
{"t":1776980457.197255,"e":[[1,0,0.08,6.0]]}
{"t":1776980459.220083,"e":[[1,0,0.08,5.0]]}
{"t":1776980473.376462,"e":[[1,0,0.08,6.0]]}
{"t":1776980476.4249861,"e":[[1,0,0.08,5.0]]}
{"t":1776980480.489409,"e":[[1,0,0.08,6.0]]}
{"t":1776980488.560389,"e":[[1,0,0.08,2.0],[1,0,0.06,100.0],[1,0,0.07,24.0],[1,1,0.54,3.0],[0,1,0.55],[1,1,0.67,100.0],[1,1,0.46,46.0],[1,1,0.89,36.0]]}
{"t":1776980490.596148,"e":[[1,0,0.08,6.0],[1,0,0.06,101.0],[1,0,0.07,26.0],[1,1,0.5,135.0],[1,1,0.54,153.0],[1,1,0.67,324.0]]}
{"t":1776980493.6422322,"e":[[1,0,0.08,5.0]]}
{"t":1776980494.659307,"e":[[1,1,0.5,151.0],[1,1,0.54,184.0],[1,1,0.67,371.0]]}
{"t":1776980495.68056,"e":[[1,0,0.08,6.0],[1,1,0.5,164.0],[1,1,0.54,210.0],[1,1,0.67,410.0]]}
{"t":1776980502.763252,"e":[[1,0,0.08,5.0],[1,1,0.5,135.0],[1,1,0.54,153.0],[1,1,0.67,324.0]]}
{"t":1776980503.7933109,"e":[[1,1,0.5,174.0],[1,1,0.54,232.0],[1,1,0.67,443.0]]}
{"t":1776980505.8251321,"e":[[1,0,0.08,6.0],[1,1,0.5,184.0],[1,1,0.54,250.0],[1,1,0.67,470.0]]}
{"t":1776980507.855159,"e":[[1,0,0.08,5.0],[1,1,0.5,185.0],[1,1,0.54,253.0],[1,1,0.67,475.0]]}
{"t":1776980509.889653,"e":[[1,0,0.08,6.0]]}
{"t":1776980513.945427,"e":[[1,1,0.89,56.0]]}
{"t":1776980515.9620469,"e":[[1,0,0.08,5.0]]}
{"t":1776980519.011539,"e":[[1,0,0.08,6.0]]}
{"t":1776980522.047363,"e":[[1,0,0.08,5.0]]}
{"t":1776980524.08113,"e":[[1,0,0.08,2.0],[1,0,0.06,100.0],[1,0,0.07,24.0],[1,1,0.5,60.0],[1,1,0.54,3.0],[1,1,0.67,100.0]]}
{"t":1776980526.116436,"e":[[1,0,0.08,9.0],[1,0,0.06,102.0],[1,0,0.07,29.0],[1,1,0.67,850.0]]}
{"t":1776980529.178713,"e":[[1,0,0.08,6.0],[1,0,0.07,27.0]]}
{"t":1776980548.364038,"e":[[1,0,0.08,5.0],[1,0,0.06,101.0],[1,0,0.07,26.0]]}
{"t":1776980552.417959,"e":[[1,0,0.08,6.0]]}
{"t":1776980553.443795,"e":[[1,0,0.08,5.0]]}
{"t":1776980562.5381172,"e":[[1,0,0.08,3.0],[1,0,0.06,100.0],[1,0,0.07,24.0],[1,1,0.67,100.0]]}
{"t":1776980566.604689,"e":[[1,0,0.08,6.0],[1,0,0.06,101.0],[1,0,0.07,26.0],[1,1,0.5,136.0],[1,1,0.54,154.0],[1,1,0.67,327.0]]}
{"t":1776980569.6498601,"e":[[1,0,0.08,5.0],[1,1,0.5,152.0],[1,1,0.54,186.0],[1,1,0.67,374.0]]}
{"t":1776980577.735656,"e":[[1,0,0.08,2.0],[1,0,0.06,100.0],[1,0,0.07,24.0],[1,1,0.5,60.0],[1,1,0.54,3.0],[1,1,0.67,100.0]]}
{"t":1776980578.763276,"e":[[1,0,0.08,6.0],[1,0,0.06,101.0],[1,0,0.07,26.0],[1,1,0.5,136.0],[1,1,0.54,154.0],[1,1,0.67,327.0]]}
{"t":1776980581.820854,"e":[[1,0,0.08,5.0],[1,1,0.5,152.0],[1,1,0.54,186.0],[1,1,0.67,374.0]]}
{"t":1776980585.860897,"e":[[1,1,0.5,136.0],[1,1,0.54,154.0],[1,1,0.67,327.0]]}
{"t":1776980587.893047,"e":[[1,0,0.08,6.0],[1,1,0.5,165.0],[1,1,0.54,212.0],[1,1,0.67,414.0]]}
{"t":1776980589.9223082,"e":[[1,0,0.08,2.0],[1,0,0.06,100.0],[1,0,0.07,24.0],[1,1,0.5,60.0],[1,1,0.54,3.0],[1,1,0.67,100.0]]}
{"t":1776980591.962518,"e":[[1,0,0.08,6.0],[1,0,0.06,101.0],[1,0,0.07,26.0],[1,1,0.5,136.0],[1,1,0.54,154.0],[1,1,0.67,327.0]]}
{"t":1776980597.019396,"e":[[1,0,0.08,5.0]]}
{"t":1776980598.03548,"e":[[1,1,0.5,152.0],[1,1,0.54,186.0],[1,1,0.67,374.0]]}
{"t":1776980600.0643961,"e":[[1,0,0.08,6.0],[1,1,0.5,165.0],[1,1,0.54,212.0],[1,1,0.67,414.0]]}
{"t":1776980602.094506,"e":[[1,0,0.08,5.0],[1,1,0.5,136.0],[1,1,0.54,154.0],[1,1,0.67,327.0]]}
{"t":1776980603.109162,"e":[[1,1,0.5,176.0],[1,1,0.54,234.0],[1,1,0.67,447.0]]}
{"t":1776980613.192063,"e":[[1,0,0.08,6.0],[0,1,0.46],[1,1,0.5,185.0],[1,1,0.54,253.0],[1,1,0.67,474.0],[1,1,0.55,47.0]]}
{"t":1776980615.2169971,"e":[[1,0,0.08,5.0],[1,1,0.5,60.0],[1,1,0.54,154.0],[1,1,0.67,327.0]]}
{"t":1776980616.233954,"e":[[1,1,0.54,128.0],[1,1,0.55,297.0],[1,1,0.67,475.0]]}
{"t":1776980632.4112582,"e":[[1,0,0.08,6.0]]}
{"t":1776980641.488872,"e":[[1,0,0.08,5.0]]}
{"t":1776980650.573486,"e":[[1,0,0.08,6.0]]}
{"t":1776980658.652771,"e":[[1,0,0.08,5.0]]}
{"t":1776980664.721338,"e":[[1,0,0.08,6.0]]}
{"t":1776980667.750463,"e":[[1,0,0.08,5.0]]}
{"t":1776980673.81322,"e":[[1,0,0.08,6.0]]}
{"t":1776980684.930916,"e":[[1,0,0.08,5.0]]}
{"t":1776980685.9446669,"e":[[1,0,0.08,6.0]]}
{"t":1776980694.0195699,"e":[[1,0,0.08,5.0]]}
{"t":1776980711.170652,"e":[[1,0,0.08,6.0]]}
{"t":1776980720.2425652,"e":[[1,0,0.08,5.0]]}
{"t":1776980723.266583,"e":[[1,0,0.08,6.0]]}
{"t":1776980737.391225,"e":[[1,0,0.08,5.0]]}
{"t":1776980741.4449012,"e":[[1,0,0.08,6.0]]}
{"t":1776980746.5158021,"e":[[1,0,0.08,5.0]]}
{"t":1776980758.610584,"e":[[1,0,0.08,2.0],[1,0,0.06,100.0],[1,0,0.07,24.0],[1,1,0.54,3.0],[1,1,0.55,47.0],[1,1,0.67,100.0]]}
{"t":1776980762.6692328,"e":[[1,0,0.08,6.0],[1,0,0.06,101.0],[1,0,0.07,26.0],[1,1,0.54,72.0],[1,1,0.55,139.0],[1,1,0.67,308.0],[1,1,0.46,44.0]]}
{"t":1776980765.729409,"e":[[0,1,0.55]]}
{"t":1776980766.743007,"e":[[1,0,0.08,5.0],[1,1,0.5,146.0],[1,1,0.54,174.0],[1,1,0.67,357.0]]}
{"t":1776980773.826316,"e":[[1,0,0.08,6.0],[1,1,0.5,160.0],[1,1,0.54,203.0],[1,1,0.67,399.0]]}
{"t":1776980785.956077,"e":[[1,0,0.08,5.0],[1,1,0.5,146.0],[1,1,0.54,72.0],[1,1,0.67,308.0]]}
{"t":1776980786.972651,"e":[[1,1,0.5,172.0],[1,1,0.54,226.0],[1,1,0.67,435.0]]}
{"t":1776980798.05874,"e":[[1,0,0.08,6.0],[1,1,0.5,146.0],[1,1,0.54,72.0],[1,1,0.67,308.0]]}
{"t":1776980799.0757,"e":[[1,1,0.5,182.0],[1,1,0.54,246.0],[1,1,0.67,464.0]]}
{"t":1776980814.197629,"e":[[1,0,0.08,5.0],[0,1,0.46],[1,1,0.5,146.0],[1,1,0.54,72.0],[1,1,0.67,308.0],[1,1,0.55,40.0]]}
{"t":1776980815.2107599,"e":[[1,1,0.5,185.0],[1,1,0.54,253.0],[1,1,0.67,475.0]]}
{"t":1776980816.226511,"e":[[1,1,0.5,60.0],[1,1,0.54,126.0],[1,1,0.67,470.0]]}
{"t":1776980817.241518,"e":[[1,0,0.08,6.0],[1,1,0.55,286.0]]}
{"t":1776980821.286386,"e":[[1,0,0.08,5.0]]}
{"t":1776980833.3604538,"e":[[1,0,0.08,6.0]]}
{"t":1776980834.3706229,"e":[[1,0,0.08,5.0]]}
{"t":1776980838.397967,"e":[[1,0,0.08,6.0]]}
{"t":1776980840.4137652,"e":[[1,1,0.89,36.0]]}
{"t":1776980841.4197068,"e":[[1,0,0.08,5.0]]}
{"t":1776980842.4296498,"e":[[1,0,0.08,2.0],[1,0,0.06,100.0],[1,0,0.07,24.0],[1,1,0.54,3.0],[1,1,0.55,40.0],[1,1,0.67,100.0]]}
{"t":1776980846.484276,"e":[[1,0,0.08,6.0],[1,0,0.06,101.0],[1,0,0.07,26.0],[1,1,0.54,69.0],[1,1,0.55,131.0],[1,1,0.67,297.0],[1,1,0.46,43.0]]}
{"t":1776980852.5598269,"e":[[1,1,0.89,56.0]]}
{"t":1776980856.6019788,"e":[[1,0,0.08,5.0],[1,1,0.5,145.0],[1,1,0.54,173.0],[0,1,0.55]]}
{"t":1776980857.61825,"e":[[1,1,0.67,356.0]]}
{"t":1776980858.638418,"e":[[1,1,0.54,69.0],[1,1,0.67,297.0]]}
{"t":1776980859.6539679,"e":[[1,0,0.08,6.0],[1,1,0.5,160.0],[1,1,0.54,202.0],[1,1,0.67,398.0]]}
{"t":1776980862.682942,"e":[[1,0,0.08,5.0],[1,1,0.5,171.0],[1,1,0.54,226.0],[1,1,0.67,434.0]]}
{"t":1776980867.738923,"e":[[1,1,0.5,145.0],[1,1,0.54,69.0],[1,1,0.67,297.0]]}
{"t":1776980868.752799,"e":[[1,0,0.08,6.0],[1,1,0.5,181.0],[1,1,0.54,246.0],[1,1,0.67,464.0]]}
{"t":1776980875.8195488,"e":[[1,0,0.08,5.0],[1,1,0.5,185.0],[1,1,0.54,253.0],[1,1,0.67,475.0]]}
{"t":1776980890.984294,"e":[[1,0,0.08,6.0],[0,1,0.46],[1,1,0.55,47.0]]}
{"t":1776980900.046849,"e":[[1,0,0.08,5.0],[1,1,0.5,60.0],[1,1,0.54,128.0],[1,1,0.55,297.0]]}
{"t":1776980902.0794082,"e":[[1,0,0.08,6.0]]}
{"t":1776980910.1492832,"e":[[1,0,0.08,5.0]]}
{"t":1776980915.218059,"e":[[1,0,0.08,6.0]]}
{"t":1776980916.232894,"e":[[1,0,0.08,5.0]]}
{"t":1776980919.2759209,"e":[[1,0,0.08,6.0]]}
{"t":1776980921.2975428,"e":[[1,0,0.08,5.0]]}
{"t":1776980929.387115,"e":[[1,0,0.08,2.0],[1,0,0.06,100.0],[1,0,0.07,24.0],[1,1,0.54,3.0],[1,1,0.55,47.0],[1,1,0.67,100.0]]}
{"t":1776980932.421974,"e":[[1,0,0.08,6.0],[1,0,0.06,101.0],[1,0,0.07,26.0],[1,1,0.54,72.0],[1,1,0.55,139.0],[1,1,0.67,308.0],[1,1,0.46,33.0],[1,1,0.51,16.0]]}
{"t":1776980935.4678478,"e":[[1,0,0.08,5.0],[0,1,0.55],[1,1,0.67,294.0]]}
{"t":1776980938.511934,"e":[[1,1,0.51,81.0],[1,1,0.54,132.0]]}
{"t":1776980942.557023,"e":[[1,0,0.08,2.0],[1,0,0.06,100.0],[1,0,0.07,24.0],[1,1,0.51,16.0],[1,1,0.54,3.0],[1,1,0.67,100.0]]}
{"t":1776980945.5937312,"e":[[1,0,0.08,6.0],[1,0,0.06,101.0],[1,0,0.07,26.0],[1,1,0.51,71.0],[1,1,0.54,112.0],[1,1,0.67,264.0]]}
{"t":1776980957.745952,"e":[[1,0,0.08,2.0],[1,0,0.06,100.0],[1,0,0.07,24.0],[1,1,0.51,16.0],[1,1,0.54,3.0],[1,1,0.67,100.0]]}
{"t":1776980960.798671,"e":[[1,0,0.08,6.0],[1,0,0.06,101.0],[1,0,0.07,26.0],[1,1,0.51,71.0],[1,1,0.54,112.0],[1,1,0.67,264.0]]}
{"t":1776980962.8283541,"e":[[1,0,0.08,5.0],[1,1,0.51,89.0],[1,1,0.54,149.0],[1,1,0.67,319.0]]}
{"t":1776980970.9072058,"e":[[1,0,0.08,6.0],[1,1,0.51,98.0],[1,1,0.54,167.0],[1,1,0.67,347.0]]}
{"t":1776980973.946867,"e":[[1,0,0.08,5.0]]}
{"t":1776980976.982363,"e":[[1,0,0.08,2.0],[1,0,0.06,100.0],[1,0,0.07,24.0],[1,1,0.51,16.0],[1,1,0.54,3.0],[1,1,0.67,100.0]]}
{"t":1776980980.029228,"e":[[1,0,0.08,6.0],[1,0,0.06,101.0],[1,0,0.07,26.0],[1,1,0.67,264.0]]}
{"t":1776980981.055403,"e":[[1,1,0.51,71.0],[1,1,0.54,112.0]]}
{"t":1776980987.18628,"e":[[1,0,0.08,5.0],[1,1,0.51,89.0],[1,1,0.54,149.0],[1,1,0.67,319.0]]}
{"t":1776980992.242975,"e":[[1,1,0.51,71.0],[1,1,0.54,112.0],[1,1,0.67,264.0]]}
{"t":1776980993.258039,"e":[[1,0,0.08,6.0],[1,1,0.51,98.0],[1,1,0.54,167.0],[1,1,0.67,347.0]]}
{"t":1776980995.2883961,"e":[[1,0,0.08,2.0],[1,0,0.06,100.0],[1,0,0.07,24.0],[1,1,0.51,16.0],[1,1,0.54,3.0],[1,1,0.67,100.0]]}
{"t":1776980999.340385,"e":[[1,0,0.08,6.0],[1,0,0.06,101.0],[1,0,0.07,26.0],[1,1,0.51,71.0],[1,1,0.54,112.0],[1,1,0.67,264.0]]}
{"t":1776981007.425791,"e":[[1,0,0.08,5.0],[1,1,0.51,89.0],[1,1,0.54,149.0],[1,1,0.67,319.0]]}
{"t":1776981008.444097,"e":[[1,0,0.08,2.0],[1,0,0.06,100.0],[1,0,0.07,24.0],[1,1,0.51,16.0],[1,1,0.54,3.0],[1,1,0.67,100.0]]}
{"t":1776981012.4987168,"e":[[1,0,0.08,6.0],[1,0,0.06,101.0],[1,0,0.07,26.0],[1,1,0.51,71.0],[1,1,0.54,112.0],[1,1,0.67,264.0]]}
{"t":1776981015.539964,"e":[[1,0,0.08,5.0],[1,1,0.51,89.0],[1,1,0.54,149.0],[1,1,0.67,319.0]]}
{"t":1776981017.56964,"e":[[1,1,0.51,71.0],[1,1,0.54,112.0],[1,1,0.67,264.0]]}
{"t":1776981018.585931,"e":[[1,0,0.08,2.0],[1,0,0.06,100.0],[1,0,0.07,24.0],[1,1,0.51,16.0],[1,1,0.54,3.0],[1,1,0.67,100.0]]}
{"t":1776981021.6490638,"e":[[1,0,0.08,6.0],[1,0,0.06,101.0],[1,0,0.07,26.0],[1,1,0.51,71.0],[1,1,0.54,112.0],[1,1,0.67,264.0]]}
{"t":1776981039.859245,"e":[[1,0,0.08,2.0],[1,0,0.06,100.0],[1,0,0.07,24.0],[1,1,0.51,16.0],[1,1,0.54,3.0],[1,1,0.67,100.0]]}
{"t":1776981043.911885,"e":[[1,0,0.08,6.0],[1,0,0.06,101.0],[1,0,0.07,26.0],[1,1,0.51,71.0],[1,1,0.54,112.0],[1,1,0.67,264.0]]}
{"t":1776981046.955403,"e":[[1,0,0.08,5.0],[1,1,0.51,89.0],[1,1,0.54,149.0],[1,1,0.67,319.0]]}
{"t":1776981072.162536,"e":[[1,0,0.08,2.0],[1,0,0.06,100.0],[1,0,0.07,24.0],[1,1,0.51,16.0],[1,1,0.54,3.0],[1,1,0.67,100.0]]}
{"t":1776981073.18697,"e":[[1,0,0.08,3.0],[1,1,0.51,43.0],[1,1,0.54,58.0],[1,1,0.67,183.0]]}
{"t":1776981075.2181,"e":[[1,0,0.08,6.0],[1,0,0.06,101.0],[1,0,0.07,26.0],[1,1,0.51,78.0],[1,1,0.54,128.0],[1,1,0.67,287.0]]}
{"t":1776981085.299764,"e":[[1,1,0.89,47.46]]}
{"t":1776981087.326062,"e":[[1,0,0.08,2.0],[1,0,0.06,100.0],[1,0,0.07,24.0],[1,1,0.51,16.0],[1,1,0.54,3.0],[1,1,0.67,100.0]]}
{"t":1776981088.35586,"e":[[1,0,0.08,6.0],[1,0,0.06,101.0],[1,0,0.07,26.0],[1,1,0.51,70.0],[1,1,0.54,112.0],[1,1,0.67,263.0],[1,1,0.89,27.46]]}
{"t":1776981091.397511,"e":[[1,0,0.08,5.0]]}
{"t":1776981092.413229,"e":[[1,1,0.51,88.0],[1,1,0.54,148.0],[1,1,0.67,317.0]]}
{"t":1776981094.4378839,"e":[[1,0,0.08,6.0]]}
{"t":1776981099.494944,"e":[[1,0,0.08,5.0]]}
{"t":1776981100.51648,"e":[[1,0,0.08,2.0],[1,0,0.06,100.0],[1,0,0.07,24.0],[1,1,0.51,16.0],[0,1,0.54],[1,1,0.67,100.0],[1,1,0.89,47.46],[1,1,0.68,2.0]]}
{"t":1776981101.535143,"e":[[1,1,0.89,27.46]]}
{"t":1776981103.559409,"e":[[1,0,0.08,6.0],[1,0,0.06,101.0],[1,0,0.07,26.0],[1,1,0.51,70.0],[1,1,0.67,207.0],[1,1,0.68,162.0]]}
{"t":1776981105.584588,"e":[[1,0,0.08,5.0]]}
{"t":1776981106.601739,"e":[[1,1,0.51,97.0],[1,1,0.67,262.0],[1,1,0.68,244.0]]}
{"t":1776981109.626875,"e":[[1,1,0.51,70.0],[1,1,0.67,207.0],[1,1,0.68,162.0]]}
{"t":1776981110.640736,"e":[[1,0,0.08,6.0],[1,1,0.51,115.0],[1,1,0.67,298.0],[1,1,0.68,299.0]]}
{"t":1776981111.656814,"e":[[1,0,0.08,5.0],[1,1,0.51,70.0],[1,1,0.67,207.0],[1,1,0.68,162.0]]}
{"t":1776981112.674295,"e":[[1,1,0.51,127.0],[1,1,0.67,322.0],[1,1,0.68,336.0]]}
{"t":1776981114.699858,"e":[[1,0,0.08,6.0],[1,1,0.03,35.0],[1,1,0.51,111.0]]}
{"t":1776981122.80204,"e":[[1,0,0.08,5.0],[0,1,0.51],[1,1,0.67,207.0],[1,1,0.68,162.0]]}
{"t":1776981123.8184152,"e":[[1,1,0.5,181.0],[1,1,0.67,342.0],[1,1,0.68,364.0]]}
{"t":1776981137.9892328,"e":[[1,1,0.67,207.0],[1,1,0.68,162.0]]}
{"t":1776981139.0087318,"e":[[1,0,0.08,6.0],[1,1,0.03,20.0],[1,1,0.5,185.0],[1,1,0.67,350.0],[1,1,0.68,377.0],[1,1,0.51,14.0]]}
{"t":1776981152.128997,"e":[[1,0,0.08,5.0],[1,1,0.5,60.0],[1,1,0.67,321.0],[1,1,0.68,334.0]]}
{"t":1776981153.148277,"e":[[1,1,0.51,125.0]]}
{"t":1776981158.21282,"e":[[1,0,0.08,6.0]]}
{"t":1776981159.237903,"e":[[1,0,0.08,5.0]]}
{"t":1776981163.345458,"e":[[1,0,0.08,6.0]]}
{"t":1776981165.355673,"e":[[1,0,0.08,5.0]]}
{"t":1776981170.415686,"e":[[1,0,0.08,6.0]]}
{"t":1776981172.4475992,"e":[[1,0,0.08,5.0]]}
{"t":1776981181.527355,"e":[[1,0,0.08,6.0]]}
{"t":1776981187.582241,"e":[[1,0,0.08,5.0]]}
{"t":1776981190.6302521,"e":[[1,0,0.08,6.0]]}
{"t":1776981193.665442,"e":[[1,0,0.08,2.0],[1,0,0.06,100.0],[1,0,0.07,24.0],[1,1,0.51,14.0],[1,1,0.67,100.0],[1,1,0.68,2.0]]}
{"t":1776981195.704865,"e":[[1,0,0.08,6.0],[1,0,0.06,101.0],[1,0,0.07,26.0],[1,1,0.51,67.0],[1,1,0.67,205.0],[1,1,0.68,159.0]]}
{"t":1776981201.779244,"e":[[1,0,0.08,5.0],[1,1,0.51,94.0],[1,1,0.67,260.0],[1,1,0.68,243.0]]}
{"t":1776981204.810299,"e":[[1,1,0.51,67.0],[1,1,0.67,205.0],[1,1,0.68,159.0]]}
{"t":1776981205.817834,"e":[[1,0,0.08,6.0],[1,1,0.51,113.0],[1,1,0.67,297.0],[1,1,0.68,298.0]]}
{"t":1776981206.826984,"e":[[1,0,0.08,2.0],[1,0,0.06,100.0],[1,0,0.07,24.0],[1,1,0.51,14.0],[1,1,0.67,100.0],[1,1,0.68,2.0]]}
{"t":1776981210.864474,"e":[[1,0,0.08,6.0],[1,0,0.06,101.0],[1,0,0.07,26.0],[1,1,0.51,67.0],[1,1,0.67,205.0],[1,1,0.68,159.0]]}
{"t":1776981215.905531,"e":[[1,0,0.08,5.0]]}
{"t":1776981216.927634,"e":[[1,1,0.51,94.0],[1,1,0.67,260.0],[1,1,0.68,243.0]]}
{"t":1776981218.948916,"e":[[1,1,0.51,67.0],[1,1,0.67,205.0],[1,1,0.68,159.0]]}
{"t":1776981219.964653,"e":[[1,0,0.08,6.0],[1,1,0.51,113.0],[1,1,0.67,297.0],[1,1,0.68,298.0]]}
{"t":1776981226.046529,"e":[[1,0,0.08,5.0],[1,1,0.51,67.0],[1,1,0.67,205.0],[1,1,0.68,159.0],[1,1,0.89,47.46]]}
{"t":1776981227.057847,"e":[[1,1,0.51,125.0],[1,1,0.67,322.0],[1,1,0.68,335.0]]}
{"t":1776981230.0929081,"e":[[1,0,0.08,6.0],[1,1,0.51,111.0]]}
{"t":1776981243.211533,"e":[[1,0,0.08,5.0],[1,1,0.5,181.0],[1,1,0.51,15.0],[1,1,0.67,342.0],[1,1,0.68,364.0]]}
{"t":1776981247.2584882,"e":[[1,0,0.08,6.0],[1,1,0.5,60.0],[1,1,0.51,123.0],[1,1,0.67,315.0],[1,1,0.68,325.0]]}
{"t":1776981249.287044,"e":[[1,0,0.08,2.0],[1,0,0.06,100.0],[1,0,0.07,24.0],[1,1,0.51,15.0],[1,1,0.67,100.0],[1,1,0.68,2.0]]}
{"t":1776981252.324728,"e":[[1,0,0.08,6.0],[1,0,0.06,101.0],[1,0,0.07,26.0],[1,1,0.51,68.0],[1,1,0.67,207.0],[1,1,0.68,162.0]]}
{"t":1776981263.4313338,"e":[[1,0,0.08,2.0],[1,0,0.06,100.0],[1,0,0.07,24.0],[1,1,0.51,15.0],[1,1,0.67,100.0],[1,1,0.68,2.0]]}
{"t":1776981265.4678552,"e":[[1,0,0.08,6.0],[1,0,0.06,101.0],[1,0,0.07,26.0],[1,1,0.51,68.0],[1,1,0.67,207.0],[1,1,0.68,162.0]]}
{"t":1776981269.5200489,"e":[[1,0,0.08,5.0]]}
{"t":1776981270.534556,"e":[[1,1,0.51,96.0],[1,1,0.67,262.0],[1,1,0.68,245.0]]}
{"t":1776981283.657074,"e":[[1,1,0.89,27.46]]}
{"t":1776981285.681777,"e":[[1,0,0.08,6.0],[1,1,0.51,114.0],[1,1,0.67,298.0],[1,1,0.68,300.0]]}
{"t":1776981289.743788,"e":[[1,0,0.08,5.0],[1,1,0.51,126.0],[1,1,0.67,323.0],[1,1,0.68,336.0]]}
{"t":1776981294.810099,"e":[[1,1,0.03,35.0],[1,1,0.51,111.0],[1,1,0.89,47.46]]}
{"t":1776981297.8282409,"e":[[1,0,0.08,2.0],[1,0,0.06,100.0],[1,0,0.07,24.0],[0,1,0.51],[1,1,0.67,100.0],[1,1,0.68,2.0]]}
{"t":1776981303.909328,"e":[[1,0,0.01,466.0],[0,1,0.45],[0,1,0.46],[1,1,0.42,1755.0],[1,1,0.04,33.0]]}
{"t":1776981362.4465652,"e":[[0,1,0.88]]}
{"t":1776981363.4580271,"e":[[1,1,0.03,20.0],[1,1,0.43,41.0],[0,1,0.04]]}
{"t":1776981397.780671,"e":[[1,1,0.89,27.46]]}
{"t":1776981398.7875562,"e":[[1,1,0.88,37.0],[0,1,0.89]]}
{"t":1776981409.95163,"e":[[1,1,0.88,57.0]]}
{"t":1776981436.306339,"e":[[1,1,0.88,207.0]]}
{"t":1776981444.330705,"e":[[1,1,0.88,187.0]]}
{"t":1776981465.4796941,"e":[[1,1,0.88,207.0]]}
{"t":1776981478.600012,"e":[[1,1,0.88,187.0]]}
{"t":1776981487.687489,"e":[[1,1,0.88,37.0]]}
{"t":1776981497.798156,"e":[[1,1,0.88,57.0]]}
{"t":1776981529.057012,"e":[[1,1,0.88,37.0]]}
{"t":1776981543.167548,"e":[[1,1,0.88,57.0]]}
{"t":1776981628.893897,"e":[[1,1,0.86,31.099999999999998],[0,1,0.87],[0,1,0.88]]}
{"t":1776981630.923142,"e":[[1,1,0.86,21.8]]}
{"t":1776981632.933679,"e":[[1,1,0.69,48.0]]}
{"t":1776981634.945528,"e":[[0,1,0.69],[1,1,0.86,60.8]]}
{"t":1776981655.107027,"e":[[1,1,0.86,59.0]]}
{"t":1776981660.136875,"e":[[0,1,0.68],[1,1,0.51,3.0],[1,1,0.87,21.55]]}
{"t":1776981665.216587,"e":[[1,1,0.86,20.0],[0,1,0.87]]}
{"t":1776981674.291188,"e":[[1,1,0.86,59.0]]}
{"t":1776981679.350166,"e":[[1,1,0.01,200.0]]}
{"t":1776981680.35745,"e":[[1,0,0.02,25.0],[1,1,0.03,33.0]]}
{"t":1776981726.660196,"e":[[1,1,0.86,39.0]]}
{"t":1776981732.714164,"e":[[1,1,0.85,58.42],[0,1,0.86]]}
{"t":1776981734.741608,"e":[[1,1,0.68,48.0]]}
{"t":1776981735.7483368,"e":[[1,1,0.79,1.0]]}
{"t":1776981737.76411,"e":[[0,1,0.68],[1,1,0.8,44.0],[1,1,0.81,50.0]]}
{"t":1776981739.792298,"e":[[1,1,0.86,20.0]]}
{"t":1776981742.806258,"e":[[0,1,0.8],[1,1,0.86,58.0]]}
{"t":1776981777.146836,"e":[[1,0,0.02,75.0]]}
{"t":1776981785.242387,"e":[[0,1,0.79]]}
{"t":1776981969.998483,"e":[[1,0,0.02,25.0],[0,1,0.81]]}
{"t":1776982154.761869,"e":[[1,0,0.09,5.0]]}
{"t":1776982155.770781,"e":[[1,1,0.86,205.0]]}
{"t":1776982170.897255,"e":[[1,0,0.02,10.0],[1,1,0.03,20.0]]}
{"t":1776982172.9144242,"e":[[1,0,0.01,571.0],[1,1,0.02,180.0]]}
{"t":1776982174.9421089,"e":[[1,0,0.09,7.0],[0,0,0.08]]}
{"t":1776982175.951363,"e":[[1,1,0.86,185.0]]}
{"t":1776982188.054382,"e":[[1,1,0.86,205.0]]}
{"t":1776982215.3229508,"e":[[1,1,0.86,58.0]]}
{"t":1776982216.3378172,"e":[[1,0,0.09,2.0]]}
{"t":1776982219.363505,"e":[[1,1,0.86,38.0]]}
{"t":1776982241.563864,"e":[[1,1,0.86,58.0]]}
{"t":1776982355.561161,"e":[[1,1,0.86,38.0]]}
{"t":1776982376.7161422,"e":[[1,1,0.86,158.0]]}
{"t":1776982390.849066,"e":[[1,1,0.86,23.260000000000005]]}
{"t":1776982392.870878,"e":[[1,1,0.68,48.0]]}
{"t":1776982397.905775,"e":[[0,1,0.68]]}
{"t":1776982398.920338,"e":[[1,1,0.86,61.260000000000005],[1,1,0.87,21.55]]}
{"t":1776982403.95598,"e":[[1,1,0.86,23.260000000000005],[0,1,0.87]]}
{"t":1776982404.967453,"e":[[1,1,0.86,61.260000000000005],[1,1,0.87,21.55]]}
{"t":1776982413.022662,"e":[[1,1,0.86,23.260000000000005],[0,1,0.87]]}
{"t":1776982414.030443,"e":[[1,1,0.86,61.260000000000005],[1,1,0.87,21.55]]}
{"t":1776982416.047725,"e":[[1,0,0.01,466.0],[1,1,0.87,41.55]]}
{"t":1776982417.058075,"e":[[1,0,0.03,15.0]]}
{"t":1776982418.063474,"e":[[1,1,0.86,23.260000000000005],[1,1,0.87,19.999999999999996],[1,1,0.88,35.0]]}
{"t":1776982421.079061,"e":[[0,1,0.87]]}
{"t":1776982422.1667352,"e":[[1,1,0.88,55.0]]}
{"t":1776982436.3502212,"e":[[1,0,0.03,10.0]]}
{"t":1776982456.537279,"e":[[1,0,0.02,25.0]]}
{"t":1776982500.933933,"e":[[0,1,0.88]]}
{"t":1776982502.958957,"e":[[1,1,0.68,48.0]]}
{"t":1776982506.978946,"e":[[0,1,0.68]]}
{"t":1776982507.9936378,"e":[[1,1,0.86,61.260000000000005],[1,1,0.87,21.55]]}
{"t":1776982511.016324,"e":[[1,1,0.86,23.260000000000005],[0,1,0.87],[1,1,0.81,50.0]]}
{"t":1776982512.022181,"e":[[0,1,0.81],[1,1,0.86,61.260000000000005],[1,1,0.87,21.55]]}
{"t":1776982517.0504162,"e":[[1,1,0.86,23.260000000000005],[1,1,0.87,37.0]]}
{"t":1776982521.074065,"e":[[1,0,0.02,10.0]]}
{"t":1776982522.087112,"e":[[1,0,0.01,571.0]]}
{"t":1776982526.1141372,"e":[[1,1,0.87,57.0]]}
{"t":1776982543.263346,"e":[[1,0,0.01,466.0]]}
{"t":1776982544.2751172,"e":[[1,0,0.03,15.0]]}
{"t":1776982569.507089,"e":[[1,0,0.03,10.0]]}
{"t":1776982570.513453,"e":[[1,0,0.01,547.0],[1,1,0.81,50.0]]}
{"t":1776982596.742421,"e":[[1,0,0.01,570.0]]}
{"t":1776982622.995615,"e":[[1,0,0.01,466.0],[1,0,0.02,60.0]]}
{"t":1776982624.0060768,"e":[[1,0,0.03,16.0]]}
{"t":1776982648.2005172,"e":[[1,0,0.03,10.0]]}
{"t":1776982649.221193,"e":[[1,0,0.01,570.0]]}
{"t":1776982657.291379,"e":[[1,1,0.87,37.0]]}
{"t":1776982683.5002508,"e":[[1,1,0.87,57.0]]}
{"t":1776982730.9483259,"e":[[1,0,0.02,10.0],[0,1,0.81]]}
{"t":1776982752.177462,"e":[[1,1,0.87,37.0]]}
{"t":1776982764.2743738,"e":[[1,1,0.87,57.0]]}
{"t":1776982820.76564,"e":[[0,0,0.07],[1,1,0.87,20.0]]}
{"t":1776982823.8027031,"e":[[1,0,0.01,466.0]]}
{"t":1776982828.8487759,"e":[[0,1,0.87]]}
{"t":1776982832.901601,"e":[[1,1,0.02,100.0]]}
{"t":1776982843.973506,"e":[[1,1,0.87,20.0]]}
{"t":1776982930.4814038,"e":[[0,1,0.87]]}
{"t":1776982943.5666718,"e":[[1,1,0.87,20.0]]}
{"t":1776982995.8911512,"e":[[1,0,0.07,26.0],[1,1,0.87,57.0]]}
{"t":1776983034.2738078,"e":[[1,0,0.1,5.0]]}
{"t":1776983046.368639,"e":[[1,0,0.1,7.0],[0,0,0.09]]}
{"t":1776983051.4257998,"e":[[1,1,0.8,1.0]]}
{"t":1776983055.452964,"e":[[1,1,0.86,3.552713678800501e-15]]}
{"t":1776983158.320447,"e":[[0,1,0.8]]}
{"t":1776983163.3712692,"e":[[1,1,0.8,1.0]]}
{"t":1776983209.9350872,"e":[[0,1,0.87]]}
{"t":1776983210.946319,"e":[[1,1,0.86,36.0]]}
{"t":1776983224.059426,"e":[[1,1,0.86,217.0]]}
{"t":1776983228.104449,"e":[[1,0,0.05,1.0]]}
{"t":1776983235.179546,"e":[[1,1,0.5,17.11],[0,1,0.51],[0,1,0.67],[0,1,0.8],[0,1,0.85],[0,1,0.86]]}
{"t":1776983238.221341,"e":[[1,1,0.03,64.0],[0,1,0.43],[1,1,0.44,49.0],[1,1,0.51,36.76]]}
{"t":1776983240.244709,"e":[[0,0,0.05]]}
{"t":1776983242.25947,"e":[[0,1,0.44]]}
{"t":1776983243.271578,"e":[[1,0,0.2,1.0]]}
{"t":1776983244.28052,"e":[[0,1,0.51],[1,1,0.52,46.0]]}
{"t":1776983247.315799,"e":[[0,0,0.2],[0,1,0.52],[1,1,0.51,36.76]]}
{"t":1776983248.3272629,"e":[[0,1,0.51],[1,1,0.52,47.0]]}
{"t":1776983249.346518,"e":[[1,0,0.2,1.0],[1,1,0.53,35.37]]}
{"t":1776983252.3575418,"e":[[0,1,0.52],[0,1,0.53],[1,1,0.43,48.0],[1,1,0.51,36.76]]}
{"t":1776983257.3894882,"e":[[0,1,0.43]]}
{"t":1776983258.399422,"e":[[0,1,0.51],[1,1,0.52,46.0]]}
{"t":1776983260.4156811,"e":[[1,1,0.53,60.0]]}
{"t":1776983261.425828,"e":[[0,0,0.2],[1,0,0.21,3.0],[1,1,0.04,11.0]]}
{"t":1776983264.444575,"e":[[1,1,0.03,20.0],[0,1,0.52],[1,1,0.43,46.0],[1,1,0.54,34.72]]}
{"t":1776983265.4521542,"e":[[0,1,0.54],[1,1,0.55,45.0]]}
{"t":1776983267.46546,"e":[[1,0,0.2,1.0],[1,1,0.56,49.99999999999999]]}
{"t":1776983268.477429,"e":[[1,0,0.21,53.0],[0,0,0.07],[0,1,0.55],[0,1,0.56],[1,1,0.54,34.72]]}
{"t":1776983269.502631,"e":[[1,0,0.22,30.0],[0,1,0.54],[1,1,0.55,45.0],[1,1,0.56,33.48]]}
{"t":1776983270.515181,"e":[[0,0,0.2],[0,1,0.53]]}
{"t":1776983271.5201159,"e":[[0,1,0.56],[1,1,0.57,39.0]]}
{"t":1776983273.533773,"e":[[0,1,0.55]]}
{"t":1776983274.5406249,"e":[[1,1,0.58,44.0],[1,1,0.59,31.77]]}
{"t":1776983275.5553432,"e":[[0,1,0.57],[0,1,0.59]]}
{"t":1776983276.562475,"e":[[0,0,0.22],[1,0,0.21,3.0],[1,0,0.23,20.0],[1,0,0.07,33.0],[1,1,0.59,20.0],[1,1,0.6,31.25]]}
{"t":1776983277.5698628,"e":[[0,1,0.6],[1,1,0.61,30.0]]}
{"t":1776983278.5762198,"e":[[0,1,0.58],[1,1,0.62,92.0]]}
{"t":1776983279.58942,"e":[[1,0,0.08,10.0],[1,1,0.44,15.0]]}
{"t":1776983280.6102989,"e":[[1,0,0.21,4.0]]}
{"t":1776983281.6213381,"e":[[0,1,0.61]]}
{"t":1776983282.628226,"e":[[1,1,0.62,42.0],[1,1,0.63,27.0]]}
{"t":1776983283.640964,"e":[[1,0,0.1,2.0],[0,0,0.07],[0,1,0.62],[1,1,0.63,77.0]]}
{"t":1776983284.64989,"e":[[1,0,0.2,50.0],[1,0,0.07,32.0],[1,1,0.63,27.0],[1,1,0.61,50.0],[1,1,0.64,41.0]]}
{"t":1776983286.669794,"e":[[0,0,0.1]]}
{"t":1776983287.676629,"e":[[0,0,0.23],[0,1,0.59],[0,1,0.61],[1,1,0.64,91.0]]}
{"t":1776983288.68703,"e":[[0,1,0.63]]}
{"t":1776983289.70128,"e":[[1,0,0.13,30.0],[1,0,0.09,50.0],[1,1,0.45,50.0],[1,1,0.56,30.0]]}
{"t":1776983290.710052,"e":[[1,1,0.51,28.0]]}
{"t":1776983291.719017,"e":[[1,0,0.21,3.0],[0,0,0.07],[1,0,0.02,61.0],[1,0,0.01,489.0]]}
{"t":1776983292.735251,"e":[[1,0,0.21,32.0]]}
{"t":1776983293.7464068,"e":[[1,0,0.18,1.0]]}
{"t":1776983294.760173,"e":[[0,1,0.51]]}
{"t":1776983295.776306,"e":[[0,0,0.2],[1,1,0.64,53.0]]}
{"t":1776983299.815283,"e":[[0,0,0.18],[1,0,0.01,466.0]]}
{"t":1776983300.837282,"e":[[1,0,0.21,3.0],[1,1,0.03,54.0],[0,1,0.43],[1,1,0.64,3.0]]}
{"t":1776983301.850938,"e":[[1,0,0.18,1.0],[1,0,0.02,10.0],[0,1,0.44],[0,1,0.64],[1,1,0.57,15.0]]}
{"t":1776983302.861096,"e":[[1,0,0.1,32.0],[1,1,0.58,49.99999999999999]]}
{"t":1776983303.87395,"e":[[0,1,0.57],[0,1,0.58],[1,1,0.46,15.0]]}
