{"t": 1776975878.59487, "events": [{"op": "set", "side": "bid", "price": 0.02, "size": 100.0}, {"op": "set", "side": "bid", "price": 0.01, "size": 50.0}, {"op": "set", "side": "ask", "price": 0.61, "size": 2231.0}, {"op": "set", "side": "ask", "price": 0.62, "size": 47.0}, {"op": "set", "side": "ask", "price": 0.93, "size": 137.0}]}
{"t": 1776975880.618389, "events": [{"op": "set", "side": "bid", "price": 0.02, "size": 256.0}, {"op": "set", "side": "bid", "price": 0.01, "size": 128.0}, {"op": "set", "side": "ask", "price": 0.61, "size": 2398.0}, {"op": "set", "side": "ask", "price": 0.62, "size": 380.0}, {"op": "set", "side": "ask", "price": 0.93, "size": 637.0}]}
{"t": 1776975940.061205, "events": [{"op": "set", "side": "bid", "price": 0.02, "size": 100.0}, {"op": "set", "side": "bid", "price": 0.01, "size": 50.0}, {"op": "set", "side": "ask", "price": 0.61, "size": 2231.0}, {"op": "delete", "side": "ask", "price": 0.62}, {"op": "set", "side": "ask", "price": 0.93, "size": 137.0}, {"op": "set", "side": "ask", "price": 0.02, "size": 46.0}]}
{"t": 1776975943.110956, "events": [{"op": "set", "side": "bid", "price": 0.02, "size": 256.0}, {"op": "set", "side": "bid", "price": 0.01, "size": 128.0}, {"op": "set", "side": "ask", "price": 0.61, "size": 2398.0}, {"op": "set", "side": "ask", "price": 0.93, "size": 470.0}, {"op": "set", "side": "ask", "price": 0.95, "size": 899.05}]}
{"t": 1776975951.2976189, "events": [{"op": "set", "side": "bid", "price": 0.02, "size": 100.0}, {"op": "set", "side": "bid", "price": 0.01, "size": 50.0}, {"op": "set", "side": "ask", "price": 0.61, "size": 2231.0}, {"op": "set", "side": "ask", "price": 0.93, "size": 137.0}, {"op": "set", "side": "ask", "price": 0.95, "size": 399.04999999999995}]}
{"t": 1776975954.332581, "events": [{"op": "set", "side": "bid", "price": 0.02, "size": 256.0}, {"op": "set", "side": "bid", "price": 0.01, "size": 128.0}, {"op": "set", "side": "ask", "price": 0.61, "size": 2398.0}, {"op": "set", "side": "ask", "price": 0.93, "size": 470.0}, {"op": "set", "side": "ask", "price": 0.95, "size": 899.05}]}
{"t": 1776976044.185159, "events": [{"op": "set", "side": "bid", "price": 0.02, "size": 100.0}, {"op": "set", "side": "bid", "price": 0.01, "size": 50.0}, {"op": "set", "side": "ask", "price": 0.61, "size": 2231.0}, {"op": "set", "side": "ask", "price": 0.93, "size": 137.0}, {"op": "set", "side": "ask", "price": 0.95, "size": 399.04999999999995}]}
{"t": 1776976047.209746, "events": [{"op": "set", "side": "bid", "price": 0.02, "size": 256.0}, {"op": "set", "side": "bid", "price": 0.01, "size": 128.0}, {"op": "set", "side": "ask", "price": 0.61, "size": 2398.0}, {"op": "set", "side": "ask", "price": 0.93, "size": 470.0}, {"op": "set", "side": "ask", "price": 0.95, "size": 899.05}, {"op": "set", "side": "ask", "price": 0.62, "size": 42.0}, {"op": "delete", "side": "ask", "price": 0.02}]}
{"t": 1776976049.2295182, "events": [{"op": "set", "side": "ask", "price": 0.95, "size": 399.04999999999995}, {"op": "set", "side": "ask", "price": 0.02, "size": 14.0}]}
{"t": 1776976050.238752, "events": [{"op": "set", "side": "ask", "price": 0.62, "size": 375.0}, {"op": "set", "side": "ask", "price": 0.93, "size": 637.0}]}
{"t": 1776976058.306615, "events": [{"op": "set", "side": "bid", "price": 0.02, "size": 100.0}, {"op": "set", "side": "bid", "price": 0.01, "size": 50.0}, {"op": "set", "side": "ask", "price": 0.61, "size": 2231.0}, {"op": "set", "side": "ask", "price": 0.62, "size": 42.0}, {"op": "set", "side": "ask", "price": 0.93, "size": 137.0}]}
{"t": 1776976061.337662, "events": [{"op": "set", "side": "bid", "price": 0.02, "size": 256.0}, {"op": "set", "side": "bid", "price": 0.01, "size": 128.0}, {"op": "set", "side": "ask", "price": 0.61, "size": 2398.0}, {"op": "set", "side": "ask", "price": 0.62, "size": 375.0}, {"op": "set", "side": "ask", "price": 0.93, "size": 637.0}]}
{"t": 1776976085.548361, "events": [{"op": "set", "side": "bid", "price": 0.02, "size": 100.0}, {"op": "set", "side": "bid", "price": 0.01, "size": 50.0}, {"op": "set", "side": "ask", "price": 0.61, "size": 2231.0}, {"op": "set", "side": "ask", "price": 0.62, "size": 42.0}, {"op": "set", "side": "ask", "price": 0.93, "size": 137.0}]}
{"t": 1776976088.582797, "events": [{"op": "set", "side": "bid", "price": 0.02, "size": 256.0}, {"op": "set", "side": "bid", "price": 0.01, "size": 128.0}, {"op": "set", "side": "ask", "price": 0.61, "size": 2398.0}, {"op": "set", "side": "ask", "price": 0.62, "size": 375.0}, {"op": "set", "side": "ask", "price": 0.93, "size": 637.0}]}
{"t": 1776976095.6349592, "events": [{"op": "set", "side": "ask", "price": 0.03, "size": 59.0}, {"op": "set", "side": "ask", "price": 0.61, "size": 167.0}, {"op": "set", "side": "ask", "price": 0.62, "size": 333.0}, {"op": "set", "side": "ask", "price": 0.63, "size": 2090.0}]}
{"t": 1776976099.67869, "events": [{"op": "delete", "side": "ask", "price": 0.61}, {"op": "delete", "side": "ask", "price": 0.62}]}
{"t": 1776976100.698726, "events": [{"op": "set", "side": "ask", "price": 0.63, "size": 2257.0}, {"op": "set", "side": "ask", "price": 0.93, "size": 470.0}, {"op": "set", "side": "ask", "price": 0.95, "size": 899.05}]}
{"t": 1776976135.934583, "events": [{"op": "set", "side": "bid", "price": 0.02, "size": 100.0}, {"op": "set", "side": "bid", "price": 0.01, "size": 50.0}, {"op": "set", "side": "ask", "price": 0.63, "size": 2090.0}, {"op": "set", "side": "ask", "price": 0.93, "size": 137.0}, {"op": "set", "side": "ask", "price": 0.95, "size": 399.04999999999995}]}
{"t": 1776976139.976351, "events": [{"op": "set", "side": "bid", "price": 0.02, "size": 256.0}, {"op": "set", "side": "bid", "price": 0.01, "size": 128.0}, {"op": "set", "side": "ask", "price": 0.63, "size": 2257.0}, {"op": "set", "side": "ask", "price": 0.93, "size": 470.0}, {"op": "set", "side": "ask", "price": 0.95, "size": 899.05}]}
{"t": 1776976152.035327, "events": [{"op": "set", "side": "bid", "price": 0.02, "size": 100.0}, {"op": "set", "side": "bid", "price": 0.01, "size": 50.0}, {"op": "set", "side": "ask", "price": 0.63, "size": 2090.0}, {"op": "set", "side": "ask", "price": 0.93, "size": 137.0}, {"op": "set", "side": "ask", "price": 0.95, "size": 399.04999999999995}]}
{"t": 1776976154.063997, "events": [{"op": "set", "side": "bid", "price": 0.02, "size": 256.0}, {"op": "set", "side": "bid", "price": 0.01, "size": 128.0}, {"op": "set", "side": "ask", "price": 0.63, "size": 2257.0}, {"op": "set", "side": "ask", "price": 0.93, "size": 470.0}, {"op": "set", "side": "ask", "price": 0.95, "size": 899.05}]}
{"t": 1776976204.476952, "events": [{"op": "set", "side": "bid", "price": 0.02, "size": 100.0}, {"op": "set", "side": "bid", "price": 0.01, "size": 50.0}, {"op": "set", "side": "ask", "price": 0.63, "size": 2090.0}, {"op": "set", "side": "ask", "price": 0.93, "size": 137.0}, {"op": "set", "side": "ask", "price": 0.95, "size": 399.04999999999995}]}
{"t": 1776976208.525941, "events": [{"op": "set", "side": "bid", "price": 0.02, "size": 256.0}, {"op": "set", "side": "bid", "price": 0.01, "size": 128.0}, {"op": "set", "side": "ask", "price": 0.63, "size": 2257.0}, {"op": "set", "side": "ask", "price": 0.93, "size": 470.0}, {"op": "set", "side": "ask", "price": 0.95, "size": 899.05}]}
{"t": 1776976285.139929, "events": [{"op": "set", "side": "bid", "price": 0.02, "size": 100.0}, {"op": "set", "side": "bid", "price": 0.01, "size": 50.0}, {"op": "set", "side": "ask", "price": 0.63, "size": 2090.0}, {"op": "set", "side": "ask", "price": 0.93, "size": 137.0}, {"op": "set", "side": "ask", "price": 0.95, "size": 399.04999999999995}]}
{"t": 1776976288.1785212, "events": [{"op": "set", "side": "bid", "price": 0.02, "size": 256.0}, {"op": "set", "side": "bid", "price": 0.01, "size": 128.0}, {"op": "set", "side": "ask", "price": 0.63, "size": 2257.0}, {"op": "set", "side": "ask", "price": 0.93, "size": 470.0}, {"op": "set", "side": "ask", "price": 0.95, "size": 899.05}]}
{"t": 1776976301.276474, "events": [{"op": "set", "side": "bid", "price": 0.02, "size": 100.0}, {"op": "set", "side": "bid", "price": 0.01, "size": 50.0}, {"op": "set", "side": "ask", "price": 0.63, "size": 2090.0}, {"op": "set", "side": "ask", "price": 0.93, "size": 137.0}, {"op": "set", "side": "ask", "price": 0.95, "size": 399.04999999999995}]}
{"t": 1776976304.313708, "events": [{"op": "set", "side": "bid", "price": 0.02, "size": 256.0}, {"op": "set", "side": "bid", "price": 0.01, "size": 128.0}, {"op": "set", "side": "ask", "price": 0.63, "size": 2257.0}, {"op": "set", "side": "ask", "price": 0.93, "size": 470.0}, {"op": "set", "side": "ask", "price": 0.95, "size": 899.05}]}
{"t": 1776976340.6580539, "events": [{"op": "set", "side": "bid", "price": 0.02, "size": 100.0}, {"op": "set", "side": "bid", "price": 0.01, "size": 50.0}, {"op": "set", "side": "ask", "price": 0.63, "size": 2090.0}, {"op": "set", "side": "ask", "price": 0.93, "size": 137.0}, {"op": "set", "side": "ask", "price": 0.95, "size": 399.04999999999995}]}
{"t": 1776976343.692986, "events": [{"op": "set", "side": "bid", "price": 0.02, "size": 256.0}, {"op": "set", "side": "bid", "price": 0.01, "size": 128.0}, {"op": "set", "side": "ask", "price": 0.63, "size": 2257.0}, {"op": "set", "side": "ask", "price": 0.93, "size": 470.0}, {"op": "set", "side": "ask", "price": 0.95, "size": 899.05}]}
{"t": 1776976344.703347, "events": [{"op": "set", "side": "bid", "price": 0.02, "size": 100.0}, {"op": "set", "side": "bid", "price": 0.01, "size": 50.0}, {"op": "set", "side": "ask", "price": 0.63, "size": 2090.0}, {"op": "set", "side": "ask", "price": 0.93, "size": 137.0}, {"op": "set", "side": "ask", "price": 0.95, "size": 399.04999999999995}]}
{"t": 1776976349.756854, "events": [{"op": "set", "side": "bid", "price": 0.02, "size": 256.0}, {"op": "set", "side": "bid", "price": 0.01, "size": 128.0}, {"op": "set", "side": "ask", "price": 0.63, "size": 2257.0}, {"op": "set", "side": "ask", "price": 0.93, "size": 470.0}, {"op": "set", "side": "ask", "price": 0.95, "size": 899.05}]}
{"t": 1776976351.775647, "events": [{"op": "set", "side": "bid", "price": 0.02, "size": 100.0}, {"op": "set", "side": "bid", "price": 0.01, "size": 50.0}, {"op": "set", "side": "ask", "price": 0.63, "size": 2090.0}, {"op": "set", "side": "ask", "price": 0.93, "size": 137.0}, {"op": "set", "side": "ask", "price": 0.95, "size": 399.04999999999995}]}
{"t": 1776976357.858582, "events": [{"op": "set", "side": "bid", "price": 0.02, "size": 256.0}, {"op": "set", "side": "bid", "price": 0.01, "size": 128.0}, {"op": "set", "side": "ask", "price": 0.63, "size": 2257.0}, {"op": "set", "side": "ask", "price": 0.93, "size": 470.0}, {"op": "set", "side": "ask", "price": 0.95, "size": 899.05}]}
{"t": 1776976371.985274, "events": [{"op": "delete", "side": "ask", "price": 0.05}]}
{"t": 1776976425.340163, "events": [{"op": "set", "side": "bid", "price": 0.02, "size": 100.0}, {"op": "set", "side": "bid", "price": 0.01, "size": 50.0}, {"op": "set", "side": "ask", "price": 0.63, "size": 2090.0}, {"op": "set", "side": "ask", "price": 0.93, "size": 137.0}, {"op": "set", "side": "ask", "price": 0.95, "size": 399.04999999999995}]}
{"t": 1776976428.364198, "events": [{"op": "set", "side": "bid", "price": 0.02, "size": 256.0}, {"op": "set", "side": "bid", "price": 0.01, "size": 128.0}, {"op": "set", "side": "ask", "price": 0.63, "size": 2257.0}, {"op": "set", "side": "ask", "price": 0.93, "size": 470.0}, {"op": "set", "side": "ask", "price": 0.95, "size": 899.05}]}
{"t": 1776976465.66493, "events": [{"op": "set", "side": "bid", "price": 0.02, "size": 100.0}, {"op": "set", "side": "bid", "price": 0.01, "size": 50.0}, {"op": "set", "side": "ask", "price": 0.63, "size": 2090.0}, {"op": "set", "side": "ask", "price": 0.93, "size": 137.0}, {"op": "set", "side": "ask", "price": 0.95, "size": 399.04999999999995}]}
{"t": 1776976467.6886039, "events": [{"op": "set", "side": "bid", "price": 0.02, "size": 256.0}, {"op": "set", "side": "bid", "price": 0.01, "size": 128.0}, {"op": "set", "side": "ask", "price": 0.63, "size": 2257.0}, {"op": "set", "side": "ask", "price": 0.93, "size": 470.0}, {"op": "set", "side": "ask", "price": 0.95, "size": 899.05}]}
{"t": 1776976477.761339, "events": [{"op": "set", "side": "bid", "price": 0.02, "size": 100.0}, {"op": "set", "side": "bid", "price": 0.01, "size": 50.0}, {"op": "set", "side": "ask", "price": 0.63, "size": 2090.0}, {"op": "set", "side": "ask", "price": 0.93, "size": 137.0}, {"op": "set", "side": "ask", "price": 0.95, "size": 399.04999999999995}]}
{"t": 1776976481.809105, "events": [{"op": "set", "side": "bid", "price": 0.02, "size": 256.0}, {"op": "set", "side": "bid", "price": 0.01, "size": 128.0}, {"op": "set", "side": "ask", "price": 0.63, "size": 2257.0}, {"op": "set", "side": "ask", "price": 0.93, "size": 470.0}, {"op": "set", "side": "ask", "price": 0.95, "size": 899.05}]}
{"t": 1776976536.203557, "events": [{"op": "set", "side": "bid", "price": 0.02, "size": 100.0}, {"op": "set", "side": "bid", "price": 0.01, "size": 50.0}, {"op": "set", "side": "ask", "price": 0.63, "size": 2090.0}, {"op": "set", "side": "ask", "price": 0.93, "size": 137.0}, {"op": "set", "side": "ask", "price": 0.95, "size": 399.04999999999995}]}
{"t": 1776976538.221212, "events": [{"op": "set", "side": "bid", "price": 0.02, "size": 256.0}, {"op": "set", "side": "bid", "price": 0.01, "size": 128.0}, {"op": "set", "side": "ask", "price": 0.63, "size": 2257.0}, {"op": "set", "side": "ask", "price": 0.93, "size": 470.0}, {"op": "set", "side": "ask", "price": 0.95, "size": 899.05}]}
{"t": 1776976569.49947, "events": [{"op": "set", "side": "bid", "price": 0.02, "size": 100.0}, {"op": "set", "side": "bid", "price": 0.01, "size": 50.0}, {"op": "set", "side": "ask", "price": 0.63, "size": 2090.0}, {"op": "set", "side": "ask", "price": 0.93, "size": 137.0}, {"op": "set", "side": "ask", "price": 0.95, "size": 399.04999999999995}]}
{"t": 1776976571.5276349, "events": [{"op": "set", "side": "bid", "price": 0.02, "size": 256.0}, {"op": "set", "side": "bid", "price": 0.01, "size": 128.0}, {"op": "set", "side": "ask", "price": 0.63, "size": 2257.0}, {"op": "set", "side": "ask", "price": 0.93, "size": 470.0}, {"op": "set", "side": "ask", "price": 0.95, "size": 899.05}]}
{"t": 1776976627.946018, "events": [{"op": "set", "side": "bid", "price": 0.02, "size": 100.0}, {"op": "set", "side": "bid", "price": 0.01, "size": 50.0}, {"op": "set", "side": "ask", "price": 0.63, "size": 2090.0}, {"op": "set", "side": "ask", "price": 0.93, "size": 137.0}, {"op": "set", "side": "ask", "price": 0.95, "size": 399.04999999999995}]}
{"t": 1776976631.9891021, "events": [{"op": "set", "side": "bid", "price": 0.02, "size": 256.0}, {"op": "set", "side": "bid", "price": 0.01, "size": 128.0}, {"op": "set", "side": "ask", "price": 0.63, "size": 2257.0}, {"op": "set", "side": "ask", "price": 0.93, "size": 470.0}, {"op": "set", "side": "ask", "price": 0.95, "size": 899.05}]}
{"t": 1776976694.6291242, "events": [{"op": "set", "side": "bid", "price": 0.02, "size": 100.0}, {"op": "set", "side": "bid", "price": 0.01, "size": 50.0}, {"op": "set", "side": "ask", "price": 0.63, "size": 2090.0}, {"op": "set", "side": "ask", "price": 0.93, "size": 137.0}, {"op": "set", "side": "ask", "price": 0.95, "size": 399.04999999999995}]}
{"t": 1776976699.857614, "events": [{"op": "set", "side": "bid", "price": 0.02, "size": 256.0}, {"op": "set", "side": "bid", "price": 0.01, "size": 128.0}, {"op": "set", "side": "ask", "price": 0.63, "size": 2257.0}, {"op": "set", "side": "ask", "price": 0.93, "size": 470.0}, {"op": "set", "side": "ask", "price": 0.95, "size": 899.05}]}
{"t": 1776976728.131846, "events": [{"op": "set", "side": "ask", "price": 0.97, "size": 22.0}]}
{"t": 1776976798.966105, "events": [{"op": "set", "side": "bid", "price": 0.02, "size": 100.0}, {"op": "set", "side": "bid", "price": 0.01, "size": 50.0}, {"op": "set", "side": "ask", "price": 0.63, "size": 2090.0}, {"op": "set", "side": "ask", "price": 0.93, "size": 137.0}, {"op": "set", "side": "ask", "price": 0.95, "size": 399.04999999999995}]}
{"t": 1776976803.02252, "events": [{"op": "set", "side": "bid", "price": 0.02, "size": 256.0}, {"op": "set", "side": "bid", "price": 0.01, "size": 128.0}, {"op": "set", "side": "ask", "price": 0.63, "size": 2257.0}, {"op": "set", "side": "ask", "price": 0.93, "size": 470.0}, {"op": "set", "side": "ask", "price": 0.95, "size": 899.05}]}
{"t": 1776976823.281095, "events": [{"op": "set", "side": "bid", "price": 0.02, "size": 100.0}, {"op": "set", "side": "bid", "price": 0.01, "size": 50.0}, {"op": "set", "side": "ask", "price": 0.63, "size": 2090.0}, {"op": "set", "side": "ask", "price": 0.93, "size": 137.0}, {"op": "set", "side": "ask", "price": 0.95, "size": 399.04999999999995}]}
{"t": 1776976826.322222, "events": [{"op": "set", "side": "bid", "price": 0.02, "size": 256.0}, {"op": "set", "side": "bid", "price": 0.01, "size": 128.0}, {"op": "set", "side": "ask", "price": 0.63, "size": 2257.0}, {"op": "set", "side": "ask", "price": 0.93, "size": 470.0}, {"op": "set", "side": "ask", "price": 0.95, "size": 899.05}]}
{"t": 1776976847.510041, "events": [{"op": "set", "side": "ask", "price": 0.97, "size": 106.0}]}
{"t": 1776976873.730138, "events": [{"op": "set", "side": "bid", "price": 0.02, "size": 100.0}, {"op": "set", "side": "bid", "price": 0.01, "size": 50.0}, {"op": "set", "side": "ask", "price": 0.63, "size": 2090.0}, {"op": "set", "side": "ask", "price": 0.93, "size": 137.0}, {"op": "set", "side": "ask", "price": 0.95, "size": 399.04999999999995}]}
{"t": 1776976876.771445, "events": [{"op": "set", "side": "bid", "price": 0.02, "size": 256.0}, {"op": "set", "side": "bid", "price": 0.01, "size": 128.0}, {"op": "set", "side": "ask", "price": 0.63, "size": 2257.0}, {"op": "set", "side": "ask", "price": 0.93, "size": 470.0}, {"op": "set", "side": "ask", "price": 0.95, "size": 899.05}]}
{"t": 1776977013.4125519, "events": [{"op": "set", "side": "ask", "price": 0.95, "size": 983.05}, {"op": "delete", "side": "ask", "price": 0.97}]}
{"t": 1776977027.54447, "events": [{"op": "set", "side": "bid", "price": 0.02, "size": 100.0}, {"op": "set", "side": "bid", "price": 0.01, "size": 50.0}, {"op": "set", "side": "ask", "price": 0.63, "size": 2090.0}, {"op": "set", "side": "ask", "price": 0.93, "size": 137.0}, {"op": "set", "side": "ask", "price": 0.95, "size": 483.04999999999995}]}
{"t": 1776977031.587998, "events": [{"op": "set", "side": "bid", "price": 0.02, "size": 256.0}, {"op": "set", "side": "bid", "price": 0.01, "size": 128.0}, {"op": "set", "side": "ask", "price": 0.63, "size": 2257.0}, {"op": "set", "side": "ask", "price": 0.93, "size": 470.0}, {"op": "set", "side": "ask", "price": 0.95, "size": 983.05}]}
{"t": 1776977130.577865, "events": [{"op": "set", "side": "bid", "price": 0.02, "size": 100.0}, {"op": "set", "side": "bid", "price": 0.01, "size": 50.0}, {"op": "set", "side": "ask", "price": 0.63, "size": 2090.0}, {"op": "set", "side": "ask", "price": 0.93, "size": 137.0}, {"op": "set", "side": "ask", "price": 0.95, "size": 483.04999999999995}]}
{"t": 1776977177.011698, "events": [{"op": "set", "side": "ask", "price": 0.01, "size": 370.0}]}
{"t": 1776977230.473998, "events": [{"op": "set", "side": "ask", "price": 0.97, "size": 3.0}]}
{"t":1776978858.741338,"e":[[1,0,0.02,256.0],[1,0,0.01,128.0],[1,1,0.63,2215.0],[1,1,0.93,387.0],[1,1,0.95,858.05]]}
{"t":1776978869.856717,"e":[[1,0,0.02,100.0],[1,0,0.01,50.0],[1,1,0.63,2090.0],[1,1,0.93,137.0],[1,1,0.95,483.04999999999995]]}
{"t":1776978871.882528,"e":[[1,0,0.02,256.0],[1,0,0.01,128.0],[1,1,0.63,2215.0],[1,1,0.93,387.0],[1,1,0.95,858.05]]}
{"t":1776978909.223537,"e":[[1,0,0.02,100.0],[1,0,0.01,50.0],[1,1,0.63,2090.0],[1,1,0.93,137.0],[1,1,0.95,483.04999999999995]]}
{"t":1776978913.274387,"e":[[1,0,0.02,256.0],[1,0,0.01,128.0],[1,1,0.63,2215.0],[1,1,0.93,387.0],[1,1,0.95,858.05]]}
{"t":1776978979.146398,"e":[[1,0,0.02,100.0],[1,0,0.01,50.0],[1,1,0.63,2090.0],[1,1,0.93,137.0],[1,1,0.95,483.04999999999995]]}
{"t":1776978982.174557,"e":[[1,0,0.02,256.0],[1,0,0.01,128.0],[1,1,0.63,2215.0],[1,1,0.93,387.0],[1,1,0.95,858.05]]}
{"t":1776979006.375099,"e":[[1,0,0.02,100.0],[1,0,0.01,50.0],[1,1,0.63,2090.0],[1,1,0.93,137.0],[1,1,0.95,483.04999999999995]]}
{"t":1776979010.423535,"e":[[1,0,0.02,256.0],[1,0,0.01,128.0],[1,1,0.63,2215.0],[1,1,0.93,387.0],[1,1,0.95,858.05]]}
{"t":1776979021.503144,"e":[[1,0,0.02,100.0],[1,0,0.01,50.0],[1,1,0.63,2090.0],[1,1,0.93,137.0],[1,1,0.95,483.04999999999995]]}
{"t":1776979024.5338361,"e":[[1,0,0.02,256.0],[1,0,0.01,128.0],[1,1,0.63,2215.0],[1,1,0.93,387.0],[1,1,0.95,858.05]]}
{"t":1776979081.134896,"e":[[1,0,0.02,100.0],[1,0,0.01,50.0],[1,1,0.63,2090.0],[1,1,0.93,137.0],[1,1,0.95,483.04999999999995]]}
{"t":1776979085.186368,"e":[[1,0,0.02,256.0],[1,0,0.01,128.0],[1,1,0.63,2215.0],[1,1,0.93,387.0],[1,1,0.95,858.05]]}
{"t":1776979102.3232388,"e":[[1,0,0.02,100.0],[1,0,0.01,50.0],[1,1,0.63,2090.0],[1,1,0.93,137.0],[1,1,0.95,483.04999999999995]]}
{"t":1776979106.3717089,"e":[[1,0,0.02,256.0],[1,0,0.01,128.0],[1,1,0.63,2215.0],[1,1,0.93,387.0],[1,1,0.95,858.05]]}
{"t":1776979111.404879,"e":[[1,0,0.02,100.0],[1,0,0.01,50.0],[1,1,0.63,2090.0],[1,1,0.93,137.0],[1,1,0.95,483.04999999999995]]}
{"t":1776979114.437589,"e":[[1,0,0.02,256.0],[1,0,0.01,128.0],[1,1,0.63,2215.0],[1,1,0.93,387.0],[1,1,0.95,858.05]]}
{"t":1776979130.556236,"e":[[1,0,0.02,100.0],[1,0,0.01,50.0],[1,1,0.63,2090.0],[1,1,0.93,137.0],[1,1,0.95,483.04999999999995]]}
{"t":1776979133.575329,"e":[[1,0,0.02,256.0],[1,0,0.01,128.0],[1,1,0.63,2215.0],[1,1,0.93,387.0],[1,1,0.95,858.05]]}
{"t":1776979135.5978959,"e":[[1,0,0.02,100.0],[1,0,0.01,50.0],[1,1,0.63,2090.0],[1,1,0.93,137.0],[1,1,0.95,483.04999999999995]]}
{"t":1776979139.636075,"e":[[1,0,0.02,256.0],[1,0,0.01,128.0],[1,1,0.63,2215.0],[1,1,0.93,387.0],[1,1,0.95,858.05]]}
{"t":1776979162.765724,"e":[[1,0,0.02,100.0],[1,0,0.01,50.0],[1,1,0.63,2090.0],[1,1,0.93,137.0],[1,1,0.95,483.04999999999995]]}
{"t":1776979165.8170938,"e":[[1,0,0.02,256.0],[1,0,0.01,128.0],[1,1,0.63,2215.0],[1,1,0.93,387.0],[1,1,0.95,858.05]]}
{"t":1776979208.261129,"e":[[1,0,0.02,100.0],[1,0,0.01,50.0],[1,1,0.63,2090.0],[1,1,0.93,137.0],[1,1,0.95,483.04999999999995]]}
{"t":1776979210.3045912,"e":[[1,0,0.02,256.0],[1,0,0.01,128.0],[1,1,0.63,2215.0],[1,1,0.93,387.0],[1,1,0.95,858.05]]}
{"t":1776979250.753281,"e":[[1,0,0.02,100.0],[1,0,0.01,50.0],[1,1,0.63,2090.0],[1,1,0.93,137.0],[1,1,0.95,483.04999999999995]]}
{"t":1776979251.799284,"e":[[1,0,0.02,499.0],[1,0,0.01,249.0],[1,1,0.63,2215.0],[1,1,0.93,387.0],[1,1,0.95,858.05]]}
{"t":1776979256.887512,"e":[[1,0,0.02,367.0],[1,0,0.01,183.0]]}
{"t":1776979260.946314,"e":[[1,0,0.02,279.0],[1,0,0.01,139.0]]}
{"t":1776979263.983315,"e":[[1,0,0.02,256.0],[1,0,0.01,128.0]]}
{"t":1776979286.150522,"e":[[1,0,0.02,100.0],[1,0,0.01,50.0],[1,1,0.63,2090.0],[1,1,0.93,137.0],[1,1,0.95,483.04999999999995]]}
{"t":1776979289.188255,"e":[[1,0,0.02,256.0],[1,0,0.01,128.0],[1,1,0.63,2215.0],[1,1,0.93,387.0],[1,1,0.95,858.05]]}
{"t":1776979322.47595,"e":[[1,0,0.02,100.0],[1,0,0.01,50.0],[1,1,0.63,2090.0],[1,1,0.93,137.0],[1,1,0.95,483.04999999999995]]}
{"t":1776979327.535894,"e":[[1,0,0.02,256.0],[1,0,0.01,128.0],[1,1,0.63,2215.0],[1,1,0.93,387.0],[1,1,0.95,858.05]]}
{"t":1776979357.799739,"e":[[1,0,0.02,100.0],[1,0,0.01,50.0],[1,1,0.63,2090.0],[1,1,0.93,137.0],[1,1,0.95,483.04999999999995]]}
{"t":1776979358.815964,"e":[[1,0,0.02,256.0],[1,0,0.01,128.0],[1,1,0.63,2215.0],[1,1,0.93,387.0],[1,1,0.95,858.05]]}
{"t":1776979373.992595,"e":[[1,0,0.02,100.0],[1,0,0.01,50.0],[1,1,0.63,2090.0],[1,1,0.93,137.0],[1,1,0.95,483.04999999999995]]}
{"t":1776979378.053979,"e":[[1,0,0.02,256.0],[1,0,0.01,128.0],[1,1,0.63,2215.0],[1,1,0.93,387.0],[1,1,0.95,858.05]]}
{"t":1776979393.279681,"e":[[1,0,0.02,100.0],[1,0,0.01,50.0],[1,1,0.63,2090.0],[1,1,0.93,137.0],[1,1,0.95,483.04999999999995]]}
{"t":1776979396.311556,"e":[[1,0,0.02,256.0],[1,0,0.01,128.0],[1,1,0.63,2215.0],[1,1,0.93,387.0],[1,1,0.95,858.05]]}
{"t":1776979404.426751,"e":[[1,0,0.02,100.0],[1,0,0.01,50.0],[1,1,0.63,2090.0],[1,1,0.93,137.0],[1,1,0.95,483.04999999999995]]}
{"t":1776979408.486134,"e":[[1,0,0.02,256.0],[1,0,0.01,128.0],[1,1,0.63,2215.0],[1,1,0.93,387.0],[1,1,0.95,858.05]]}
{"t":1776979421.670975,"e":[[1,0,0.02,100.0],[1,0,0.01,50.0],[1,1,0.63,2090.0],[1,1,0.93,137.0],[1,1,0.95,483.04999999999995]]}
{"t":1776979425.853899,"e":[[1,0,0.02,256.0],[1,0,0.01,128.0],[1,1,0.63,2215.0],[1,1,0.93,387.0],[1,1,0.95,858.05]]}
{"t":1776979440.0022578,"e":[[1,0,0.02,100.0],[1,0,0.01,50.0],[1,1,0.63,2090.0],[1,1,0.93,137.0],[1,1,0.95,483.04999999999995]]}
{"t":1776979444.0454779,"e":[[1,0,0.02,256.0],[1,0,0.01,128.0],[1,1,0.63,2215.0],[1,1,0.93,387.0],[1,1,0.95,858.05]]}
{"t":1776979499.5889611,"e":[[1,0,0.02,100.0],[1,0,0.01,50.0],[1,1,0.63,2090.0],[1,1,0.93,137.0],[1,1,0.95,483.04999999999995]]}
{"t":1776979502.631507,"e":[[1,0,0.02,256.0],[1,0,0.01,128.0],[1,1,0.63,2215.0],[1,1,0.93,387.0],[1,1,0.95,858.05]]}
{"t":1776979636.021319,"e":[[1,0,0.02,100.0],[1,0,0.01,50.0],[1,1,0.63,2090.0],[1,1,0.93,137.0],[1,1,0.95,483.04999999999995]]}
{"t":1776979637.049831,"e":[[1,0,0.02,256.0],[1,0,0.01,128.0],[1,1,0.63,2215.0],[1,1,0.93,387.0],[1,1,0.95,858.05]]}
{"t":1776979641.110275,"e":[[1,0,0.02,100.0],[1,0,0.01,50.0],[1,1,0.63,2090.0],[1,1,0.93,137.0],[1,1,0.95,483.04999999999995]]}
{"t":1776979645.163307,"e":[[1,0,0.02,256.0],[1,0,0.01,128.0],[1,1,0.63,2215.0],[1,1,0.93,387.0],[1,1,0.95,858.05]]}
{"t":1776979673.505915,"e":[[1,0,0.02,100.0],[1,0,0.01,50.0],[1,1,0.63,2090.0],[1,1,0.93,137.0],[1,1,0.95,483.04999999999995]]}
{"t":1776979678.581398,"e":[[1,0,0.02,256.0],[1,0,0.01,128.0],[1,1,0.63,2215.0],[1,1,0.93,387.0],[1,1,0.95,858.05]]}
{"t":1776979714.936487,"e":[[1,0,0.02,100.0],[1,0,0.01,50.0],[1,1,0.63,2090.0],[1,1,0.93,137.0],[1,1,0.95,483.04999999999995]]}
{"t":1776979717.9742022,"e":[[1,0,0.02,256.0],[1,0,0.01,128.0],[1,1,0.63,2215.0],[1,1,0.93,387.0],[1,1,0.95,858.05]]}
{"t":1776979736.216362,"e":[[1,0,0.02,100.0],[1,0,0.01,50.0],[1,1,0.63,2090.0],[1,1,0.93,137.0],[1,1,0.95,483.04999999999995]]}
{"t":1776979738.25713,"e":[[1,0,0.02,256.0],[1,0,0.01,128.0],[1,1,0.63,2215.0],[1,1,0.93,387.0],[1,1,0.95,858.05]]}
{"t":1776979820.0560918,"e":[[1,0,0.02,100.0],[1,0,0.01,50.0],[1,1,0.63,2090.0],[1,1,0.93,137.0],[1,1,0.95,483.04999999999995]]}
{"t":1776979825.122005,"e":[[1,0,0.02,256.0],[1,0,0.01,128.0],[1,1,0.63,2215.0],[1,1,0.93,387.0],[1,1,0.95,858.05]]}
{"t":1776979832.244597,"e":[[1,0,0.02,100.0],[1,0,0.01,50.0],[1,1,0.63,2090.0],[1,1,0.93,137.0],[1,1,0.95,483.04999999999995]]}
{"t":1776979835.291805,"e":[[1,0,0.02,256.0],[1,0,0.01,128.0],[1,1,0.63,2215.0],[1,1,0.93,387.0],[1,1,0.95,858.05]]}
{"t":1776979866.614618,"e":[[1,0,0.02,100.0],[1,0,0.01,50.0],[1,1,0.63,2090.0],[1,1,0.93,137.0],[1,1,0.95,483.04999999999995]]}
{"t":1776979871.663184,"e":[[1,0,0.02,256.0],[1,0,0.01,128.0],[1,1,0.63,2215.0],[1,1,0.93,387.0],[1,1,0.95,858.05]]}
{"t":1776979948.596159,"e":[[1,0,0.02,100.0],[1,0,0.01,50.0],[1,1,0.63,2090.0],[1,1,0.93,137.0],[1,1,0.95,483.04999999999995]]}
{"t":1776979951.6405408,"e":[[1,0,0.02,256.0],[1,0,0.01,128.0],[1,1,0.63,2215.0],[1,1,0.93,387.0],[1,1,0.95,858.05]]}
{"t":1776980002.208147,"e":[[1,0,0.02,100.0],[1,0,0.01,50.0],[1,1,0.63,2090.0],[1,1,0.93,137.0],[1,1,0.95,483.04999999999995]]}
{"t":1776980006.266819,"e":[[1,0,0.02,256.0],[1,0,0.01,128.0],[1,1,0.63,2215.0],[1,1,0.93,387.0],[1,1,0.95,858.05]]}
{"t":1776980031.561755,"e":[[1,0,0.02,100.0],[1,0,0.01,50.0],[1,1,0.63,2090.0],[1,1,0.93,137.0],[1,1,0.95,483.04999999999995]]}
{"t":1776980034.6140401,"e":[[1,0,0.02,256.0],[1,0,0.01,128.0],[1,1,0.63,2215.0],[1,1,0.93,387.0],[1,1,0.95,858.05]]}
{"t":1776980096.437967,"e":[[1,1,0.01,250.0],[1,1,0.02,27.0]]}
{"t":1776980125.7410848,"e":[[1,1,0.03,72.0],[1,1,0.02,14.0]]}
{"t":1776980170.0221329,"e":[[1,1,0.03,59.0]]}
{"t":1776980171.033397,"e":[[1,1,0.04,13.0]]}
{"t":1776980195.22635,"e":[[1,1,0.05,13.0],[0,1,0.04]]}
{"t":1776980216.500921,"e":[[1,0,0.02,100.0],[1,0,0.01,50.0],[1,1,0.63,2090.0],[1,1,0.93,137.0],[1,1,0.95,483.04999999999995]]}
{"t":1776980219.55273,"e":[[0,1,0.05]]}
{"t":1776980220.563881,"e":[[1,0,0.02,256.0],[1,0,0.01,128.0],[1,1,0.63,2215.0],[1,1,0.93,387.0],[1,1,0.95,858.05],[1,1,0.06,13.0]]}
{"t":1776980238.7372139,"e":[[1,1,0.95,483.04999999999995]]}
{"t":1776980239.753128,"e":[[1,1,0.63,2340.0],[1,1,0.93,637.0]]}
{"t":1776980243.817766,"e":[[0,1,0.06]]}
{"t":1776980244.828012,"e":[[1,1,0.07,13.0]]}
{"t":1776980269.111677,"e":[[0,1,0.07]]}
{"t":1776980270.1263099,"e":[[1,1,0.08,13.0]]}
{"t":1776980295.397852,"e":[[0,1,0.08]]}
{"t":1776980296.413557,"e":[[1,1,0.09,13.0]]}
{"t":1776980339.870958,"e":[[1,0,0.02,100.0],[1,0,0.01,50.0],[1,1,0.63,2090.0],[1,1,0.93,137.0]]}
{"t":1776980347.9774709,"e":[[1,0,0.02,256.0],[1,0,0.01,128.0],[1,1,0.63,2340.0],[1,1,0.93,637.0]]}
{"t":1776980359.084876,"e":[[1,0,0.02,100.0],[1,0,0.01,50.0],[1,1,0.63,2090.0],[1,1,0.93,137.0]]}
{"t":1776980363.136044,"e":[[1,0,0.02,256.0],[1,0,0.01,128.0],[1,1,0.63,2340.0],[1,1,0.93,637.0]]}
{"t":1776980367.178379,"e":[[0,1,0.09]]}
{"t":1776980368.191754,"e":[[1,1,0.11,22.0]]}
{"t":1776980369.208498,"e":[[1,1,0.63,2215.0],[1,1,0.93,387.0],[1,1,0.95,858.05]]}
{"t":1776980370.2208798,"e":[[1,1,0.95,483.04999999999995]]}
{"t":1776980371.226215,"e":[[1,1,0.63,2340.0],[1,1,0.93,637.0]]}
{"t":1776980391.504512,"e":[[0,1,0.11]]}
{"t":1776980392.512258,"e":[[1,1,0.12,22.0]]}
{"t":1776980415.686789,"e":[[0,1,0.12]]}
{"t":1776980416.695222,"e":[[1,1,0.63,2215.0],[1,1,0.93,387.0],[1,1,0.14,24.0]]}
{"t":1776980417.713616,"e":[[1,1,0.95,858.05]]}
{"t":1776980423.770659,"e":[[1,1,0.63,2340.0],[1,1,0.93,637.0],[1,1,0.95,483.04999999999995]]}
{"t":1776980428.823528,"e":[[1,0,0.02,100.0],[1,0,0.01,50.0],[1,1,0.63,2090.0],[1,1,0.93,137.0]]}
{"t":1776980431.865155,"e":[[1,0,0.02,256.0],[1,0,0.01,128.0],[1,1,0.63,2340.0],[1,1,0.93,637.0]]}
{"t":1776980437.948652,"e":[[0,1,0.14]]}
{"t":1776980438.9541829,"e":[[1,0,0.02,100.0],[1,0,0.01,50.0],[1,1,0.63,2090.0],[1,1,0.93,137.0],[1,1,0.15,24.0]]}
{"t":1776980441.991785,"e":[[1,0,0.02,256.0],[1,0,0.01,128.0],[1,1,0.63,2340.0],[1,1,0.93,637.0]]}
{"t":1776980462.264032,"e":[[0,1,0.15]]}
{"t":1776980463.268712,"e":[[1,1,0.16,13.0]]}
{"t":1776980483.5224488,"e":[[0,1,0.16]]}
{"t":1776980484.531339,"e":[[1,1,0.18,20.0]]}
{"t":1776980488.560389,"e":[[1,0,0.02,100.0],[1,0,0.01,50.0],[1,1,0.63,2090.0],[1,1,0.93,137.0]]}
{"t":1776980490.596148,"e":[[1,0,0.02,256.0],[1,0,0.01,128.0],[1,1,0.63,2340.0],[1,1,0.93,637.0]]}
{"t":1776980505.8251321,"e":[[0,1,0.18]]}
{"t":1776980506.843083,"e":[[1,1,0.19,20.0]]}
{"t":1776980524.08113,"e":[[1,0,0.02,100.0],[1,0,0.01,50.0],[1,1,0.63,2090.0],[1,1,0.93,137.0]]}
{"t":1776980525.100575,"e":[[0,1,0.19]]}
{"t":1776980526.116436,"e":[[1,0,0.02,499.0],[1,0,0.01,249.0],[1,1,0.63,2340.0],[1,1,0.93,637.0],[1,1,0.2,13.0]]}
{"t":1776980528.159174,"e":[[1,0,0.02,367.0],[1,0,0.01,183.0]]}
{"t":1776980544.317148,"e":[[0,1,0.2]]}
{"t":1776980545.3351848,"e":[[1,1,0.22,26.0]]}
{"t":1776980548.364038,"e":[[1,0,0.02,279.0],[1,0,0.01,139.0]]}
{"t":1776980552.417959,"e":[[1,0,0.02,256.0],[1,0,0.01,128.0]]}
{"t":1776980562.5381172,"e":[[1,0,0.02,100.0],[1,0,0.01,50.0],[1,1,0.63,2090.0],[1,1,0.93,137.0]]}
{"t":1776980563.569702,"e":[[0,1,0.22]]}
{"t":1776980564.583748,"e":[[1,1,0.23,26.0]]}
{"t":1776980566.604689,"e":[[1,0,0.02,256.0],[1,0,0.01,128.0],[1,1,0.63,2340.0],[1,1,0.93,637.0]]}
{"t":1776980577.735656,"e":[[1,0,0.02,100.0],[1,0,0.01,50.0],[1,1,0.63,2090.0],[1,1,0.93,137.0]]}
{"t":1776980578.763276,"e":[[1,0,0.02,256.0],[1,0,0.01,128.0],[1,1,0.63,2340.0],[1,1,0.93,637.0]]}
{"t":1776980589.9223082,"e":[[1,0,0.02,100.0],[1,0,0.01,50.0],[1,1,0.63,2090.0],[1,1,0.93,137.0]]}
{"t":1776980591.962518,"e":[[1,0,0.02,256.0],[1,0,0.01,128.0],[1,1,0.63,2340.0],[1,1,0.93,637.0]]}
{"t":1776980637.456342,"e":[[0,1,0.23]]}
{"t":1776980638.470675,"e":[[1,1,0.25,12.0]]}
{"t":1776980667.750463,"e":[[0,1,0.25],[1,1,0.63,2215.0],[1,1,0.93,387.0]]}
{"t":1776980668.76646,"e":[[1,1,0.95,858.05],[1,1,0.26,25.0]]}
{"t":1776980673.81322,"e":[[1,1,0.63,2340.0],[1,1,0.93,637.0],[1,1,0.95,483.04999999999995]]}
{"t":1776980683.914494,"e":[[0,1,0.26]]}
{"t":1776980684.930916,"e":[[1,1,0.63,2215.0],[1,1,0.93,387.0],[1,1,0.95,858.05],[1,1,0.28,32.0]]}
{"t":1776980685.9446669,"e":[[1,1,0.63,2340.0],[1,1,0.93,637.0],[1,1,0.95,483.04999999999995]]}
{"t":1776980750.5608,"e":[[0,1,0.28]]}
{"t":1776980751.573812,"e":[[1,1,0.3,36.0]]}
{"t":1776980758.610584,"e":[[1,0,0.02,100.0],[1,0,0.01,50.0],[1,1,0.63,2090.0],[1,1,0.93,137.0]]}
{"t":1776980762.6692328,"e":[[1,0,0.02,256.0],[1,0,0.01,128.0],[1,1,0.63,2340.0],[1,1,0.93,637.0]]}
{"t":1776980832.348234,"e":[[0,1,0.3]]}
{"t":1776980833.3604538,"e":[[1,1,0.32,27.0]]}
{"t":1776980837.3920052,"e":[[1,1,0.95,391.16999999999996],[0,1,0.97]]}
{"t":1776980841.4197068,"e":[[1,0,0.02,205.0],[1,0,0.01,102.0]]}
{"t":1776980842.4296498,"e":[[1,0,0.02,100.0],[1,0,0.01,50.0],[1,1,0.63,2090.0],[1,1,0.93,137.0]]}
{"t":1776980845.4702349,"e":[[1,0,0.02,181.0],[1,0,0.01,91.0],[1,1,0.63,2340.0],[1,1,0.93,637.0]]}
{"t":1776980847.5001972,"e":[[0,1,0.32]]}
{"t":1776980848.5182788,"e":[[1,1,0.33,27.0]]}
{"t":1776980856.6019788,"e":[[1,0,0.02,155.0],[1,0,0.01,77.0]]}
{"t":1776980858.638418,"e":[[1,1,0.03,20.0],[1,1,0.93,137.0],[1,1,0.64,54.0],[0,1,0.02]]}
{"t":1776980859.6539679,"e":[[1,0,0.02,166.0],[1,0,0.01,83.0],[1,1,0.64,554.0]]}
{"t":1776980883.9233449,"e":[[0,1,0.33],[1,1,0.64,503.0],[1,1,0.65,48.0]]}
{"t":1776980884.928989,"e":[[1,1,0.35,11.0]]}
{"t":1776980887.9630148,"e":[[1,1,0.63,250.0],[1,1,0.51,2563.0]]}
{"t":1776980890.984294,"e":[[1,1,0.35,95.0],[0,1,0.63],[1,1,0.64,170.0],[1,1,0.65,299.0]]}
{"t":1776980900.046849,"e":[[1,0,0.02,169.0],[1,0,0.01,84.0],[1,1,0.35,39.0],[1,1,0.64,59.0],[1,1,0.65,133.0]]}
{"t":1776980902.0794082,"e":[[1,0,0.02,171.0],[1,0,0.01,85.0],[1,1,0.35,21.0],[1,1,0.64,22.0],[1,1,0.65,77.0]]}
{"t":1776980910.1492832,"e":[[1,0,0.02,155.0],[1,0,0.01,77.0]]}
{"t":1776980911.1640918,"e":[[1,0,0.02,179.0],[1,0,0.01,90.0],[1,1,0.35,19.0],[1,1,0.64,18.0],[1,1,0.65,71.0]]}
{"t":1776980914.20475,"e":[[1,0,0.02,155.0],[1,0,0.01,77.0],[1,1,0.35,18.0],[1,1,0.64,17.0],[1,1,0.65,70.0]]}
{"t":1776980915.218059,"e":[[1,0,0.02,183.0],[1,0,0.01,92.0]]}
{"t":1776980916.232894,"e":[[1,0,0.02,155.0]]}
{"t":1776980917.246958,"e":[[1,0,0.02,185.0],[1,1,0.65,69.0]]}
{"t":1776980919.2759209,"e":[[1,0,0.02,187.0],[1,0,0.01,94.0],[1,1,0.65,68.0]]}
{"t":1776980921.2975428,"e":[[1,0,0.02,155.0],[1,0,0.01,77.0],[1,1,0.64,16.0]]}
{"t":1776980922.306171,"e":[[1,0,0.02,189.0],[1,0,0.01,95.0]]}
{"t":1776980929.387115,"e":[[1,0,0.02,100.0],[1,0,0.01,50.0],[1,1,0.35,11.0],[1,1,0.64,3.0],[1,1,0.65,48.0]]}
{"t":1776980932.421974,"e":[[1,0,0.02,256.0],[1,0,0.01,128.0],[1,1,0.35,15.0],[1,1,0.64,11.0],[1,1,0.65,59.0]]}
{"t":1776980937.495269,"e":[[1,0,0.02,249.0],[1,0,0.01,124.0]]}
{"t":1776980938.511934,"e":[[1,1,0.65,60.0]]}
{"t":1776980942.557023,"e":[[1,0,0.02,100.0],[1,0,0.01,50.0],[1,1,0.35,11.0],[1,1,0.64,3.0],[1,1,0.65,48.0]]}
{"t":1776980947.639945,"e":[[1,0,0.02,256.0],[1,0,0.01,128.0],[1,1,0.35,15.0],[1,1,0.64,11.0],[1,1,0.65,59.0]]}
{"t":1776980957.745952,"e":[[1,0,0.02,100.0],[1,0,0.01,50.0],[1,1,0.35,11.0],[1,1,0.64,3.0],[1,1,0.65,48.0]]}
{"t":1776980960.798671,"e":[[1,0,0.02,256.0],[1,0,0.01,128.0],[1,1,0.35,15.0],[1,1,0.64,11.0],[1,1,0.65,59.0]]}
{"t":1776980967.8829591,"e":[[1,1,0.35,4.0]]}
{"t":1776980968.8958879,"e":[[1,1,0.37,24.0]]}
{"t":1776980970.9072058,"e":[[0,1,0.35],[1,1,0.37,52.0],[1,1,0.64,59.0],[1,1,0.65,132.0]]}
{"t":1776980976.982363,"e":[[1,0,0.02,100.0],[1,0,0.01,50.0],[1,1,0.37,24.0],[1,1,0.64,3.0],[0,1,0.65],[1,1,0.52,56.0]]}
{"t":1776980980.029228,"e":[[1,0,0.02,256.0],[1,0,0.01,128.0],[1,1,0.37,110.0],[1,1,0.52,227.0],[1,1,0.64,260.0]]}
{"t":1776980987.18628,"e":[[1,1,0.37,149.0],[1,1,0.52,306.0],[1,1,0.64,378.0]]}
{"t":1776980988.201104,"e":[[1,1,0.37,125.0]]}
{"t":1776980989.214405,"e":[[1,1,0.38,24.0]]}
{"t":1776980992.242975,"e":[[0,1,0.37]]}
{"t":1776980993.258039,"e":[[1,1,0.38,149.0]]}
{"t":1776980995.2883961,"e":[[1,0,0.02,100.0],[1,0,0.01,50.0],[1,1,0.38,24.0],[1,1,0.52,56.0],[1,1,0.64,3.0]]}
{"t":1776980999.340385,"e":[[1,0,0.02,256.0],[1,0,0.01,128.0],[1,1,0.38,110.0],[1,1,0.52,227.0],[1,1,0.64,260.0]]}
{"t":1776981005.410856,"e":[[1,1,0.38,86.0]]}
{"t":1776981006.4152372,"e":[[0,1,0.38],[1,1,0.39,13.0]]}
{"t":1776981007.425791,"e":[[1,1,0.39,127.0],[1,1,0.52,284.0],[1,1,0.64,344.0]]}
{"t":1776981008.444097,"e":[[1,0,0.02,100.0],[1,0,0.01,50.0],[1,1,0.39,13.0],[1,1,0.52,56.0],[1,1,0.64,3.0]]}
{"t":1776981011.484992,"e":[[1,0,0.02,256.0],[1,0,0.01,128.0],[1,1,0.39,87.0],[1,1,0.52,204.0],[1,1,0.64,225.0]]}
{"t":1776981015.539964,"e":[[1,1,0.39,118.0],[1,1,0.52,266.0],[1,1,0.64,319.0]]}
{"t":1776981017.56964,"e":[[1,1,0.39,87.0],[1,1,0.52,204.0],[1,1,0.64,225.0]]}
{"t":1776981018.585931,"e":[[1,0,0.02,100.0],[1,0,0.01,50.0],[1,1,0.39,13.0],[1,1,0.52,56.0],[1,1,0.64,3.0]]}
{"t":1776981020.631606,"e":[[0,1,0.39]]}
{"t":1776981021.6490638,"e":[[1,1,0.4,13.0]]}
{"t":1776981022.6689541,"e":[[1,0,0.02,256.0],[1,0,0.01,128.0],[1,1,0.52,131.0],[1,1,0.64,152.0],[1,1,0.93,361.0]]}
{"t":1776981038.8458052,"e":[[1,1,0.93,137.0]]}
{"t":1776981039.859245,"e":[[1,0,0.02,100.0],[1,0,0.01,50.0],[1,1,0.52,56.0],[1,1,0.64,3.0]]}
{"t":1776981043.911885,"e":[[1,0,0.02,256.0],[1,0,0.01,128.0],[1,1,0.4,87.0],[1,1,0.52,204.0],[1,1,0.64,225.0]]}
{"t":1776981046.955403,"e":[[1,1,0.4,118.0],[1,1,0.52,266.0],[1,1,0.64,319.0]]}
{"t":1776981072.162536,"e":[[1,0,0.02,100.0],[1,0,0.01,50.0],[1,1,0.4,13.0],[1,1,0.52,56.0],[1,1,0.64,3.0]]}
{"t":1776981073.18697,"e":[[1,1,0.4,64.0],[1,1,0.52,158.0],[1,1,0.64,156.0]]}
{"t":1776981075.2181,"e":[[1,0,0.02,256.0],[1,0,0.01,128.0],[1,1,0.4,110.0],[1,1,0.52,249.0],[1,1,0.64,292.0]]}
{"t":1776981087.326062,"e":[[1,0,0.02,100.0],[1,0,0.01,50.0],[1,1,0.4,13.0],[1,1,0.52,56.0],[1,1,0.64,3.0]]}
{"t":1776981088.35586,"e":[[1,0,0.02,256.0],[1,0,0.01,128.0],[1,1,0.4,87.0],[1,1,0.52,204.0],[1,1,0.64,225.0]]}
{"t":1776981092.413229,"e":[[1,1,0.4,118.0],[1,1,0.52,266.0],[1,1,0.64,319.0]]}
{"t":1776981094.4378839,"e":[[1,1,0.4,138.0],[1,1,0.52,306.0],[1,1,0.64,378.0]]}
{"t":1776981100.51648,"e":[[1,0,0.02,100.0],[1,0,0.01,50.0],[1,1,0.4,13.0],[1,1,0.52,56.0],[1,1,0.64,3.0]]}
{"t":1776981102.5422,"e":[[1,0,0.02,256.0],[1,0,0.01,128.0],[1,1,0.4,87.0],[1,1,0.52,204.0],[1,1,0.64,225.0]]}
{"t":1776981106.601739,"e":[[1,1,0.4,118.0],[1,1,0.52,266.0],[1,1,0.64,319.0]]}
{"t":1776981107.6159942,"e":[[1,1,0.4,105.0]]}
{"t":1776981109.626875,"e":[[0,1,0.4],[1,1,0.52,175.0],[1,1,0.64,241.0],[1,1,0.42,20.0]]}
{"t":1776981110.640736,"e":[[1,1,0.93,493.0]]}
{"t":1776981111.656814,"e":[[1,1,0.64,225.0],[1,1,0.93,137.0]]}
{"t":1776981112.674295,"e":[[1,1,0.42,138.0],[1,1,0.52,292.0],[1,1,0.64,358.0]]}
{"t":1776981114.699858,"e":[[1,1,0.42,145.0],[1,1,0.52,306.0],[1,1,0.64,378.0]]}
{"t":1776981124.835544,"e":[[1,1,0.42,125.0]]}
{"t":1776981125.846824,"e":[[1,1,0.43,20.0]]}
{"t":1776981137.9892328,"e":[[0,1,0.42]]}
{"t":1776981139.0087318,"e":[[1,1,0.43,145.0]]}
{"t":1776981143.051299,"e":[[1,1,0.43,125.0]]}
{"t":1776981144.0560021,"e":[[1,1,0.44,13.0]]}
{"t":1776981152.128997,"e":[[0,1,0.43]]}
{"t":1776981153.148277,"e":[[1,1,0.44,138.0]]}
{"t":1776981160.252033,"e":[[1,1,0.44,125.0]]}
{"t":1776981161.2705321,"e":[[1,1,0.46,20.0]]}
{"t":1776981162.327179,"e":[[0,1,0.44]]}
{"t":1776981163.345458,"e":[[1,1,0.46,145.0]]}
{"t":1776981193.665442,"e":[[1,0,0.02,100.0],[1,0,0.01,50.0],[1,1,0.46,20.0],[1,1,0.52,56.0],[1,1,0.64,3.0]]}
{"t":1776981195.704865,"e":[[1,0,0.02,256.0],[1,0,0.01,128.0],[1,1,0.46,102.0],[1,1,0.52,219.0],[1,1,0.64,247.0]]}
{"t":1776981201.779244,"e":[[1,1,0.46,139.0],[1,1,0.52,294.0],[1,1,0.64,361.0]]}
{"t":1776981204.810299,"e":[[1,1,0.46,102.0],[1,1,0.52,219.0],[1,1,0.64,247.0]]}
{"t":1776981205.817834,"e":[[1,1,0.46,145.0],[1,1,0.52,306.0],[1,1,0.64,378.0]]}
{"t":1776981206.826984,"e":[[1,0,0.02,100.0],[1,0,0.01,50.0],[1,1,0.46,20.0],[1,1,0.52,56.0],[1,1,0.64,3.0]]}
{"t":1776981210.864474,"e":[[1,0,0.02,256.0],[1,0,0.01,128.0],[1,1,0.46,102.0],[1,1,0.52,219.0],[1,1,0.64,247.0]]}
{"t":1776981216.927634,"e":[[1,1,0.46,139.0],[1,1,0.52,294.0],[1,1,0.64,361.0]]}
{"t":1776981218.948916,"e":[[1,1,0.46,102.0],[1,1,0.52,219.0],[1,1,0.64,247.0]]}
{"t":1776981219.964653,"e":[[1,1,0.46,145.0],[1,1,0.52,306.0],[1,1,0.64,378.0]]}
{"t":1776981249.287044,"e":[[1,0,0.02,100.0],[1,0,0.01,50.0],[1,1,0.46,20.0],[1,1,0.52,56.0],[1,1,0.64,3.0]]}
{"t":1776981252.324728,"e":[[1,0,0.02,256.0],[1,0,0.01,128.0],[1,1,0.46,102.0],[1,1,0.52,219.0],[1,1,0.64,247.0]]}
{"t":1776981263.4313338,"e":[[1,0,0.02,100.0],[1,0,0.01,50.0],[1,1,0.46,20.0],[1,1,0.52,56.0],[1,1,0.64,3.0]]}
{"t":1776981265.4678552,"e":[[1,0,0.02,256.0],[1,0,0.01,128.0],[1,1,0.46,102.0],[1,1,0.52,219.0],[1,1,0.64,247.0]]}
{"t":1776981270.534556,"e":[[1,1,0.46,139.0],[1,1,0.52,294.0],[1,1,0.64,361.0]]}
{"t":1776981285.681777,"e":[[1,1,0.46,145.0],[1,1,0.52,306.0],[1,1,0.64,378.0]]}
{"t":1776981297.8282409,"e":[[1,0,0.02,100.0],[1,0,0.01,50.0],[1,1,0.46,20.0],[1,1,0.52,56.0],[1,1,0.64,3.0]]}
{"t":1776981362.4465652,"e":[[1,1,0.95,307.16999999999996]]}
{"t":1776981519.982646,"e":[[0,1,0.46]]}
{"t":1776981750.874945,"e":[[1,1,0.47,24.0]]}
{"t":1776981775.139359,"e":[[0,1,0.47]]}
{"t":1776981776.144037,"e":[[1,1,0.48,20.0]]}
{"t":1776981994.261122,"e":[[0,1,0.48]]}
{"t":1776981995.2636008,"e":[[1,1,0.49,20.0]]}
{"t":1776982072.048578,"e":[[0,1,0.49],[1,1,0.95,446.16999999999996]]}
{"t":1776982073.0582972,"e":[[1,1,0.5,41.0]]}
{"t":1776982215.3229508,"e":[[1,1,0.95,307.16999999999996]]}
{"t":1776982651.2425961,"e":[[1,1,0.5,10.0],[1,1,0.96,106.0]]}
{"t":1776982652.2534862,"e":[[1,1,0.51,2590.0]]}
{"t":1776982775.3728142,"e":[[1,1,0.51,2563.0]]}
{"t":1776982776.380491,"e":[[1,1,0.52,80.0]]}
{"t":1776982817.736064,"e":[[1,1,0.52,56.0]]}
{"t":1776983030.244585,"e":[[0,1,0.96]]}
{"t":1776983302.861096,"e":[[0,1,0.93],[1,1,0.96,173.0]]}
{"t":1776983385.7524931,"e":[[0,1,0.96]]}
{"t":1776984545.088576,"e":[[1,1,0.6,20.0]]}
{"t":1776984702.506612,"e":[[0,1,0.6]]}
{"t":1776984703.522741,"e":[[1,1,0.59,27.0]]}
{"t":1776984776.19967,"e":[[0,1,0.59]]}
{"t":1776984778.223242,"e":[[1,1,0.6,34.0]]}
{"t":1776984845.835571,"e":[[0,1,0.6]]}
{"t":1776984846.842082,"e":[[1,1,0.61,37.0]]}
{"t":1776985015.29505,"e":[[0,1,0.61]]}
{"t":1776985016.3051322,"e":[[1,1,0.62,23.0]]}
{"t":1776985119.176105,"e":[[0,1,0.62]]}
{"t":1776985120.1827981,"e":[[1,1,0.63,28.0]]}
{"t":1776985657.9985678,"e":[[0,1,0.51],[0,1,0.52],[1,1,0.53,926.0],[1,1,0.02,49.0]]}
{"t":1776985730.653546,"e":[[0,1,0.63]]}
{"t":1776986313.663645,"e":[[1,0,0.02,256.0],[1,0,0.01,128.0],[1,1,0.95,557.17]]}
{"t":1776986363.351876,"e":[[1,0,0.02,100.0],[1,0,0.01,50.0],[1,1,0.95,307.16999999999996]]}
{"t":1776986364.384167,"e":[[1,0,0.02,256.0],[1,0,0.01,128.0],[1,1,0.95,557.17]]}
{"t":1776986383.65274,"e":[[1,0,0.02,100.0],[1,0,0.01,50.0],[1,1,0.95,307.16999999999996]]}
{"t":1776986384.680605,"e":[[1,0,0.02,256.0],[1,0,0.01,128.0],[1,1,0.95,557.17]]}
{"t":1776986397.8622699,"e":[[1,0,0.02,100.0],[1,0,0.01,50.0],[1,1,0.95,307.16999999999996]]}
{"t":1776986401.9132118,"e":[[1,0,0.02,256.0],[1,0,0.01,128.0],[1,1,0.95,557.17]]}
{"t":1776986419.158252,"e":[[1,0,0.02,100.0],[1,0,0.01,50.0],[1,1,0.95,307.16999999999996]]}
{"t":1776986421.196193,"e":[[1,0,0.02,256.0],[1,0,0.01,128.0],[1,1,0.95,557.17]]}
{"t":1776986437.380849,"e":[[1,0,0.02,100.0],[1,0,0.01,50.0],[1,1,0.95,307.16999999999996]]}
{"t":1776986439.423061,"e":[[1,0,0.02,256.0],[1,0,0.01,128.0],[1,1,0.95,557.17]]}
{"t":1776986469.807368,"e":[[1,0,0.02,100.0],[1,0,0.01,50.0],[1,1,0.95,307.16999999999996]]}
{"t":1776986472.854091,"e":[[1,0,0.02,256.0],[1,0,0.01,128.0],[1,1,0.95,557.17]]}
{"t":1776986494.109504,"e":[[1,0,0.02,100.0],[1,0,0.01,50.0],[1,1,0.95,307.16999999999996]]}
{"t":1776986496.1457589,"e":[[1,0,0.02,256.0],[1,0,0.01,128.0],[1,1,0.95,557.17]]}
{"t":1776986534.6683981,"e":[[1,0,0.02,100.0],[1,0,0.01,50.0],[1,1,0.95,307.16999999999996]]}
{"t":1776986537.7171562,"e":[[1,0,0.02,256.0],[1,0,0.01,128.0],[1,1,0.95,557.17]]}
{"t":1776986573.241257,"e":[[1,0,0.02,100.0],[1,0,0.01,50.0],[1,1,0.95,307.16999999999996]]}
{"t":1776986574.2613492,"e":[[1,0,0.02,256.0],[1,0,0.01,128.0],[1,1,0.95,557.17]]}
{"t":1776986579.318312,"e":[[1,0,0.02,100.0],[1,0,0.01,50.0],[1,1,0.95,307.16999999999996]]}
{"t":1776986581.3651452,"e":[[1,0,0.02,256.0],[1,0,0.01,128.0],[1,1,0.95,557.17]]}
{"t":1776986659.255121,"e":[[1,0,0.02,100.0],[1,0,0.01,50.0],[1,1,0.95,307.16999999999996]]}
{"t":1776986661.2968,"e":[[1,0,0.02,256.0],[1,0,0.01,128.0],[1,1,0.95,557.17]]}
{"t":1776986680.548555,"e":[[1,0,0.02,100.0],[1,0,0.01,50.0],[1,1,0.95,435.16999999999996]]}
{"t":1776986682.5754209,"e":[[1,0,0.02,256.0],[1,0,0.01,128.0],[1,1,0.95,685.17]]}
{"t":1776986705.846477,"e":[[1,0,0.02,100.0],[1,0,0.01,50.0],[1,1,0.95,435.16999999999996]]}
{"t":1776986708.8906822,"e":[[1,0,0.02,256.0],[1,0,0.01,128.0],[1,1,0.95,685.17]]}
{"t":1776986729.172899,"e":[[1,0,0.02,100.0],[1,0,0.01,50.0],[1,1,0.95,435.16999999999996]]}
{"t":1776986734.241397,"e":[[1,0,0.02,256.0],[1,0,0.01,128.0],[1,1,0.95,685.17]]}
{"t":1776986832.4536839,"e":[[1,0,0.02,100.0],[1,0,0.01,50.0],[1,1,0.95,435.16999999999996]]}
{"t":1776986837.5276139,"e":[[1,0,0.02,256.0],[1,0,0.01,128.0],[1,1,0.95,685.17]]}
{"t":1776986855.757372,"e":[[1,1,0.95,557.17]]}
{"t":1776986869.923723,"e":[[1,0,0.02,100.0],[1,0,0.01,50.0],[1,1,0.95,307.16999999999996]]}
{"t":1776986872.010302,"e":[[1,0,0.02,256.0],[1,0,0.01,128.0],[1,1,0.95,557.17]]}
{"t":1776986886.168145,"e":[[1,0,0.02,100.0],[1,0,0.01,50.0],[1,1,0.95,307.16999999999996]]}
{"t":1776986888.2016718,"e":[[1,0,0.02,256.0],[1,0,0.01,128.0],[1,1,0.95,557.17]]}
{"t":1776986915.520103,"e":[[1,0,0.02,100.0],[1,0,0.01,50.0],[1,1,0.95,307.16999999999996]]}
{"t":1776986920.597632,"e":[[1,0,0.02,256.0],[1,0,0.01,128.0],[1,1,0.95,557.17]]}
{"t":1776986942.903061,"e":[[1,0,0.02,100.0],[1,0,0.01,50.0],[1,1,0.95,307.16999999999996]]}
{"t":1776986946.9656582,"e":[[1,0,0.02,256.0],[1,0,0.01,128.0],[1,1,0.95,557.17]]}
{"t":1776986947.983878,"e":[[1,0,0.02,100.0],[1,0,0.01,50.0],[1,1,0.95,307.16999999999996]]}
{"t":1776986952.033379,"e":[[1,0,0.02,256.0],[1,0,0.01,128.0],[1,1,0.95,557.17]]}
{"t":1776986964.188865,"e":[[1,0,0.02,100.0],[1,0,0.01,50.0],[1,1,0.95,307.16999999999996]]}
{"t":1776986966.217751,"e":[[1,0,0.02,256.0],[1,0,0.01,128.0],[1,1,0.95,557.17]]}
{"t":1776986970.258007,"e":[[1,0,0.02,100.0],[1,0,0.01,50.0],[1,1,0.95,307.16999999999996]]}
{"t":1776986971.275799,"e":[[1,0,0.02,256.0],[1,0,0.01,128.0],[1,1,0.95,557.17]]}
{"t":1776986979.398657,"e":[[1,0,0.02,100.0],[1,0,0.01,50.0],[1,1,0.95,307.16999999999996]]}
{"t":1776986982.427562,"e":[[1,0,0.02,256.0],[1,0,0.01,128.0],[1,1,0.95,557.17]]}
{"t":1776986996.63327,"e":[[1,0,0.02,100.0],[1,0,0.01,50.0],[1,1,0.95,307.16999999999996]]}
{"t":1776986997.66156,"e":[[1,0,0.02,256.0],[1,0,0.01,128.0],[1,1,0.95,557.17]]}
{"t":1776987065.578366,"e":[[1,1,0.95,249.99999999999994]]}
{"t":1776987071.636522,"e":[[0,1,0.95]]}
{"t":1776987072.648146,"e":[[1,0,0.03,30.0],[1,1,0.53,1009.0],[1,1,0.64,170.0],[1,1,0.54,50.0]]}
{"t":1776987075.675078,"e":[[1,0,0.03,66.0],[1,0,0.02,124.0],[1,0,0.01,62.0],[1,1,0.53,926.0],[1,1,0.54,83.0]]}
{"t":1776987076.6976619,"e":[[1,1,0.65,47.0]]}
{"t":1776987077.70847,"e":[[0,1,0.54],[1,1,0.64,86.0]]}
{"t":1776987078.725309,"e":[[1,1,0.65,214.0]]}
{"t":1776987079.743087,"e":[[1,0,0.03,30.0],[1,0,0.02,100.0],[1,0,0.01,50.0],[1,1,0.64,3.0],[1,1,0.65,47.0]]}
{"t":1776987080.771084,"e":[[1,0,0.03,108.0],[1,0,0.02,152.0],[1,0,0.01,76.0],[1,1,0.65,297.0]]}
{"t":1776987083.814822,"e":[[1,1,0.65,250.0]]}
{"t":1776987084.821516,"e":[[0,1,0.65]]}
{"t":1776987085.8436558,"e":[[1,0,0.03,70.0],[1,0,0.02,127.0],[1,0,0.01,63.0],[1,1,0.53,1009.0],[1,1,0.64,170.0],[1,1,0.66,47.0]]}
{"t":1776987086.862421,"e":[[1,0,0.03,66.0],[1,0,0.02,124.0],[1,0,0.01,62.0],[1,1,0.53,926.0],[1,1,0.64,86.0]]}
{"t":1776987087.8779168,"e":[[1,1,0.66,214.0]]}
{"t":1776987127.571431,"e":[[1,0,0.03,30.0],[1,0,0.02,100.0],[1,0,0.01,50.0],[1,1,0.64,3.0],[0,1,0.66]]}
{"t":1776987128.5982761,"e":[[1,0,0.03,66.0],[1,0,0.02,124.0],[1,0,0.01,62.0],[1,1,0.53,1009.0],[1,1,0.64,170.0],[1,1,0.54,49.0]]}
{"t":1776987130.6385322,"e":[[1,1,0.53,926.0],[0,1,0.54]]}
{"t":1776987131.655811,"e":[[1,0,0.03,30.0],[1,0,0.02,100.0],[1,0,0.01,50.0],[1,1,0.64,3.0],[1,1,0.65,47.0]]}
{"t":1776987135.711443,"e":[[1,0,0.03,66.0],[1,0,0.02,124.0],[1,0,0.01,62.0],[1,1,0.53,968.0],[1,1,0.64,86.0],[1,1,0.65,172.0]]}
{"t":1776987144.8593578,"e":[[1,0,0.03,30.0],[1,0,0.02,100.0],[1,0,0.01,50.0],[1,1,0.53,926.0],[1,1,0.64,3.0],[1,1,0.65,47.0]]}
{"t":1776987145.884255,"e":[[0,1,0.65],[1,1,0.54,49.0]]}
{"t":1776987148.931984,"e":[[1,0,0.03,66.0],[1,0,0.02,124.0],[1,0,0.01,62.0],[1,1,0.53,968.0],[1,1,0.54,132.0],[1,1,0.64,128.0]]}
{"t":1776987150.966413,"e":[[1,1,0.54,83.0]]}
{"t":1776987151.9833589,"e":[[1,1,0.65,47.0]]}
{"t":1776987152.995897,"e":[[0,1,0.54]]}
{"t":1776987154.0111911,"e":[[1,1,0.64,86.0],[1,1,0.65,172.0]]}
{"t":1776987208.6758132,"e":[[1,0,0.03,30.0],[1,0,0.02,100.0],[1,0,0.01,50.0],[1,1,0.53,926.0],[1,1,0.64,3.0],[1,1,0.65,47.0]]}
{"t":1776987209.701365,"e":[[0,1,0.65],[1,1,0.54,49.0]]}
{"t":1776987211.718431,"e":[[1,0,0.03,66.0],[1,0,0.02,124.0],[1,0,0.01,62.0],[1,1,0.53,968.0],[1,1,0.54,132.0],[1,1,0.64,128.0]]}
{"t":1776987212.738463,"e":[[1,1,0.54,83.0],[1,1,0.65,47.0]]}
{"t":1776987213.755229,"e":[[0,1,0.54],[1,1,0.64,86.0]]}
{"t":1776987214.771927,"e":[[1,1,0.65,172.0]]}
{"t":1776987260.288648,"e":[[1,0,0.03,36.0],[1,1,0.65,125.0]]}
{"t":1776987262.3136482,"e":[[0,0,0.03],[0,1,0.65]]}
{"t":1776987263.326335,"e":[[1,0,0.02,256.0],[1,0,0.01,128.0],[1,1,0.53,1009.0],[1,1,0.64,170.0]]}
{"t":1776987268.385867,"e":[[1,0,0.02,100.0],[1,0,0.01,50.0],[1,1,0.53,926.0],[1,1,0.64,3.0]]}
{"t":1776987272.454564,"e":[[1,0,0.02,256.0],[1,0,0.01,128.0],[1,1,0.53,1009.0],[1,1,0.64,170.0]]}
{"t":1776987282.569941,"e":[[1,0,0.03,31.0]]}
{"t":1776987283.578511,"e":[[1,0,0.03,68.0],[1,0,0.02,125.0],[1,0,0.01,62.0],[1,1,0.65,47.0]]}
{"t":1776987284.583485,"e":[[1,1,0.53,926.0]]}
{"t":1776987285.60138,"e":[[1,1,0.64,86.0],[1,1,0.65,214.0]]}
{"t":1776987307.884866,"e":[[1,0,0.03,31.0],[1,0,0.02,100.0],[1,0,0.01,50.0],[1,1,0.64,3.0],[0,1,0.65],[1,1,0.54,49.0]]}
{"t":1776987308.906742,"e":[[1,0,0.03,68.0],[1,0,0.02,125.0],[1,0,0.01,62.0],[1,1,0.53,968.0],[1,1,0.54,132.0],[1,1,0.64,128.0]]}
{"t":1776987313.9786,"e":[[1,1,0.54,83.0],[1,1,0.65,47.0]]}
{"t":1776987316.0040069,"e":[[0,1,0.54],[1,1,0.64,86.0],[1,1,0.65,172.0]]}
{"t":1776987317.0173628,"e":[[1,0,0.03,31.0],[1,0,0.02,100.0],[1,0,0.01,50.0],[1,1,0.53,926.0],[1,1,0.64,3.0],[1,1,0.65,47.0]]}
{"t":1776987318.03879,"e":[[1,0,0.03,68.0],[1,0,0.02,125.0],[1,0,0.01,62.0],[1,1,0.53,968.0],[1,1,0.64,86.0],[1,1,0.65,125.0],[1,1,0.66,47.0]]}
{"t":1776987322.082942,"e":[[0,1,0.65]]}
{"t":1776987323.1068218,"e":[[1,1,0.66,172.0]]}
{"t":1776987329.1844149,"e":[[1,1,0.66,299.0]]}
{"t":1776987337.256821,"e":[[1,1,0.53,926.0],[1,1,0.64,3.0]]}
{"t":1776987338.274577,"e":[[1,1,0.66,424.0]]}
{"t":1776987357.5045109,"e":[[1,1,0.66,297.0]]}
{"t":1776987362.556312,"e":[[1,0,0.03,31.0],[1,0,0.02,100.0],[1,0,0.01,50.0],[0,1,0.66]]}
{"t":1776987363.584385,"e":[[1,1,0.54,49.0]]}
{"t":1776987366.622816,"e":[[1,0,0.03,68.0],[1,0,0.02,125.0],[1,0,0.01,62.0],[1,1,0.53,968.0],[1,1,0.54,132.0],[1,1,0.64,128.0]]}
{"t":1776987367.6343522,"e":[[1,1,0.54,83.0]]}
{"t":1776987368.651447,"e":[[1,1,0.65,47.0]]}
{"t":1776987376.749712,"e":[[0,1,0.54],[1,1,0.64,86.0],[1,1,0.65,172.0]]}
{"t":1776987388.8948748,"e":[[1,0,0.03,31.0],[1,0,0.02,100.0],[1,0,0.01,50.0],[1,1,0.53,926.0],[1,1,0.64,3.0],[1,1,0.65,47.0]]}
{"t":1776987389.912417,"e":[[0,1,0.65],[1,1,0.54,49.0]]}
{"t":1776987392.957681,"e":[[1,0,0.03,68.0],[1,0,0.02,125.0],[1,0,0.01,62.0],[1,1,0.53,968.0],[1,1,0.54,132.0],[1,1,0.64,128.0]]}
{"t":1776987393.9763808,"e":[[1,0,0.04,5.0],[1,1,0.54,83.0],[1,1,0.65,47.0]]}
{"t":1776987399.0188968,"e":[[1,0,0.01,50.0],[0,1,0.54]]}
{"t":1776987400.031827,"e":[[1,0,0.03,36.0],[1,0,0.04,12.0],[1,0,0.02,102.0],[1,1,0.64,86.0],[1,1,0.65,172.0]]}
{"t":1776987410.173267,"e":[[1,0,0.03,31.0],[1,0,0.04,5.0],[1,0,0.02,100.0],[1,1,0.53,926.0],[1,1,0.64,3.0],[0,1,0.65],[1,1,0.54,49.0]]}
{"t":1776987411.193162,"e":[[1,0,0.03,36.0],[1,0,0.04,12.0],[1,0,0.02,102.0],[1,1,0.53,1009.0],[1,1,0.64,170.0]]}
{"t":1776987413.214848,"e":[[1,1,0.53,926.0],[0,1,0.54],[1,1,0.65,47.0]]}
{"t":1776987414.22898,"e":[[1,1,0.54,83.0]]}
{"t":1776987415.2424479,"e":[[0,1,0.54],[1,1,0.64,86.0]]}
{"t":1776987416.258616,"e":[[1,1,0.65,214.0]]}
{"t":1776987480.037149,"e":[[1,0,0.03,31.0],[1,0,0.04,5.0],[1,0,0.02,100.0],[1,1,0.64,3.0],[1,1,0.65,47.0]]}
{"t":1776987481.0704799,"e":[[0,1,0.65]]}
{"t":1776987482.092763,"e":[[1,1,0.54,49.0]]}
{"t":1776987484.123154,"e":[[1,0,0.03,36.0],[1,0,0.04,12.0],[1,0,0.02,102.0],[1,1,0.53,968.0],[1,1,0.54,132.0],[1,1,0.64,266.0]]}
{"t":1776987485.1392179,"e":[[1,1,0.54,83.0]]}
{"t":1776987486.1523788,"e":[[1,1,0.65,47.0]]}
{"t":1776987487.161367,"e":[[1,1,0.53,926.0],[0,1,0.54],[1,1,0.64,224.0]]}
{"t":1776987488.1848361,"e":[[1,1,0.65,214.0]]}
{"t":1776987509.499563,"e":[[1,0,0.03,31.0],[1,0,0.04,5.0],[1,0,0.02,100.0],[1,1,0.64,141.0],[1,1,0.65,47.0]]}
{"t":1776987512.555327,"e":[[1,0,0.03,36.0],[1,0,0.04,12.0],[1,0,0.02,102.0],[1,1,0.64,224.0],[1,1,0.65,214.0]]}
{"t":1776987531.878761,"e":[[1,0,0.03,31.0],[1,0,0.04,5.0],[1,0,0.02,100.0],[1,1,0.64,141.0],[1,1,0.65,47.0]]}
{"t":1776987532.89665,"e":[[1,0,0.03,36.0],[1,0,0.04,12.0],[1,0,0.02,102.0],[1,1,0.64,224.0],[1,1,0.65,214.0]]}
{"t":1776987546.0651488,"e":[[1,0,0.03,31.0],[1,0,0.04,5.0],[1,0,0.02,100.0],[1,1,0.64,141.0],[1,1,0.65,47.0]]}
{"t":1776987548.090229,"e":[[1,0,0.03,36.0],[1,0,0.04,12.0],[1,0,0.02,102.0],[1,1,0.64,224.0],[1,1,0.65,214.0]]}
{"t":1776987565.324453,"e":[[1,0,0.03,31.0],[1,0,0.04,5.0],[1,0,0.02,100.0],[1,1,0.64,141.0],[1,1,0.65,47.0]]}
{"t":1776987568.358059,"e":[[1,0,0.03,36.0],[1,0,0.04,12.0],[1,0,0.02,102.0],[1,1,0.64,224.0],[1,1,0.65,214.0]]}
{"t":1776987570.385914,"e":[[1,0,0.03,31.0],[1,0,0.04,5.0],[1,0,0.02,100.0],[1,1,0.64,141.0],[1,1,0.65,47.0]]}
{"t":1776987571.411482,"e":[[1,0,0.03,10.0],[1,0,0.04,20.0],[1,0,0.02,105.0],[1,1,0.65,297.0]]}
{"t":1776987572.4206111,"e":[[1,0,0.03,41.0]]}
{"t":1776987575.4554582,"e":[[1,0,0.03,37.0],[1,0,0.04,13.0],[1,0,0.02,103.0]]}
{"t":1776987577.4838452,"e":[[1,0,0.03,31.0],[1,0,0.04,5.0],[1,0,0.02,100.0],[1,1,0.65,47.0]]}
{"t":1776987580.526141,"e":[[1,0,0.03,36.0],[1,0,0.04,12.0],[1,0,0.02,102.0],[1,1,0.64,224.0],[1,1,0.65,214.0]]}
{"t":1776987586.6072462,"e":[[1,0,0.03,31.0],[1,0,0.04,5.0],[1,0,0.02,100.0],[1,1,0.64,141.0],[1,1,0.65,47.0]]}
{"t":1776987587.619329,"e":[[1,0,0.03,36.0],[1,0,0.04,12.0],[1,0,0.02,102.0],[1,1,0.64,224.0],[1,1,0.65,214.0]]}
{"t":1776987593.725282,"e":[[1,0,0.03,31.0],[1,0,0.04,5.0],[1,0,0.02,100.0],[1,1,0.64,141.0],[1,1,0.65,47.0]]}
{"t":1776987594.758166,"e":[[1,0,0.03,36.0],[1,0,0.04,12.0],[1,0,0.02,102.0],[1,1,0.64,224.0],[1,1,0.65,214.0]]}
{"t":1776987620.079356,"e":[[1,0,0.03,31.0],[1,0,0.04,5.0],[1,0,0.02,100.0],[1,1,0.64,141.0],[1,1,0.65,47.0]]}
{"t":1776987622.1203682,"e":[[1,0,0.03,36.0],[1,0,0.04,12.0],[1,0,0.02,102.0],[1,1,0.64,224.0],[1,1,0.65,214.0]]}
{"t":1776987655.4332852,"e":[[1,0,0.03,31.0],[1,0,0.04,5.0],[1,0,0.02,100.0],[1,1,0.64,141.0],[1,1,0.65,47.0]]}
{"t":1776987674.572758,"e":[[1,1,0.64,3.0]]}
{"t":1776987675.58721,"e":[[0,1,0.65],[1,1,0.54,49.0]]}
{"t":1776987781.315525,"e":[[0,1,0.5]]}
{"t":1776988057.44317,"e":[[0,1,0.64]]}
