{"t": 1776975855.3857431, "events": [{"op": "set", "side": "bid", "price": 0.05, "size": 53.0}, {"op": "set", "side": "bid", "price": 0.03, "size": 712.94}, {"op": "set", "side": "bid", "price": 0.01, "size": 2047.0}, {"op": "set", "side": "bid", "price": 0.04, "size": 89.0}]}
{"t": 1776975859.432927, "events": [{"op": "set", "side": "bid", "price": 0.05, "size": 22.0}, {"op": "set", "side": "bid", "price": 0.03, "size": 682.94}, {"op": "set", "side": "bid", "price": 0.01, "size": 2037.0}, {"op": "set", "side": "bid", "price": 0.04, "size": 39.0}]}
{"t": 1776975862.460769, "events": [{"op": "set", "side": "bid", "price": 0.04, "size": 38.0}]}
{"t": 1776975866.4869819, "events": [{"op": "delete", "side": "bid", "price": 0.05}, {"op": "set", "side": "bid", "price": 0.04, "size": 499.0}, {"op": "set", "side": "bid", "price": 0.03, "size": 1160.94}, {"op": "set", "side": "bid", "price": 0.01, "size": 2029.0}]}
{"t": 1776975878.59487, "events": [{"op": "delete", "side": "bid", "price": 0.04}, {"op": "set", "side": "bid", "price": 0.03, "size": 659.94}, {"op": "set", "side": "ask", "price": 0.76, "size": 231.0}, {"op": "set", "side": "ask", "price": 0.9, "size": 197.0}]}
{"t": 1776975880.618389, "events": [{"op": "set", "side": "bid", "price": 0.03, "size": 1160.94}, {"op": "set", "side": "bid", "price": 0.04, "size": 499.0}, {"op": "set", "side": "ask", "price": 0.76, "size": 897.0}, {"op": "set", "side": "ask", "price": 0.9, "size": 531.0}]}
{"t": 1776975940.061205, "events": [{"op": "set", "side": "bid", "price": 0.04, "size": 1.0}, {"op": "set", "side": "bid", "price": 0.03, "size": 659.94}, {"op": "set", "side": "ask", "price": 0.76, "size": 231.0}, {"op": "set", "side": "ask", "price": 0.9, "size": 197.0}]}
{"t": 1776975942.095907, "events": [{"op": "set", "side": "bid", "price": 0.04, "size": 4.0}, {"op": "set", "side": "bid", "price": 0.03, "size": 661.94}, {"op": "set", "side": "bid", "price": 0.05, "size": 1.0}, {"op": "set", "side": "bid", "price": 0.01, "size": 2030.0}, {"op": "set", "side": "ask", "price": 0.76, "size": 897.0}, {"op": "set", "side": "ask", "price": 0.9, "size": 531.0}]}
{"t": 1776975951.2976189, "events": [{"op": "delete", "side": "bid", "price": 0.05}, {"op": "delete", "side": "bid", "price": 0.04}, {"op": "set", "side": "bid", "price": 0.03, "size": 659.94}, {"op": "set", "side": "bid", "price": 0.01, "size": 2029.0}, {"op": "set", "side": "ask", "price": 0.76, "size": 231.0}, {"op": "set", "side": "ask", "price": 0.9, "size": 197.0}]}
{"t": 1776975954.332581, "events": [{"op": "set", "side": "bid", "price": 0.03, "size": 1160.94}, {"op": "set", "side": "bid", "price": 0.04, "size": 499.0}, {"op": "set", "side": "ask", "price": 0.76, "size": 897.0}, {"op": "set", "side": "ask", "price": 0.9, "size": 531.0}]}
{"t": 1776976044.185159, "events": [{"op": "delete", "side": "bid", "price": 0.04}, {"op": "set", "side": "bid", "price": 0.03, "size": 659.94}, {"op": "set", "side": "ask", "price": 0.76, "size": 231.0}, {"op": "set", "side": "ask", "price": 0.9, "size": 197.0}]}
{"t": 1776976048.218187, "events": [{"op": "set", "side": "bid", "price": 0.03, "size": 1160.94}, {"op": "set", "side": "bid", "price": 0.04, "size": 499.0}, {"op": "set", "side": "ask", "price": 0.76, "size": 897.0}, {"op": "set", "side": "ask", "price": 0.9, "size": 531.0}]}
{"t": 1776976058.306615, "events": [{"op": "delete", "side": "bid", "price": 0.04}, {"op": "set", "side": "bid", "price": 0.03, "size": 659.94}, {"op": "set", "side": "ask", "price": 0.76, "size": 231.0}, {"op": "set", "side": "ask", "price": 0.9, "size": 197.0}]}
{"t": 1776976061.337662, "events": [{"op": "set", "side": "bid", "price": 0.03, "size": 1160.94}, {"op": "set", "side": "bid", "price": 0.04, "size": 499.0}, {"op": "set", "side": "ask", "price": 0.76, "size": 897.0}, {"op": "set", "side": "ask", "price": 0.9, "size": 531.0}]}
{"t": 1776976085.548361, "events": [{"op": "delete", "side": "bid", "price": 0.04}, {"op": "set", "side": "bid", "price": 0.03, "size": 659.94}, {"op": "set", "side": "ask", "price": 0.76, "size": 231.0}, {"op": "set", "side": "ask", "price": 0.9, "size": 197.0}]}
{"t": 1776976088.582797, "events": [{"op": "set", "side": "bid", "price": 0.03, "size": 1160.94}, {"op": "set", "side": "bid", "price": 0.04, "size": 499.0}, {"op": "set", "side": "ask", "price": 0.76, "size": 897.0}, {"op": "set", "side": "ask", "price": 0.9, "size": 531.0}]}
{"t": 1776976135.934583, "events": [{"op": "delete", "side": "bid", "price": 0.04}, {"op": "set", "side": "bid", "price": 0.03, "size": 659.94}, {"op": "set", "side": "ask", "price": 0.76, "size": 231.0}, {"op": "set", "side": "ask", "price": 0.9, "size": 197.0}]}
{"t": 1776976195.413012, "events": [{"op": "set", "side": "bid", "price": 0.02, "size": 50.0}, {"op": "set", "side": "ask", "price": 0.86, "size": 50.0}]}
{"t": 1776976441.477786, "events": [{"op": "delete", "side": "bid", "price": 0.02}, {"op": "delete", "side": "ask", "price": 0.86}]}
{"t": 1776976518.10238, "events": [{"op": "delete", "side": "bid", "price": 0.01}, {"op": "set", "side": "ask", "price": 0.07, "size": 28.0}, {"op": "delete", "side": "ask", "price": 0.06}, {"op": "set", "side": "ask", "price": 0.03, "size": 35.0}, {"op": "set", "side": "ask", "price": 0.08, "size": 10000.0}]}
{"t": 1776976522.1437619, "events": [{"op": "set", "side": "bid", "price": 0.03, "size": 1273.94}, {"op": "set", "side": "bid", "price": 0.04, "size": 386.0}, {"op": "set", "side": "ask", "price": 0.81, "size": 612.0}, {"op": "set", "side": "ask", "price": 0.9, "size": 890.0}, {"op": "set", "side": "ask", "price": 0.94, "size": 10443.39}]}
{"t": 1776976536.203557, "events": [{"op": "delete", "side": "bid", "price": 0.04}, {"op": "set", "side": "bid", "price": 0.03, "size": 659.94}, {"op": "set", "side": "ask", "price": 0.81, "size": 86.0}, {"op": "set", "side": "ask", "price": 0.9, "size": 197.0}, {"op": "set", "side": "ask", "price": 0.94, "size": 9829.39}]}
{"t": 1776976537.216504, "events": [{"op": "set", "side": "bid", "price": 0.03, "size": 1273.94}, {"op": "set", "side": "bid", "price": 0.04, "size": 386.0}, {"op": "set", "side": "ask", "price": 0.81, "size": 612.0}, {"op": "set", "side": "ask", "price": 0.9, "size": 890.0}, {"op": "set", "side": "ask", "price": 0.94, "size": 10443.39}]}
{"t": 1776976540.237312, "events": [{"op": "set", "side": "ask", "price": 0.03, "size": 20.0}, {"op": "set", "side": "ask", "price": 0.94, "size": 9829.39}, {"op": "set", "side": "ask", "price": 0.09, "size": 15.0}]}
{"t": 1776976544.27052, "events": [{"op": "set", "side": "ask", "price": 0.81, "size": 676.0}, {"op": "set", "side": "ask", "price": 0.9, "size": 993.0}, {"op": "set", "side": "ask", "price": 0.95, "size": 614.0}]}
{"t": 1776976545.305117, "events": [{"op": "delete", "side": "ask", "price": 0.95}]}
{"t": 1776976546.315924, "events": [{"op": "set", "side": "ask", "price": 0.94, "size": 10443.39}]}
{"t": 1776976548.331649, "events": [{"op": "set", "side": "ask", "price": 0.94, "size": 9829.39}]}
{"t": 1776976550.374534, "events": [{"op": "set", "side": "ask", "price": 0.95, "size": 614.0}]}
{"t": 1776976552.38733, "events": [{"op": "set", "side": "ask", "price": 0.94, "size": 10443.39}, {"op": "delete", "side": "ask", "price": 0.95}]}
{"t": 1776976560.430049, "events": [{"op": "set", "side": "ask", "price": 0.94, "size": 9829.39}]}
{"t": 1776976561.438821, "events": [{"op": "set", "side": "ask", "price": 0.95, "size": 614.0}]}
{"t": 1776976565.468847, "events": [{"op": "delete", "side": "ask", "price": 0.95}]}
{"t": 1776976566.4827142, "events": [{"op": "set", "side": "ask", "price": 0.94, "size": 10443.39}]}
{"t": 1776976569.49947, "events": [{"op": "delete", "side": "bid", "price": 0.04}, {"op": "set", "side": "bid", "price": 0.03, "size": 659.94}, {"op": "set", "side": "ask", "price": 0.81, "size": 86.0}, {"op": "set", "side": "ask", "price": 0.9, "size": 197.0}, {"op": "set", "side": "ask", "price": 0.94, "size": 9829.39}]}
{"t": 1776976572.538016, "events": [{"op": "set", "side": "bid", "price": 0.03, "size": 1273.94}, {"op": "set", "side": "bid", "price": 0.04, "size": 386.0}, {"op": "set", "side": "ask", "price": 0.81, "size": 612.0}, {"op": "set", "side": "ask", "price": 0.9, "size": 890.0}, {"op": "set", "side": "ask", "price": 0.94, "size": 10443.39}]}
{"t": 1776976573.54511, "events": [{"op": "set", "side": "ask", "price": 0.94, "size": 9829.39}]}
{"t": 1776976574.550605, "events": [{"op": "set", "side": "ask", "price": 0.81, "size": 676.0}, {"op": "set", "side": "ask", "price": 0.9, "size": 993.0}, {"op": "set", "side": "ask", "price": 0.95, "size": 614.0}]}
{"t": 1776976576.575867, "events": [{"op": "delete", "side": "ask", "price": 0.95}]}
{"t": 1776976578.5899022, "events": [{"op": "set", "side": "ask", "price": 0.94, "size": 10443.39}]}
{"t": 1776976579.598368, "events": [{"op": "set", "side": "ask", "price": 0.94, "size": 9829.39}, {"op": "set", "side": "ask", "price": 0.95, "size": 614.0}]}
{"t": 1776976582.626801, "events": [{"op": "set", "side": "ask", "price": 0.94, "size": 10443.39}, {"op": "delete", "side": "ask", "price": 0.95}]}
{"t": 1776976587.65838, "events": [{"op": "set", "side": "ask", "price": 0.94, "size": 9829.39}, {"op": "set", "side": "ask", "price": 0.95, "size": 614.0}]}
{"t": 1776976592.712306, "events": [{"op": "set", "side": "ask", "price": 0.94, "size": 10443.39}, {"op": "delete", "side": "ask", "price": 0.95}]}
{"t": 1776976605.780865, "events": [{"op": "set", "side": "ask", "price": 0.94, "size": 9829.39}, {"op": "set", "side": "ask", "price": 0.95, "size": 614.0}]}
{"t": 1776976607.800011, "events": [{"op": "set", "side": "ask", "price": 0.94, "size": 10443.39}, {"op": "delete", "side": "ask", "price": 0.95}]}
{"t": 1776976624.9222841, "events": [{"op": "set", "side": "ask", "price": 0.94, "size": 9829.39}, {"op": "set", "side": "ask", "price": 0.95, "size": 614.0}]}
{"t": 1776976627.946018, "events": [{"op": "delete", "side": "bid", "price": 0.04}, {"op": "set", "side": "bid", "price": 0.03, "size": 659.94}, {"op": "set", "side": "ask", "price": 0.81, "size": 86.0}, {"op": "set", "side": "ask", "price": 0.9, "size": 197.0}, {"op": "delete", "side": "ask", "price": 0.95}]}
{"t": 1776976630.9735959, "events": [{"op": "set", "side": "bid", "price": 0.03, "size": 1273.94}, {"op": "set", "side": "bid", "price": 0.04, "size": 386.0}, {"op": "set", "side": "ask", "price": 0.81, "size": 612.0}, {"op": "set", "side": "ask", "price": 0.9, "size": 890.0}, {"op": "set", "side": "ask", "price": 0.94, "size": 10443.39}]}
{"t": 1776976636.012798, "events": [{"op": "set", "side": "ask", "price": 0.94, "size": 9829.39}]}
{"t": 1776976637.021386, "events": [{"op": "set", "side": "ask", "price": 0.81, "size": 676.0}, {"op": "set", "side": "ask", "price": 0.9, "size": 993.0}, {"op": "set", "side": "ask", "price": 0.95, "size": 614.0}]}
{"t": 1776976648.087174, "events": [{"op": "set", "side": "ask", "price": 0.94, "size": 10443.39}, {"op": "delete", "side": "ask", "price": 0.95}]}
{"t": 1776976650.106755, "events": [{"op": "set", "side": "ask", "price": 0.94, "size": 9829.39}]}
{"t": 1776976651.118593, "events": [{"op": "set", "side": "ask", "price": 0.95, "size": 614.0}]}
{"t": 1776976653.130749, "events": [{"op": "set", "side": "ask", "price": 0.94, "size": 10443.39}, {"op": "delete", "side": "ask", "price": 0.95}]}
{"t": 1776976660.164791, "events": [{"op": "set", "side": "ask", "price": 0.94, "size": 9829.39}, {"op": "set", "side": "ask", "price": 0.95, "size": 614.0}]}
{"t": 1776976688.379301, "events": [{"op": "delete", "side": "ask", "price": 0.95}]}
{"t": 1776976689.3868952, "events": [{"op": "set", "side": "ask", "price": 0.94, "size": 10443.39}]}
{"t": 1776976694.6291242, "events": [{"op": "delete", "side": "bid", "price": 0.04}, {"op": "set", "side": "bid", "price": 0.03, "size": 659.94}, {"op": "set", "side": "ask", "price": 0.81, "size": 86.0}, {"op": "set", "side": "ask", "price": 0.9, "size": 197.0}, {"op": "set", "side": "ask", "price": 0.94, "size": 9829.39}]}
{"t": 1776976698.8431628, "events": [{"op": "set", "side": "bid", "price": 0.03, "size": 1273.94}, {"op": "set", "side": "bid", "price": 0.04, "size": 386.0}, {"op": "set", "side": "ask", "price": 0.81, "size": 612.0}, {"op": "set", "side": "ask", "price": 0.9, "size": 890.0}, {"op": "set", "side": "ask", "price": 0.94, "size": 10443.39}]}
{"t": 1776976702.870096, "events": [{"op": "set", "side": "ask", "price": 0.94, "size": 9829.39}]}
{"t": 1776976703.879584, "events": [{"op": "set", "side": "ask", "price": 0.81, "size": 676.0}, {"op": "set", "side": "ask", "price": 0.9, "size": 993.0}, {"op": "set", "side": "ask", "price": 0.95, "size": 614.0}]}
{"t": 1776976720.0040588, "events": [{"op": "delete", "side": "ask", "price": 0.95}]}
{"t": 1776976721.023626, "events": [{"op": "set", "side": "ask", "price": 0.94, "size": 10443.39}]}
{"t": 1776976729.136172, "events": [{"op": "set", "side": "ask", "price": 0.94, "size": 9829.39}]}
{"t": 1776976730.1580229, "events": [{"op": "set", "side": "ask", "price": 0.95, "size": 614.0}]}
{"t": 1776976738.2212422, "events": [{"op": "set", "side": "ask", "price": 0.94, "size": 10443.39}, {"op": "delete", "side": "ask", "price": 0.95}]}
{"t": 1776976740.2347279, "events": [{"op": "set", "side": "ask", "price": 0.94, "size": 9829.39}]}
{"t": 1776976741.2510169, "events": [{"op": "set", "side": "ask", "price": 0.95, "size": 614.0}]}
{"t": 1776976752.540415, "events": [{"op": "set", "side": "ask", "price": 0.94, "size": 10443.39}, {"op": "delete", "side": "ask", "price": 0.95}]}
{"t": 1776976760.616456, "events": [{"op": "set", "side": "ask", "price": 0.94, "size": 9829.39}, {"op": "set", "side": "ask", "price": 0.95, "size": 614.0}]}
{"t": 1776976769.6871839, "events": [{"op": "delete", "side": "ask", "price": 0.95}]}
{"t": 1776976770.703775, "events": [{"op": "set", "side": "ask", "price": 0.94, "size": 10443.39}]}
{"t": 1776976772.744343, "events": [{"op": "set", "side": "ask", "price": 0.94, "size": 9829.39}]}
{"t": 1776976773.7583098, "events": [{"op": "set", "side": "ask", "price": 0.95, "size": 614.0}]}
{"t": 1776976788.865946, "events": [{"op": "delete", "side": "ask", "price": 0.95}]}
{"t": 1776976789.882459, "events": [{"op": "set", "side": "bid", "price": 0.04, "size": 387.0}]}
{"t": 1776976790.891396, "events": [{"op": "set", "side": "ask", "price": 0.94, "size": 10443.39}]}
{"t": 1776976792.913603, "events": [{"op": "set", "side": "ask", "price": 0.94, "size": 9829.39}]}
{"t": 1776976793.92892, "events": [{"op": "set", "side": "bid", "price": 0.04, "size": 208.0}, {"op": "set", "side": "bid", "price": 0.03, "size": 738.94}, {"op": "set", "side": "bid", "price": 0.05, "size": 100.0}, {"op": "set", "side": "ask", "price": 0.94, "size": 10443.39}]}
{"t": 1776976798.966105, "events": [{"op": "delete", "side": "bid", "price": 0.05}, {"op": "delete", "side": "bid", "price": 0.04}, {"op": "set", "side": "bid", "price": 0.03, "size": 659.94}, {"op": "delete", "side": "ask", "price": 0.09}, {"op": "set", "side": "ask", "price": 0.81, "size": 86.0}, {"op": "set", "side": "ask", "price": 0.9, "size": 197.0}, {"op": "set", "side": "ask", "price": 0.94, "size": 9829.39}]}
{"t": 1776976803.02252, "events": [{"op": "set", "side": "bid", "price": 0.03, "size": 1273.94}, {"op": "set", "side": "bid", "price": 0.04, "size": 386.0}, {"op": "set", "side": "ask", "price": 0.81, "size": 612.0}, {"op": "set", "side": "ask", "price": 0.9, "size": 890.0}, {"op": "set", "side": "ask", "price": 0.94, "size": 10443.39}]}
{"t": 1776976806.063827, "events": [{"op": "set", "side": "ask", "price": 0.94, "size": 9829.39}, {"op": "set", "side": "ask", "price": 0.09, "size": 15.0}]}
{"t": 1776976808.091316, "events": [{"op": "set", "side": "ask", "price": 0.81, "size": 676.0}, {"op": "set", "side": "ask", "price": 0.9, "size": 993.0}, {"op": "set", "side": "ask", "price": 0.95, "size": 614.0}]}
{"t": 1776976812.1601799, "events": [{"op": "delete", "side": "ask", "price": 0.95}]}
{"t": 1776976814.181136, "events": [{"op": "set", "side": "ask", "price": 0.94, "size": 10443.39}]}
{"t": 1776976816.192041, "events": [{"op": "set", "side": "ask", "price": 0.94, "size": 9829.39}]}
{"t": 1776976817.207639, "events": [{"op": "set", "side": "ask", "price": 0.95, "size": 614.0}]}
{"t": 1776976820.246989, "events": [{"op": "delete", "side": "ask", "price": 0.95}]}
{"t": 1776976821.2622788, "events": [{"op": "set", "side": "ask", "price": 0.94, "size": 10443.39}]}
{"t": 1776976823.281095, "events": [{"op": "delete", "side": "bid", "price": 0.04}, {"op": "set", "side": "bid", "price": 0.03, "size": 659.94}, {"op": "set", "side": "ask", "price": 0.81, "size": 86.0}, {"op": "set", "side": "ask", "price": 0.9, "size": 197.0}, {"op": "set", "side": "ask", "price": 0.94, "size": 9829.39}, {"op": "set", "side": "ask", "price": 0.95, "size": 614.0}]}
{"t": 1776976825.307746, "events": [{"op": "delete", "side": "ask", "price": 0.95}]}
{"t": 1776976826.322222, "events": [{"op": "set", "side": "bid", "price": 0.03, "size": 1273.94}, {"op": "set", "side": "bid", "price": 0.04, "size": 386.0}, {"op": "set", "side": "ask", "price": 0.81, "size": 612.0}, {"op": "set", "side": "ask", "price": 0.9, "size": 890.0}, {"op": "set", "side": "ask", "price": 0.94, "size": 10443.39}]}
{"t": 1776976830.3663218, "events": [{"op": "set", "side": "ask", "price": 0.9, "size": 693.0}, {"op": "set", "side": "ask", "price": 0.94, "size": 9829.39}]}
{"t": 1776976831.380969, "events": [{"op": "set", "side": "ask", "price": 0.81, "size": 676.0}, {"op": "set", "side": "ask", "price": 0.9, "size": 796.0}, {"op": "set", "side": "ask", "price": 0.95, "size": 614.0}]}
{"t": 1776976834.404785, "events": [{"op": "set", "side": "ask", "price": 0.81, "size": 612.0}, {"op": "delete", "side": "ask", "price": 0.9}, {"op": "delete", "side": "ask", "price": 0.95}]}
{"t": 1776976836.4244428, "events": [{"op": "set", "side": "ask", "price": 0.76, "size": 821.0}, {"op": "set", "side": "ask", "price": 0.81, "size": 882.0}, {"op": "set", "side": "ask", "price": 0.94, "size": 10443.39}]}
{"t": 1776976839.444206, "events": [{"op": "set", "side": "ask", "price": 0.94, "size": 9829.39}]}
{"t": 1776976840.4514198, "events": [{"op": "set", "side": "ask", "price": 0.95, "size": 614.0}]}
{"t": 1776976843.4774091, "events": [{"op": "delete", "side": "ask", "price": 0.95}]}
{"t": 1776976844.4879239, "events": [{"op": "set", "side": "ask", "price": 0.94, "size": 10443.39}]}
{"t": 1776976856.5596192, "events": [{"op": "set", "side": "ask", "price": 0.94, "size": 9829.39}]}
{"t": 1776976857.581012, "events": [{"op": "set", "side": "ask", "price": 0.95, "size": 614.0}]}
{"t": 1776976862.621618, "events": [{"op": "delete", "side": "ask", "price": 0.95}]}
{"t": 1776976864.6476958, "events": [{"op": "set", "side": "ask", "price": 0.94, "size": 10443.39}]}
{"t": 1776976873.730138, "events": [{"op": "delete", "side": "bid", "price": 0.04}, {"op": "set", "side": "bid", "price": 0.03, "size": 659.94}, {"op": "set", "side": "ask", "price": 0.76, "size": 231.0}, {"op": "set", "side": "ask", "price": 0.81, "size": 86.0}, {"op": "set", "side": "ask", "price": 0.94, "size": 9829.39}]}
{"t": 1776976876.771445, "events": [{"op": "set", "side": "bid", "price": 0.03, "size": 1273.94}, {"op": "set", "side": "bid", "price": 0.04, "size": 386.0}, {"op": "set", "side": "ask", "price": 0.76, "size": 742.0}, {"op": "set", "side": "ask", "price": 0.81, "size": 770.0}, {"op": "set", "side": "ask", "price": 0.94, "size": 10443.39}]}
{"t": 1776976880.821571, "events": [{"op": "set", "side": "ask", "price": 0.76, "size": 821.0}, {"op": "set", "side": "ask", "price": 0.81, "size": 882.0}, {"op": "set", "side": "ask", "price": 0.94, "size": 9829.39}, {"op": "set", "side": "ask", "price": 0.95, "size": 614.0}]}
{"t": 1776976885.872129, "events": [{"op": "delete", "side": "ask", "price": 0.95}]}
{"t": 1776976886.884876, "events": [{"op": "set", "side": "ask", "price": 0.94, "size": 10443.39}]}
{"t": 1776976889.923457, "events": [{"op": "set", "side": "ask", "price": 0.94, "size": 9829.39}]}
{"t": 1776976890.94024, "events": [{"op": "set", "side": "ask", "price": 0.95, "size": 614.0}]}
{"t": 1776976894.0004108, "events": [{"op": "delete", "side": "ask", "price": 0.95}]}
{"t": 1776976896.023417, "events": [{"op": "set", "side": "ask", "price": 0.94, "size": 10443.39}]}
{"t": 1776976900.0714052, "events": [{"op": "set", "side": "ask", "price": 0.94, "size": 9829.39}]}
{"t": 1776976902.095287, "events": [{"op": "set", "side": "ask", "price": 0.95, "size": 614.0}]}
{"t": 1776976905.158245, "events": [{"op": "delete", "side": "ask", "price": 0.95}]}
{"t": 1776976908.196084, "events": [{"op": "set", "side": "ask", "price": 0.94, "size": 10443.39}]}
{"t": 1776976911.240003, "events": [{"op": "set", "side": "ask", "price": 0.94, "size": 9829.39}]}
{"t": 1776976912.4020412, "events": [{"op": "set", "side": "ask", "price": 0.95, "size": 614.0}]}
{"t": 1776976929.578751, "events": [{"op": "delete", "side": "ask", "price": 0.95}]}
{"t": 1776976930.605024, "events": [{"op": "set", "side": "ask", "price": 0.94, "size": 10443.39}]}
{"t": 1776976938.691734, "events": [{"op": "set", "side": "ask", "price": 0.94, "size": 9829.39}, {"op": "set", "side": "ask", "price": 0.95, "size": 614.0}]}
{"t": 1776976969.9200552, "events": [{"op": "delete", "side": "ask", "price": 0.95}]}
{"t": 1776976970.939878, "events": [{"op": "set", "side": "ask", "price": 0.94, "size": 10443.39}]}
{"t": 1776976976.001222, "events": [{"op": "set", "side": "ask", "price": 0.94, "size": 9829.39}]}
{"t": 1776976977.017309, "events": [{"op": "set", "side": "ask", "price": 0.95, "size": 614.0}]}
{"t": 1776976979.055949, "events": [{"op": "delete", "side": "ask", "price": 0.95}]}
{"t": 1776976980.067904, "events": [{"op": "set", "side": "ask", "price": 0.94, "size": 10443.39}]}
{"t": 1776976992.1589901, "events": [{"op": "set", "side": "ask", "price": 0.94, "size": 9829.39}, {"op": "set", "side": "ask", "price": 0.95, "size": 614.0}]}
{"t": 1776976997.2072861, "events": [{"op": "set", "side": "ask", "price": 0.94, "size": 10443.39}, {"op": "delete", "side": "ask", "price": 0.95}]}
{"t": 1776977009.313969, "events": [{"op": "set", "side": "ask", "price": 0.94, "size": 9829.39}, {"op": "set", "side": "ask", "price": 0.95, "size": 614.0}]}
{"t": 1776977022.481051, "events": [{"op": "delete", "side": "ask", "price": 0.95}]}
{"t": 1776977023.497673, "events": [{"op": "set", "side": "ask", "price": 0.94, "size": 10443.39}]}
{"t": 1776977024.50718, "events": [{"op": "set", "side": "ask", "price": 0.94, "size": 9829.39}]}
{"t": 1776977025.520211, "events": [{"op": "set", "side": "ask", "price": 0.95, "size": 614.0}]}
{"t": 1776977027.54447, "events": [{"op": "delete", "side": "bid", "price": 0.04}, {"op": "set", "side": "bid", "price": 0.03, "size": 659.94}, {"op": "set", "side": "ask", "price": 0.76, "size": 231.0}, {"op": "set", "side": "ask", "price": 0.81, "size": 86.0}, {"op": "delete", "side": "ask", "price": 0.95}]}
{"t": 1776977031.587998, "events": [{"op": "set", "side": "bid", "price": 0.03, "size": 1273.94}, {"op": "set", "side": "bid", "price": 0.04, "size": 386.0}, {"op": "set", "side": "ask", "price": 0.76, "size": 742.0}, {"op": "set", "side": "ask", "price": 0.81, "size": 770.0}, {"op": "set", "side": "ask", "price": 0.94, "size": 10443.39}]}
{"t": 1776977036.641244, "events": [{"op": "set", "side": "ask", "price": 0.94, "size": 9829.39}]}
{"t": 1776977037.65825, "events": [{"op": "set", "side": "ask", "price": 0.76, "size": 821.0}, {"op": "set", "side": "ask", "price": 0.81, "size": 882.0}, {"op": "set", "side": "ask", "price": 0.95, "size": 614.0}]}
{"t": 1776977052.744798, "events": [{"op": "set", "side": "ask", "price": 0.94, "size": 10443.39}, {"op": "delete", "side": "ask", "price": 0.95}]}
{"t": 1776977057.7837021, "events": [{"op": "set", "side": "ask", "price": 0.94, "size": 9829.39}]}
{"t": 1776977058.819532, "events": [{"op": "set", "side": "ask", "price": 0.95, "size": 614.0}]}
{"t": 1776977075.923553, "events": [{"op": "delete", "side": "ask", "price": 0.95}]}
{"t": 1776977079.006007, "events": [{"op": "set", "side": "ask", "price": 0.94, "size": 10443.39}]}
{"t": 1776977088.161928, "events": [{"op": "set", "side": "ask", "price": 0.94, "size": 9829.39}, {"op": "set", "side": "ask", "price": 0.95, "size": 614.0}]}
{"t": 1776977094.2532868, "events": [{"op": "delete", "side": "ask", "price": 0.95}]}
{"t": 1776977095.277729, "events": [{"op": "set", "side": "ask", "price": 0.94, "size": 10443.39}]}
{"t": 1776977109.418417, "events": [{"op": "set", "side": "ask", "price": 0.94, "size": 9829.39}]}
{"t": 1776977111.429607, "events": [{"op": "set", "side": "ask", "price": 0.95, "size": 614.0}]}
{"t": 1776977113.45841, "events": [{"op": "delete", "side": "ask", "price": 0.95}]}
{"t": 1776977115.483753, "events": [{"op": "set", "side": "ask", "price": 0.94, "size": 10443.39}]}
{"t": 1776977130.577865, "events": [{"op": "delete", "side": "bid", "price": 0.04}, {"op": "set", "side": "bid", "price": 0.03, "size": 659.94}, {"op": "set", "side": "ask", "price": 0.76, "size": 231.0}, {"op": "set", "side": "ask", "price": 0.81, "size": 86.0}, {"op": "set", "side": "ask", "price": 0.94, "size": 9829.39}, {"op": "set", "side": "ask", "price": 0.95, "size": 190.0}]}
{"t":1776978859.757362,"e":[[1,0,0.03,126.0],[1,0,0.04,58.0],[1,1,0.76,674.0],[1,1,0.81,683.0],[1,1,0.95,579.0]]}
{"t":1776978862.78689,"e":[[1,0,0.03,121.0],[1,1,0.76,231.0],[1,1,0.81,86.0],[1,1,0.95,330.0]]}
{"t":1776978863.79263,"e":[[1,0,0.04,169.0],[1,1,0.94,10025.39],[1,1,0.95,483.0]]}
{"t":1776978869.856717,"e":[[0,0,0.04],[1,0,0.03,35.0],[1,1,0.94,9829.39],[1,1,0.95,119.0]]}
{"t":1776978870.8758981,"e":[[1,0,0.03,126.0],[1,0,0.04,57.0],[1,1,0.76,674.0],[1,1,0.81,683.0],[1,1,0.95,579.0]]}
{"t":1776978880.958843,"e":[[1,0,0.04,124.0],[1,0,0.03,120.0],[1,1,0.76,231.0],[1,1,0.81,86.0],[1,1,0.94,10026.39],[1,1,0.95,330.0]]}
{"t":1776978882.9880111,"e":[[1,0,0.04,168.0],[1,1,0.95,483.0]]}
{"t":1776978892.061598,"e":[[1,0,0.04,123.0],[1,1,0.94,9996.39],[1,1,0.95,298.0]]}
{"t":1776978894.083298,"e":[[1,0,0.04,166.0],[1,0,0.03,119.0],[1,1,0.94,9979.39],[1,1,0.95,397.0]]}
{"t":1776978901.116956,"e":[[1,0,0.04,122.0],[1,1,0.95,280.0]]}
{"t":1776978902.12876,"e":[[1,1,0.94,9969.39],[1,1,0.95,269.0]]}
{"t":1776978903.141529,"e":[[1,0,0.04,165.0],[1,1,0.95,378.0]]}
{"t":1776978905.168921,"e":[[1,0,0.04,122.0],[1,1,0.95,269.0]]}
{"t":1776978906.199552,"e":[[1,0,0.04,121.0],[1,1,0.94,9963.39],[1,1,0.95,263.0]]}
{"t":1776978907.2094898,"e":[[1,0,0.04,164.0],[1,1,0.95,367.0]]}
{"t":1776978909.223537,"e":[[0,0,0.04],[1,0,0.03,35.0],[1,1,0.94,9829.39],[1,1,0.95,119.0]]}
{"t":1776978910.24915,"e":[[1,0,0.03,78.0],[1,1,0.96,102.0]]}
{"t":1776978911.2565901,"e":[[0,1,0.96]]}
{"t":1776978915.3441558,"e":[[1,0,0.03,119.0],[1,0,0.04,161.0],[1,1,0.76,674.0],[1,1,0.81,683.0],[1,1,0.95,579.0]]}
{"t":1776978924.409956,"e":[[1,0,0.04,163.0],[1,0,0.03,118.0],[1,1,0.76,231.0],[1,1,0.81,86.0],[1,1,0.94,10028.39],[1,1,0.95,485.0]]}
{"t":1776978929.4566789,"e":[[1,0,0.04,119.0],[1,1,0.95,331.0]]}
{"t":1776978930.468961,"e":[[1,0,0.04,161.0],[1,0,0.03,117.0],[1,1,0.94,9998.39],[1,1,0.95,431.0]]}
{"t":1776978933.487251,"e":[[1,0,0.04,55.0],[1,0,0.03,122.0],[1,1,0.76,674.0],[1,1,0.81,683.0],[1,1,0.94,9829.39],[1,1,0.95,579.0]]}
{"t":1776978937.528013,"e":[[1,0,0.04,161.0],[1,0,0.03,117.0],[1,1,0.76,231.0],[1,1,0.81,86.0],[1,1,0.94,10028.39],[1,1,0.95,486.0]]}
{"t":1776978939.546706,"e":[[1,0,0.04,118.0],[1,1,0.94,9998.39],[1,1,0.95,300.0]]}
{"t":1776978940.554606,"e":[[1,0,0.04,160.0],[1,1,0.95,431.0]]}
{"t":1776978942.8010938,"e":[[1,0,0.04,118.0],[1,1,0.94,9981.39],[1,1,0.95,283.0]]}
{"t":1776978943.870709,"e":[[1,0,0.04,160.0],[1,1,0.95,402.0]]}
{"t":1776978944.886556,"e":[[1,0,0.04,118.0],[1,1,0.94,9972.39],[1,1,0.95,272.0]]}
{"t":1776978945.9015749,"e":[[1,0,0.04,160.0],[1,1,0.95,383.0]]}
{"t":1776978958.996638,"e":[[1,0,0.04,118.0],[1,1,0.95,272.0]]}
{"t":1776978960.003504,"e":[[1,0,0.04,159.0],[1,0,0.03,115.0],[1,1,0.94,9967.39],[1,1,0.95,372.0]]}
{"t":1776978963.0350468,"e":[[1,0,0.04,117.0],[1,1,0.95,266.0]]}
{"t":1776978964.042811,"e":[[1,0,0.04,159.0],[1,1,0.94,9963.39],[1,1,0.95,367.0]]}
{"t":1776978975.102098,"e":[[1,0,0.04,116.0],[1,1,0.94,9962.39],[1,1,0.95,262.0]]}
{"t":1776978976.111923,"e":[[1,0,0.04,157.0],[1,1,0.95,366.0]]}
{"t":1776978979.146398,"e":[[0,0,0.04],[1,0,0.03,35.0],[1,1,0.94,9829.39],[1,1,0.95,119.0]]}
{"t":1776978983.1908631,"e":[[1,0,0.03,120.0],[1,0,0.04,53.0],[1,1,0.76,674.0],[1,1,0.81,683.0],[1,1,0.95,579.0]]}
{"t":1776978987.2190342,"e":[[1,0,0.03,114.0],[1,1,0.76,231.0],[1,1,0.81,86.0],[1,1,0.95,334.0]]}
{"t":1776978988.237164,"e":[[1,0,0.04,156.0],[1,1,0.94,10029.39],[1,1,0.95,490.0]]}
{"t":1776978995.287495,"e":[[1,0,0.04,115.0],[1,1,0.94,10001.39],[1,1,0.95,304.0]]}
{"t":1776978996.2944121,"e":[[1,0,0.04,156.0],[1,1,0.95,438.0]]}
{"t":1776978998.314678,"e":[[1,0,0.04,115.0],[1,1,0.94,9985.39],[1,1,0.95,286.0]]}
{"t":1776978999.3208299,"e":[[1,0,0.04,156.0],[1,1,0.95,408.0]]}
{"t":1776979001.330666,"e":[[1,0,0.04,115.0],[1,1,0.94,9976.39],[1,1,0.95,276.0]]}
{"t":1776979002.34357,"e":[[1,0,0.04,156.0],[1,1,0.95,390.0]]}
{"t":1776979005.3668659,"e":[[1,0,0.04,114.0],[1,1,0.94,9970.39],[1,1,0.95,270.0]]}
{"t":1776979006.375099,"e":[[0,0,0.04],[1,0,0.03,35.0],[1,1,0.94,9829.39],[1,1,0.95,119.0]]}
{"t":1776979010.423535,"e":[[1,0,0.03,118.0],[1,0,0.04,52.0],[1,1,0.76,674.0],[1,1,0.81,683.0],[1,1,0.95,579.0]]}
{"t":1776979011.428853,"e":[[1,1,0.76,231.0],[1,1,0.81,86.0]]}
{"t":1776979012.437783,"e":[[1,0,0.04,114.0],[1,0,0.03,114.0],[1,1,0.94,10030.39],[1,1,0.95,334.0]]}
{"t":1776979014.457608,"e":[[1,1,0.94,10001.39],[1,1,0.95,304.0]]}
{"t":1776979015.468698,"e":[[1,0,0.04,155.0],[1,1,0.95,438.0]]}
{"t":1776979016.473633,"e":[[1,1,0.94,9986.39],[1,1,0.95,409.0]]}
{"t":1776979021.503144,"e":[[0,0,0.04],[1,0,0.03,35.0],[1,1,0.94,9829.39],[1,1,0.95,119.0]]}
{"t":1776979023.5258439,"e":[[1,0,0.03,117.0],[1,0,0.04,52.0],[1,1,0.76,674.0],[1,1,0.81,683.0],[1,1,0.95,579.0]]}
{"t":1776979029.587926,"e":[[1,0,0.03,113.0],[1,1,0.76,231.0],[1,1,0.81,86.0],[1,1,0.95,335.0]]}
{"t":1776979030.603501,"e":[[1,0,0.04,154.0],[1,1,0.94,10031.39],[1,1,0.95,492.0]]}
{"t":1776979032.6179898,"e":[[1,0,0.04,113.0],[1,1,0.95,335.0]]}
{"t":1776979033.631568,"e":[[1,0,0.04,153.0],[1,1,0.94,10003.39],[1,1,0.95,442.0]]}
{"t":1776979039.688419,"e":[[1,0,0.04,113.0],[1,1,0.95,306.0]]}
{"t":1776979040.7005498,"e":[[1,0,0.04,152.0],[1,0,0.03,112.0],[1,1,0.94,9987.39],[1,1,0.95,412.0]]}
{"t":1776979041.708986,"e":[[1,0,0.04,112.0],[1,1,0.94,9978.39],[1,1,0.95,279.0]]}
{"t":1776979042.716481,"e":[[1,0,0.04,152.0],[1,1,0.95,395.0]]}
{"t":1776979046.756191,"e":[[1,0,0.04,112.0],[1,1,0.95,279.0]]}
{"t":1776979047.772817,"e":[[1,0,0.04,151.0],[1,1,0.94,9973.39],[1,1,0.95,384.0]]}
{"t":1776979048.783055,"e":[[1,0,0.04,111.0],[1,1,0.94,9970.39],[1,1,0.95,270.0]]}
{"t":1776979049.796087,"e":[[1,0,0.04,151.0],[1,1,0.95,379.0]]}
{"t":1776979050.810624,"e":[[1,0,0.04,111.0],[1,1,0.94,9968.39],[1,1,0.95,268.0]]}
{"t":1776979051.816988,"e":[[1,0,0.04,151.0],[1,1,0.95,376.0]]}
{"t":1776979063.923606,"e":[[1,0,0.04,111.0],[1,0,0.03,111.0],[1,1,0.95,267.0]]}
{"t":1776979064.9312482,"e":[[1,0,0.04,151.0],[1,1,0.95,374.0]]}
{"t":1776979067.955457,"e":[[1,0,0.04,149.0],[1,1,0.94,9967.39],[1,1,0.95,267.0]]}
{"t":1776979068.960734,"e":[[1,0,0.04,110.0]]}
{"t":1776979069.968309,"e":[[1,0,0.04,149.0],[1,1,0.95,374.0]]}
{"t":1776979074.997067,"e":[[1,0,0.04,110.0],[1,1,0.95,267.0]]}
{"t":1776979076.0149,"e":[[1,0,0.04,149.0],[1,1,0.95,374.0]]}
{"t":1776979077.01964,"e":[[1,0,0.04,110.0],[1,1,0.95,267.0]]}
{"t":1776979078.0877068,"e":[[1,0,0.04,149.0],[1,1,0.95,374.0]]}
{"t":1776979079.104359,"e":[[1,0,0.04,110.0],[1,1,0.95,267.0]]}
{"t":1776979080.118677,"e":[[1,0,0.04,149.0],[1,1,0.95,374.0]]}
{"t":1776979081.134896,"e":[[0,0,0.04],[1,0,0.03,35.0],[1,1,0.94,9829.39],[1,1,0.95,119.0]]}
{"t":1776979082.147449,"e":[[1,1,0.96,107.0]]}
{"t":1776979083.1631098,"e":[[1,0,0.03,74.0]]}
{"t":1776979084.171616,"e":[[1,0,0.03,111.0],[1,0,0.04,108.0],[1,1,0.76,674.0],[1,1,0.81,683.0],[1,1,0.95,579.0],[0,1,0.96]]}
{"t":1776979085.186368,"e":[[1,0,0.04,146.0]]}
{"t":1776979087.206999,"e":[[1,0,0.04,109.0],[1,1,0.76,231.0],[1,1,0.81,86.0],[1,1,0.95,337.0]]}
{"t":1776979088.2138398,"e":[[1,0,0.04,148.0],[1,1,0.94,10032.39],[1,1,0.95,495.0]]}
{"t":1776979096.274104,"e":[[1,0,0.04,109.0],[1,0,0.03,110.0],[1,1,0.94,10006.39],[1,1,0.95,309.0]]}
{"t":1776979097.281425,"e":[[1,0,0.04,148.0],[1,1,0.95,447.0]]}
{"t":1776979102.3232388,"e":[[0,0,0.04],[1,0,0.03,35.0],[1,1,0.94,9829.39],[1,1,0.95,119.0]]}
{"t":1776979107.379297,"e":[[1,0,0.03,114.0],[1,0,0.04,49.0],[1,1,0.76,674.0],[1,1,0.81,683.0],[1,1,0.95,579.0]]}
{"t":1776979111.404879,"e":[[0,0,0.04],[1,0,0.03,35.0],[1,1,0.76,231.0],[1,1,0.81,86.0],[1,1,0.95,119.0]]}
{"t":1776979113.428629,"e":[[1,0,0.03,114.0],[1,0,0.04,49.0],[1,1,0.76,674.0],[1,1,0.81,683.0],[1,1,0.95,579.0]]}
{"t":1776979117.451895,"e":[[1,1,0.76,231.0],[1,1,0.81,86.0]]}
{"t":1776979118.460242,"e":[[1,0,0.04,147.0],[1,0,0.03,109.0],[1,1,0.94,10033.39],[1,1,0.95,496.0]]}
{"t":1776979130.556236,"e":[[0,0,0.04],[1,0,0.03,35.0],[1,1,0.94,9829.39],[1,1,0.95,119.0]]}
{"t":1776979132.568574,"e":[[1,0,0.03,113.0],[1,0,0.04,49.0],[1,1,0.76,674.0],[1,1,0.81,683.0],[1,1,0.95,579.0]]}
{"t":1776979135.5978959,"e":[[0,0,0.04],[1,0,0.03,35.0],[1,1,0.76,231.0],[1,1,0.81,86.0],[1,1,0.95,119.0]]}
{"t":1776979138.624363,"e":[[1,0,0.03,112.0],[1,0,0.04,49.0],[1,1,0.76,674.0],[1,1,0.81,683.0],[1,1,0.95,579.0]]}
{"t":1776979147.682015,"e":[[1,0,0.04,107.0],[1,0,0.03,108.0],[1,1,0.76,231.0],[1,1,0.81,86.0],[1,1,0.94,10034.39],[1,1,0.95,338.0]]}
{"t":1776979148.6882508,"e":[[1,0,0.04,145.0],[1,1,0.95,497.0]]}
{"t":1776979150.7065759,"e":[[1,0,0.04,107.0],[1,1,0.95,338.0]]}
{"t":1776979151.711597,"e":[[1,0,0.04,145.0],[1,1,0.94,10008.39],[1,1,0.95,450.0]]}
{"t":1776979162.765724,"e":[[0,0,0.04],[1,0,0.03,35.0],[1,1,0.94,9829.39],[1,1,0.95,119.0]]}
{"t":1776979165.8170938,"e":[[1,0,0.03,112.0],[1,0,0.04,48.0],[1,1,0.76,674.0],[1,1,0.81,683.0],[1,1,0.95,579.0]]}
{"t":1776979168.883063,"e":[[1,1,0.76,231.0],[1,1,0.81,86.0]]}
{"t":1776979169.900068,"e":[[1,0,0.04,106.0],[1,0,0.03,108.0],[1,1,0.94,10034.39],[1,1,0.95,339.0]]}
{"t":1776979170.91721,"e":[[1,0,0.04,144.0],[1,1,0.95,499.0]]}
{"t":1776979171.93222,"e":[[1,0,0.04,106.0],[1,0,0.03,107.0],[1,1,0.94,10009.39],[1,1,0.95,312.0]]}
{"t":1776979172.939529,"e":[[1,0,0.04,144.0],[1,1,0.95,452.0]]}
{"t":1776979192.094267,"e":[[1,0,0.04,105.0],[1,1,0.94,9995.39],[1,1,0.95,297.0]]}
{"t":1776979193.106602,"e":[[1,0,0.04,142.0],[1,1,0.95,425.0]]}
{"t":1776979208.261129,"e":[[0,0,0.04],[1,0,0.03,35.0],[1,1,0.94,9829.39],[1,1,0.95,119.0]]}
{"t":1776979211.32776,"e":[[1,0,0.03,110.0],[1,0,0.04,47.0],[1,1,0.76,674.0],[1,1,0.81,683.0],[1,1,0.95,579.0]]}
{"t":1776979212.337474,"e":[[1,1,0.76,231.0],[1,1,0.81,86.0]]}
{"t":1776979213.3565571,"e":[[1,0,0.04,104.0],[1,0,0.03,106.0],[1,1,0.94,10036.39],[1,1,0.95,340.0]]}
{"t":1776979215.387918,"e":[[1,1,0.94,10011.39],[1,1,0.95,314.0]]}
{"t":1776979216.404161,"e":[[1,0,0.04,141.0],[1,1,0.95,455.0]]}
{"t":1776979217.412131,"e":[[1,0,0.04,104.0],[1,1,0.95,314.0]]}
{"t":1776979218.4224992,"e":[[1,0,0.04,141.0],[1,1,0.94,9996.39],[1,1,0.95,428.0]]}
{"t":1776979223.484946,"e":[[1,0,0.04,103.0],[1,1,0.94,9988.39],[1,1,0.95,289.0]]}
{"t":1776979224.5004532,"e":[[1,0,0.04,140.0],[1,1,0.95,412.0]]}
{"t":1776979234.5730119,"e":[[1,0,0.04,103.0],[1,1,0.94,9983.39],[1,1,0.95,284.0]]}
{"t":1776979235.5862029,"e":[[1,0,0.04,140.0],[1,1,0.95,404.0]]}
{"t":1776979244.683896,"e":[[1,0,0.04,102.0],[1,0,0.03,105.0],[1,1,0.94,9981.39],[1,1,0.95,282.0]]}
{"t":1776979245.703907,"e":[[1,0,0.04,139.0],[1,1,0.95,401.0]]}
{"t":1776979250.753281,"e":[[0,0,0.04],[1,0,0.03,35.0],[1,1,0.94,9829.39],[1,1,0.95,119.0]]}
{"t":1776979251.799284,"e":[[1,0,0.03,134.0],[1,0,0.04,261.0],[1,1,0.76,674.0],[1,1,0.81,683.0],[1,1,0.95,579.0]]}
{"t":1776979253.834037,"e":[[1,0,0.04,386.0]]}
{"t":1776979255.8658319,"e":[[1,0,0.04,261.0],[1,1,0.76,231.0],[1,1,0.81,86.0]]}
{"t":1776979256.887512,"e":[[1,0,0.04,96.0],[1,0,0.03,94.0],[1,1,0.94,10036.39],[1,1,0.95,341.0]]}
{"t":1776979257.904416,"e":[[1,0,0.04,133.0],[1,1,0.95,502.0]]}
{"t":1776979260.946314,"e":[[1,0,0.04,101.0],[1,1,0.94,10012.39],[1,1,0.95,315.0]]}
{"t":1776979261.959753,"e":[[1,0,0.04,137.0],[1,0,0.03,105.0],[1,1,0.95,457.0]]}
{"t":1776979262.975913,"e":[[1,0,0.04,101.0],[1,0,0.03,104.0],[1,1,0.94,9998.39],[1,1,0.95,300.0]]}
{"t":1776979264.991877,"e":[[1,0,0.04,137.0],[1,1,0.95,431.0]]}
{"t":1776979277.085877,"e":[[1,0,0.04,101.0],[1,1,0.94,9990.39],[1,1,0.95,292.0]]}
{"t":1776979278.1032362,"e":[[1,0,0.04,137.0],[1,1,0.95,418.0]]}
{"t":1776979286.150522,"e":[[0,0,0.04],[1,0,0.03,35.0],[1,1,0.94,9829.39],[1,1,0.95,119.0]]}
{"t":1776979289.188255,"e":[[1,0,0.03,107.0],[1,0,0.04,46.0],[1,1,0.76,674.0],[1,1,0.81,683.0],[1,1,0.95,579.0]]}
{"t":1776979297.236424,"e":[[1,1,0.76,231.0],[1,1,0.81,86.0]]}
{"t":1776979298.2418702,"e":[[1,0,0.04,136.0],[1,0,0.03,104.0],[1,1,0.94,10037.39],[1,1,0.95,504.0]]}
{"t":1776979305.292248,"e":[[1,0,0.04,100.0],[1,0,0.03,103.0],[1,1,0.94,10014.39],[1,1,0.95,317.0]]}
{"t":1776979307.324513,"e":[[1,0,0.04,136.0],[1,1,0.95,461.0]]}
{"t":1776979308.3388212,"e":[[1,0,0.04,100.0],[1,1,0.94,10001.39],[1,1,0.95,303.0]]}
{"t":1776979310.3758469,"e":[[1,0,0.04,136.0],[1,1,0.95,436.0]]}
{"t":1776979317.421278,"e":[[1,0,0.04,100.0],[1,1,0.95,303.0]]}
{"t":1776979318.4339468,"e":[[1,0,0.04,99.0],[1,1,0.94,9993.39],[1,1,0.95,295.0]]}
{"t":1776979320.462201,"e":[[1,0,0.04,135.0],[1,1,0.94,9989.39],[1,1,0.95,413.0]]}
{"t":1776979322.47595,"e":[[0,0,0.04],[1,0,0.03,35.0],[1,1,0.94,9829.39],[1,1,0.95,119.0]]}
{"t":1776979328.557861,"e":[[1,0,0.03,106.0],[1,0,0.04,45.0],[1,1,0.76,674.0],[1,1,0.81,683.0],[1,1,0.95,579.0]]}
{"t":1776979333.597672,"e":[[1,0,0.03,103.0],[1,1,0.76,231.0],[1,1,0.81,86.0],[1,1,0.95,343.0]]}
{"t":1776979334.6102242,"e":[[1,0,0.04,135.0],[1,1,0.94,10039.39],[1,1,0.95,506.0]]}
{"t":1776979336.631683,"e":[[1,0,0.04,99.0],[1,1,0.94,10015.39],[1,1,0.95,319.0]]}
{"t":1776979337.6378639,"e":[[1,0,0.04,135.0],[1,1,0.95,464.0]]}
{"t":1776979341.685932,"e":[[1,0,0.04,98.0],[1,1,0.94,10002.39],[1,1,0.95,304.0]]}
{"t":1776979342.6955898,"e":[[1,0,0.04,133.0],[1,1,0.95,438.0]]}
{"t":1776979355.772204,"e":[[1,0,0.04,98.0],[1,1,0.94,9995.39],[1,1,0.95,296.0]]}
{"t":1776979356.792733,"e":[[1,0,0.04,133.0],[1,1,0.95,424.0]]}
{"t":1776979357.799739,"e":[[0,0,0.04],[1,0,0.03,35.0],[1,1,0.94,9829.39],[1,1,0.95,119.0]]}
{"t":1776979358.815964,"e":[[1,0,0.03,105.0],[1,0,0.04,44.0],[1,1,0.76,674.0],[1,1,0.81,683.0],[1,1,0.95,579.0]]}
{"t":1776979360.8311691,"e":[[1,0,0.04,98.0],[1,0,0.03,103.0],[1,1,0.76,231.0],[1,1,0.81,86.0],[1,1,0.94,10039.39],[1,1,0.95,344.0]]}
{"t":1776979361.842939,"e":[[1,0,0.04,133.0],[1,1,0.95,507.0]]}
{"t":1776979373.992595,"e":[[0,0,0.04],[1,0,0.03,35.0],[1,1,0.94,9829.39],[1,1,0.95,119.0]]}
{"t":1776979377.03843,"e":[[1,0,0.03,104.0],[1,0,0.04,44.0],[1,1,0.76,674.0],[1,1,0.81,683.0],[1,1,0.95,579.0]]}
{"t":1776979382.096734,"e":[[1,1,0.76,231.0],[1,1,0.81,86.0]]}
{"t":1776979383.121564,"e":[[1,0,0.04,98.0],[1,0,0.03,102.0],[1,1,0.94,10039.39],[1,1,0.95,344.0]]}
{"t":1776979384.14145,"e":[[1,0,0.04,133.0],[1,1,0.95,507.0]]}
{"t":1776979385.153574,"e":[[1,0,0.04,98.0],[1,1,0.95,344.0]]}
{"t":1776979386.1697469,"e":[[1,0,0.04,132.0],[1,1,0.94,10017.39],[1,1,0.95,320.0]]}
{"t":1776979387.185892,"e":[[1,1,0.95,466.0]]}
{"t":1776979389.2100039,"e":[[1,0,0.04,97.0],[1,1,0.95,320.0]]}
{"t":1776979390.232039,"e":[[1,0,0.04,132.0],[1,1,0.94,10004.39],[1,1,0.95,443.0]]}
{"t":1776979391.2484758,"e":[[1,0,0.04,97.0],[1,1,0.94,9996.39],[1,1,0.95,299.0]]}
{"t":1776979392.2631328,"e":[[1,0,0.04,132.0],[1,1,0.95,430.0]]}
{"t":1776979393.279681,"e":[[0,0,0.04],[1,0,0.03,35.0],[1,1,0.94,9829.39],[1,1,0.95,119.0]]}
{"t":1776979396.311556,"e":[[1,0,0.03,104.0],[1,0,0.04,44.0],[1,1,0.76,674.0],[1,1,0.81,683.0],[1,1,0.95,579.0]]}
{"t":1776979399.3492742,"e":[[1,1,0.76,231.0],[1,1,0.81,86.0]]}
{"t":1776979400.3651772,"e":[[1,0,0.04,97.0],[1,0,0.03,101.0],[1,1,0.94,10039.39],[1,1,0.95,345.0]]}
{"t":1776979402.4014459,"e":[[1,1,0.94,10018.39],[1,1,0.95,321.0]]}
{"t":1776979404.426751,"e":[[0,0,0.04],[1,0,0.03,35.0],[1,1,0.94,9829.39],[1,1,0.95,119.0]]}
{"t":1776979408.486134,"e":[[1,0,0.03,104.0],[1,0,0.04,43.0],[1,1,0.76,674.0],[1,1,0.81,683.0],[1,1,0.95,579.0]]}
{"t":1776979411.523812,"e":[[1,0,0.03,101.0],[1,1,0.76,231.0],[1,1,0.81,86.0],[1,1,0.95,345.0]]}
{"t":1776979412.536916,"e":[[1,0,0.04,132.0],[1,1,0.94,10040.39],[1,1,0.95,509.0]]}
{"t":1776979413.552841,"e":[[1,0,0.04,97.0],[1,1,0.95,345.0]]}
{"t":1776979414.5676858,"e":[[1,0,0.04,130.0],[1,1,0.94,10018.39],[1,1,0.95,468.0]]}
{"t":1776979415.581123,"e":[[1,0,0.04,96.0],[1,1,0.94,10005.39],[1,1,0.95,308.0]]}
{"t":1776979416.597232,"e":[[1,0,0.04,130.0],[1,1,0.95,445.0]]}
{"t":1776979417.614811,"e":[[1,0,0.04,96.0],[1,1,0.94,9998.39],[1,1,0.95,300.0]]}
{"t":1776979418.630077,"e":[[1,0,0.04,130.0],[1,1,0.95,431.0]]}
{"t":1776979419.641139,"e":[[1,1,0.94,9993.39],[1,1,0.95,423.0]]}
{"t":1776979421.670975,"e":[[0,0,0.04],[1,0,0.03,69.0],[1,1,0.94,9829.39],[1,1,0.95,119.0],[1,1,0.96,126.0]]}
{"t":1776979424.820554,"e":[[1,0,0.03,101.0],[1,0,0.04,93.0],[1,1,0.76,674.0],[1,1,0.81,683.0],[1,1,0.95,579.0],[0,1,0.96]]}
{"t":1776979425.853899,"e":[[1,0,0.04,126.0]]}
{"t":1776979427.8736582,"e":[[1,0,0.04,96.0],[1,1,0.76,231.0],[1,1,0.81,86.0],[1,1,0.95,345.0]]}
{"t":1776979428.889528,"e":[[1,0,0.04,130.0],[1,1,0.94,10041.39],[1,1,0.95,509.0]]}
{"t":1776979440.0022578,"e":[[0,0,0.04],[1,0,0.03,35.0],[1,1,0.94,9829.39],[1,1,0.95,119.0]]}
{"t":1776979443.037045,"e":[[1,0,0.03,103.0],[1,0,0.04,43.0],[1,1,0.76,674.0],[1,1,0.81,683.0],[1,1,0.95,579.0]]}
{"t":1776979447.071342,"e":[[1,0,0.03,101.0],[1,1,0.76,231.0],[1,1,0.81,86.0],[1,1,0.95,346.0]]}
{"t":1776979449.0931761,"e":[[1,0,0.04,130.0],[1,1,0.94,10041.39],[1,1,0.95,511.0]]}
{"t":1776979456.160528,"e":[[1,0,0.04,96.0],[1,0,0.03,100.0],[1,1,0.94,10020.39],[1,1,0.95,323.0]]}
{"t":1776979457.176476,"e":[[1,0,0.04,130.0],[1,1,0.95,471.0]]}
{"t":1776979459.1927302,"e":[[1,0,0.04,95.0],[1,1,0.94,10007.39],[1,1,0.95,310.0]]}
{"t":1776979460.207338,"e":[[1,0,0.04,129.0],[1,1,0.95,448.0]]}
{"t":1776979464.24783,"e":[[1,0,0.04,95.0],[1,1,0.94,10000.39],[1,1,0.95,302.0]]}
{"t":1776979465.266315,"e":[[1,0,0.04,129.0],[1,1,0.95,435.0]]}
{"t":1776979470.303412,"e":[[1,0,0.04,95.0],[1,1,0.95,302.0]]}
{"t":1776979471.320408,"e":[[1,0,0.04,129.0],[1,1,0.94,9996.39],[1,1,0.95,427.0]]}
{"t":1776979473.350267,"e":[[1,0,0.04,95.0],[1,1,0.95,297.0]]}
{"t":1776979474.363505,"e":[[1,0,0.04,129.0],[1,1,0.94,9993.39],[1,1,0.95,423.0]]}
{"t":1776979480.4028952,"e":[[1,0,0.04,95.0],[1,0,0.03,99.0],[1,1,0.94,9992.39],[1,1,0.95,294.0]]}
{"t":1776979481.411958,"e":[[1,0,0.04,129.0],[1,1,0.95,421.0]]}
{"t":1776979499.5889611,"e":[[0,0,0.04],[1,0,0.03,35.0],[1,1,0.94,9829.39],[1,1,0.95,119.0]]}
{"t":1776979502.631507,"e":[[1,0,0.03,102.0],[1,0,0.04,42.0],[1,1,0.76,674.0],[1,1,0.81,683.0],[1,1,0.95,579.0]]}
{"t":1776979517.7607381,"e":[[1,0,0.04,94.0],[1,0,0.03,99.0],[1,1,0.76,231.0],[1,1,0.81,86.0],[1,1,0.94,10042.39],[1,1,0.95,347.0]]}
{"t":1776979518.7784152,"e":[[1,0,0.04,128.0],[1,1,0.95,512.0]]}
{"t":1776979528.87501,"e":[[1,0,0.04,94.0],[1,1,0.94,10022.39],[1,1,0.95,325.0]]}
{"t":1776979529.893357,"e":[[1,0,0.04,128.0],[1,1,0.95,474.0]]}
{"t":1776979533.9308631,"e":[[1,0,0.04,94.0],[1,1,0.94,10009.39],[1,1,0.95,312.0]]}
{"t":1776979534.9474502,"e":[[1,0,0.04,128.0],[1,1,0.95,453.0]]}
{"t":1776979543.091128,"e":[[1,0,0.04,94.0],[1,1,0.95,312.0]]}
{"t":1776979544.107719,"e":[[1,0,0.04,126.0],[1,0,0.03,98.0],[1,1,0.94,10003.39],[1,1,0.95,442.0]]}
{"t":1776979546.136721,"e":[[1,0,0.04,93.0],[1,1,0.94,10000.39],[1,1,0.95,302.0]]}
{"t":1776979547.157758,"e":[[1,0,0.04,126.0],[1,1,0.95,435.0]]}
{"t":1776979549.182074,"e":[[1,0,0.04,93.0],[1,1,0.95,302.0]]}
{"t":1776979550.200215,"e":[[1,1,0.94,9998.39],[1,1,0.95,299.0]]}
{"t":1776979551.2111318,"e":[[1,0,0.04,126.0],[1,1,0.95,430.0]]}
{"t":1776979570.357358,"e":[[1,0,0.04,92.0],[1,1,0.94,9996.39],[1,1,0.95,298.0]]}
{"t":1776979571.382963,"e":[[1,0,0.04,125.0],[1,1,0.95,428.0]]}
{"t":1776979572.401987,"e":[[1,0,0.04,92.0],[1,1,0.95,298.0]]}
{"t":1776979573.410888,"e":[[1,1,0.95,297.0]]}
{"t":1776979574.427465,"e":[[1,0,0.04,125.0],[1,1,0.95,427.0]]}
{"t":1776979579.4658911,"e":[[1,0,0.04,92.0],[1,1,0.94,9995.39],[1,1,0.95,297.0]]}
{"t":1776979580.485714,"e":[[1,0,0.04,125.0]]}
{"t":1776979581.498711,"e":[[1,1,0.95,427.0]]}
{"t":1776979589.551562,"e":[[1,0,0.04,92.0],[1,1,0.95,297.0]]}
{"t":1776979590.5762482,"e":[[1,0,0.04,125.0],[1,1,0.95,427.0]]}
{"t":1776979597.63286,"e":[[1,0,0.04,92.0],[1,1,0.95,297.0]]}
{"t":1776979598.648118,"e":[[1,0,0.04,125.0],[1,1,0.95,427.0]]}
{"t":1776979622.876734,"e":[[1,0,0.04,92.0],[1,1,0.95,297.0]]}
{"t":1776979624.910563,"e":[[1,0,0.04,125.0],[1,1,0.95,427.0]]}
{"t":1776979636.021319,"e":[[0,0,0.04],[1,0,0.03,35.0],[1,1,0.94,9829.39],[1,1,0.95,119.0]]}
{"t":1776979638.0686421,"e":[[1,0,0.03,100.0],[1,0,0.04,41.0],[1,1,0.76,674.0],[1,1,0.81,683.0],[1,1,0.95,579.0]]}
{"t":1776979640.0975099,"e":[[1,0,0.03,98.0],[1,1,0.76,231.0],[1,1,0.81,86.0],[1,1,0.95,349.0]]}
{"t":1776979641.110275,"e":[[1,0,0.04,51.0],[1,0,0.03,35.0],[1,1,0.94,10044.39],[1,1,0.95,119.0]]}
{"t":1776979642.12699,"e":[[1,0,0.04,84.0],[1,1,0.95,285.0]]}
{"t":1776979645.163307,"e":[[1,0,0.04,41.0],[1,1,0.94,9951.39],[1,1,0.95,249.0]]}
{"t":1776979646.186614,"e":[[1,0,0.03,100.0],[1,1,0.95,343.0]]}
{"t":1776979655.26619,"e":[[1,0,0.04,92.0],[1,0,0.03,98.0],[1,1,0.94,9969.39],[1,1,0.95,269.0]]}
{"t":1776979656.2835588,"e":[[1,0,0.04,125.0],[1,1,0.95,378.0]]}
{"t":1776979661.3273442,"e":[[1,1,0.94,9980.39],[1,1,0.95,398.0]]}
{"t":1776979664.359363,"e":[[1,0,0.04,92.0],[1,1,0.94,9951.39],[1,1,0.95,287.0]]}
{"t":1776979665.382648,"e":[[1,0,0.04,125.0],[1,1,0.94,9987.39],[1,1,0.95,409.0]]}
{"t":1776979666.401193,"e":[[1,0,0.04,92.0],[1,1,0.94,9951.39],[1,1,0.95,291.0]]}
{"t":1776979667.4168692,"e":[[1,0,0.04,125.0],[1,1,0.94,9990.39],[1,1,0.95,416.0]]}
{"t":1776979669.4522712,"e":[[1,0,0.04,92.0],[1,1,0.94,9992.39],[1,1,0.95,294.0]]}
{"t":1776979670.4684439,"e":[[1,0,0.04,125.0],[1,1,0.95,420.0]]}
{"t":1776979672.485158,"e":[[1,1,0.94,9993.39],[1,1,0.95,423.0]]}
{"t":1776979673.505915,"e":[[0,0,0.04],[1,0,0.03,35.0],[1,1,0.94,9829.39],[1,1,0.95,119.0]]}
{"t":1776979677.5577102,"e":[[1,0,0.03,100.0],[1,0,0.04,41.0],[1,1,0.76,674.0],[1,1,0.81,683.0],[1,1,0.95,579.0]]}
{"t":1776979689.638497,"e":[[1,0,0.04,92.0],[1,0,0.03,98.0],[1,1,0.76,231.0],[1,1,0.81,86.0],[1,1,0.94,10044.39],[1,1,0.95,349.0]]}
{"t":1776979691.66694,"e":[[1,0,0.04,125.0],[1,1,0.95,515.0]]}
{"t":1776979700.771796,"e":[[1,1,0.94,10023.39],[1,1,0.95,477.0]]}
{"t":1776979714.936487,"e":[[0,0,0.04],[1,0,0.03,35.0],[1,1,0.94,9829.39],[1,1,0.95,119.0]]}
{"t":1776979718.986039,"e":[[1,0,0.03,100.0],[1,0,0.04,41.0],[1,1,0.76,674.0],[1,1,0.81,683.0],[1,1,0.95,579.0]]}
{"t":1776979723.0563111,"e":[[1,0,0.03,98.0],[1,1,0.76,231.0],[1,1,0.81,86.0],[1,1,0.95,349.0]]}
{"t":1776979724.078424,"e":[[1,0,0.04,92.0],[1,1,0.94,10044.39]]}
{"t":1776979725.087816,"e":[[1,0,0.04,125.0],[1,1,0.95,515.0]]}
{"t":1776979726.090754,"e":[[1,0,0.04,92.0],[1,1,0.94,10023.39],[1,1,0.95,327.0]]}
{"t":1776979727.1065679,"e":[[1,0,0.04,125.0],[1,1,0.95,477.0]]}
{"t":1776979730.145338,"e":[[1,1,0.94,10011.39],[1,1,0.95,456.0]]}
{"t":1776979735.201226,"e":[[1,1,0.94,10004.39],[1,1,0.95,443.0]]}
{"t":1776979736.216362,"e":[[0,0,0.04],[1,0,0.03,35.0],[1,1,0.94,9829.39],[1,1,0.95,119.0]]}
{"t":1776979737.241647,"e":[[1,0,0.03,68.0],[1,1,0.96,133.0]]}
{"t":1776979738.25713,"e":[[1,0,0.03,98.0],[1,0,0.04,90.0],[1,1,0.76,674.0],[1,1,0.81,683.0],[1,1,0.95,579.0],[0,1,0.96]]}
{"t":1776979739.277498,"e":[[1,0,0.04,122.0]]}
{"t":1776979742.3102531,"e":[[1,0,0.04,92.0],[1,1,0.76,231.0],[1,1,0.81,86.0],[1,1,0.95,349.0]]}
{"t":1776979743.32949,"e":[[1,0,0.04,125.0],[1,1,0.94,10044.39],[1,1,0.95,515.0]]}
{"t":1776979748.394957,"e":[[1,1,0.94,10023.39],[1,1,0.95,477.0]]}
{"t":1776979751.441538,"e":[[1,1,0.94,10011.39],[1,1,0.95,456.0]]}
{"t":1776979753.46458,"e":[[1,0,0.04,92.0],[1,1,0.95,314.0]]}
{"t":1776979754.4757729,"e":[[1,0,0.04,125.0],[1,1,0.94,10004.39],[1,1,0.95,443.0]]}
{"t":1776979766.570092,"e":[[1,0,0.04,92.0],[1,1,0.94,10001.39],[1,1,0.95,303.0]]}
{"t":1776979767.591012,"e":[[1,0,0.04,125.0],[1,1,0.95,436.0]]}
{"t":1776979778.671754,"e":[[1,0,0.04,92.0],[1,1,0.94,9998.39],[1,1,0.95,300.0]]}
{"t":1776979779.686711,"e":[[1,0,0.04,125.0],[1,1,0.95,431.0]]}
{"t":1776979787.757783,"e":[[1,0,0.04,92.0],[1,1,0.94,9996.39],[1,1,0.95,299.0]]}
{"t":1776979788.771426,"e":[[1,0,0.04,125.0],[1,1,0.95,430.0]]}
{"t":1776979798.8498409,"e":[[1,0,0.04,92.0],[1,1,0.95,298.0]]}
{"t":1776979799.867278,"e":[[1,0,0.04,125.0],[1,1,0.95,428.0]]}
{"t":1776979816.004361,"e":[[1,0,0.04,92.0],[1,1,0.95,297.0]]}
{"t":1776979817.019922,"e":[[1,0,0.04,125.0],[1,1,0.95,427.0]]}
{"t":1776979820.0560918,"e":[[0,0,0.04],[1,0,0.03,35.0],[1,1,0.94,9829.39],[1,1,0.95,119.0]]}
{"t":1776979825.122005,"e":[[1,0,0.03,100.0],[1,0,0.04,41.0],[1,1,0.76,674.0],[1,1,0.81,683.0],[1,1,0.95,579.0]]}
{"t":1776979827.158894,"e":[[1,1,0.76,231.0],[1,1,0.81,86.0]]}
{"t":1776979828.175582,"e":[[1,0,0.04,125.0],[1,0,0.03,98.0],[1,1,0.94,10044.39],[1,1,0.95,515.0]]}
{"t":1776979829.183528,"e":[[1,0,0.04,92.0],[1,1,0.95,349.0]]}
{"t":1776979830.205705,"e":[[1,1,0.94,10023.39],[1,1,0.95,327.0]]}
{"t":1776979831.2203038,"e":[[1,0,0.04,125.0],[1,1,0.95,477.0]]}
{"t":1776979832.244597,"e":[[0,0,0.04],[1,0,0.03,35.0],[1,1,0.94,9829.39],[1,1,0.95,119.0]]}
{"t":1776979835.291805,"e":[[1,0,0.03,100.0],[1,0,0.04,41.0],[1,1,0.76,674.0],[1,1,0.81,683.0],[1,1,0.95,579.0]]}
{"t":1776979839.341758,"e":[[1,0,0.04,92.0],[1,0,0.03,98.0],[1,1,0.76,231.0],[1,1,0.81,86.0],[1,1,0.94,10044.39],[1,1,0.95,349.0]]}
{"t":1776979840.36112,"e":[[1,0,0.04,125.0],[1,1,0.95,515.0]]}
{"t":1776979844.401731,"e":[[1,0,0.04,92.0],[1,1,0.94,10023.39],[1,1,0.95,327.0]]}
{"t":1776979845.4183779,"e":[[1,0,0.04,125.0],[1,1,0.95,477.0]]}
{"t":1776979849.462462,"e":[[1,0,0.04,92.0],[1,1,0.95,327.0]]}
{"t":1776979850.477813,"e":[[1,0,0.04,125.0],[1,1,0.94,10011.39],[1,1,0.95,456.0]]}
{"t":1776979853.5166469,"e":[[1,0,0.04,92.0],[1,1,0.94,10004.39],[1,1,0.95,307.0]]}
{"t":1776979856.537678,"e":[[1,0,0.04,125.0],[1,1,0.95,443.0]]}
{"t":1776979858.554548,"e":[[1,0,0.04,92.0],[1,1,0.94,10001.39],[1,1,0.95,303.0]]}
{"t":1776979859.5639539,"e":[[1,0,0.04,125.0],[1,1,0.95,436.0]]}
{"t":1776979864.58724,"e":[[1,0,0.04,92.0],[1,1,0.94,9998.39],[1,1,0.95,300.0]]}
{"t":1776979865.596274,"e":[[1,0,0.04,125.0],[1,1,0.95,431.0]]}
{"t":1776979866.614618,"e":[[0,0,0.04],[1,0,0.03,35.0],[1,1,0.94,9829.39],[1,1,0.95,119.0]]}
{"t":1776979871.663184,"e":[[1,0,0.03,100.0],[1,0,0.04,41.0],[1,1,0.76,674.0],[1,1,0.81,683.0],[1,1,0.95,579.0]]}
{"t":1776979891.810949,"e":[[1,0,0.03,98.0],[1,1,0.76,231.0],[1,1,0.81,86.0],[1,1,0.95,349.0]]}
{"t":1776979892.82029,"e":[[1,0,0.04,125.0],[1,1,0.94,10044.39],[1,1,0.95,515.0]]}
{"t":1776979894.855659,"e":[[1,0,0.04,92.0],[1,1,0.94,10023.39],[1,1,0.95,327.0]]}
{"t":1776979895.868097,"e":[[1,0,0.04,125.0],[1,1,0.95,477.0]]}
{"t":1776979900.9305751,"e":[[1,0,0.04,92.0],[1,1,0.94,10011.39],[1,1,0.95,314.0]]}
{"t":1776979901.947406,"e":[[1,0,0.04,125.0],[1,1,0.95,456.0]]}
{"t":1776979917.20495,"e":[[1,0,0.04,92.0],[1,1,0.94,10004.39],[1,1,0.95,307.0]]}
{"t":1776979918.224722,"e":[[1,0,0.04,125.0],[1,1,0.95,443.0]]}
{"t":1776979920.251956,"e":[[1,1,0.94,10001.39],[1,1,0.95,436.0]]}
{"t":1776979922.277932,"e":[[1,1,0.94,9998.39],[1,1,0.95,431.0]]}
{"t":1776979927.320731,"e":[[1,0,0.04,92.0],[1,1,0.94,9996.39],[1,1,0.95,299.0]]}
{"t":1776979928.3382359,"e":[[1,0,0.04,125.0],[1,1,0.95,430.0]]}
{"t":1776979931.381688,"e":[[1,0,0.04,92.0],[1,1,0.95,298.0]]}
{"t":1776979932.400099,"e":[[1,0,0.04,125.0],[1,1,0.95,428.0]]}
{"t":1776979941.500191,"e":[[1,0,0.04,92.0],[1,1,0.95,297.0]]}
{"t":1776979942.522871,"e":[[1,0,0.04,125.0],[1,1,0.95,427.0]]}
{"t":1776979943.534011,"e":[[1,0,0.04,92.0],[1,1,0.94,9995.39],[1,1,0.95,297.0]]}
{"t":1776979944.5507789,"e":[[1,0,0.04,125.0],[1,1,0.95,427.0]]}
{"t":1776979947.577177,"e":[[1,0,0.04,92.0],[1,1,0.95,297.0]]}
{"t":1776979948.596159,"e":[[0,0,0.04],[1,0,0.03,35.0],[1,1,0.94,9829.39],[1,1,0.95,119.0]]}
{"t":1776979951.6405408,"e":[[1,0,0.03,100.0],[1,0,0.04,41.0],[1,1,0.76,674.0],[1,1,0.81,683.0],[1,1,0.95,579.0]]}
{"t":1776979967.809658,"e":[[1,0,0.03,98.0],[1,1,0.76,231.0],[1,1,0.81,86.0],[1,1,0.95,349.0]]}
{"t":1776979968.8309739,"e":[[1,0,0.04,125.0],[1,1,0.94,10044.39],[1,1,0.95,515.0]]}
{"t":1776979981.955667,"e":[[1,0,0.04,92.0],[1,1,0.94,10023.39],[1,1,0.95,327.0]]}
{"t":1776979982.973999,"e":[[1,0,0.04,125.0],[1,1,0.95,477.0]]}
{"t":1776979983.986321,"e":[[1,0,0.04,92.0],[1,1,0.94,10011.39],[1,1,0.95,314.0]]}
{"t":1776979985.0020108,"e":[[1,0,0.04,125.0],[1,1,0.95,456.0]]}
{"t":1776979986.019079,"e":[[1,0,0.04,92.0],[1,1,0.95,314.0]]}
{"t":1776979987.034246,"e":[[1,0,0.04,125.0],[1,1,0.94,10004.39],[1,1,0.95,443.0]]}
{"t":1776979994.1033652,"e":[[1,0,0.04,92.0],[1,1,0.94,10001.39],[1,1,0.95,303.0]]}
{"t":1776979995.120489,"e":[[1,0,0.04,125.0],[1,1,0.95,436.0]]}
{"t":1776979998.1586869,"e":[[1,1,0.94,9998.39],[1,1,0.95,431.0]]}
{"t":1776980001.193675,"e":[[1,0,0.04,92.0],[1,1,0.94,9996.39],[1,1,0.95,299.0]]}
{"t":1776980002.208147,"e":[[1,0,0.04,33.0],[1,0,0.03,35.0],[1,1,0.94,9829.39],[1,1,0.95,250.0]]}
{"t":1776980003.223941,"e":[[0,0,0.04],[1,1,0.95,119.0]]}
{"t":1776980005.253522,"e":[[1,0,0.03,100.0],[1,0,0.04,41.0],[1,1,0.76,674.0],[1,1,0.81,683.0],[1,1,0.95,579.0]]}
{"t":1776980016.371419,"e":[[1,1,0.76,231.0],[1,1,0.81,86.0]]}
{"t":1776980017.387726,"e":[[1,0,0.04,92.0],[1,0,0.03,98.0],[1,1,0.94,10044.39],[1,1,0.95,349.0]]}
{"t":1776980019.41774,"e":[[1,0,0.04,125.0],[1,1,0.95,515.0]]}
{"t":1776980022.442543,"e":[[1,0,0.04,92.0],[1,1,0.94,10023.39],[1,1,0.95,327.0]]}
{"t":1776980023.460842,"e":[[1,0,0.04,125.0],[1,1,0.95,477.0]]}
{"t":1776980026.489411,"e":[[1,0,0.04,92.0],[1,1,0.94,10011.39],[1,1,0.95,314.0]]}
{"t":1776980027.50291,"e":[[1,0,0.04,125.0],[1,1,0.95,456.0]]}
{"t":1776980028.51399,"e":[[1,0,0.04,92.0],[1,1,0.95,314.0]]}
{"t":1776980029.531808,"e":[[1,0,0.04,125.0],[1,1,0.94,10004.39],[1,1,0.95,443.0]]}
{"t":1776980031.561755,"e":[[0,0,0.04],[1,0,0.03,35.0],[1,1,0.94,9829.39],[1,1,0.95,119.0],[1,1,0.96,133.0]]}
{"t":1776980032.589107,"e":[[1,0,0.03,68.0]]}
{"t":1776980034.6140401,"e":[[0,1,0.96]]}
{"t":1776980035.6380742,"e":[[1,0,0.03,98.0],[1,0,0.04,122.0],[1,1,0.76,674.0],[1,1,0.81,683.0],[1,1,0.95,579.0]]}
{"t":1776980036.654976,"e":[[1,0,0.04,92.0],[1,1,0.76,231.0],[1,1,0.81,86.0]]}
{"t":1776980037.667946,"e":[[1,1,0.94,10044.39],[1,1,0.95,349.0]]}
{"t":1776980038.684246,"e":[[1,0,0.04,125.0],[1,1,0.95,515.0]]}
{"t":1776980039.75165,"e":[[1,0,0.04,92.0],[1,1,0.95,349.0]]}
{"t":1776980040.7603729,"e":[[1,1,0.94,10023.39],[1,1,0.95,327.0]]}
{"t":1776980043.814917,"e":[[1,0,0.04,125.0],[1,1,0.95,477.0]]}
{"t":1776980044.828404,"e":[[1,0,0.04,92.0],[1,1,0.94,10011.39],[1,1,0.95,314.0]]}
{"t":1776980046.8668869,"e":[[1,0,0.04,125.0],[1,1,0.95,456.0]]}
{"t":1776980047.874488,"e":[[1,0,0.04,92.0],[1,1,0.95,314.0]]}
{"t":1776980048.909193,"e":[[1,0,0.04,125.0],[1,1,0.94,10004.39],[1,1,0.95,443.0]]}
{"t":1776980053.963362,"e":[[1,0,0.04,92.0],[1,1,0.94,10001.39],[1,1,0.95,303.0]]}
{"t":1776980054.981903,"e":[[1,0,0.04,125.0],[1,1,0.95,436.0]]}
{"t":1776980055.9976058,"e":[[1,0,0.04,92.0],[1,1,0.94,9998.39],[1,1,0.95,300.0]]}
{"t":1776980057.0162718,"e":[[1,0,0.04,125.0],[1,1,0.95,431.0]]}
{"t":1776980059.036295,"e":[[1,0,0.04,92.0],[1,1,0.95,300.0]]}
{"t":1776980060.048734,"e":[[1,1,0.94,9996.39],[1,1,0.95,299.0]]}
{"t":1776980063.083689,"e":[[1,0,0.04,125.0],[1,1,0.95,430.0]]}
{"t":1776980065.099478,"e":[[1,0,0.04,92.0],[1,1,0.95,299.0]]}
{"t":1776980066.114054,"e":[[1,1,0.95,298.0]]}
{"t":1776980067.1254132,"e":[[1,0,0.04,125.0],[1,1,0.95,428.0]]}
{"t":1776980069.144686,"e":[[1,0,0.04,92.0],[1,1,0.95,297.0]]}
{"t":1776980070.163462,"e":[[1,0,0.04,125.0],[1,1,0.95,427.0]]}
{"t":1776980074.1980958,"e":[[1,0,0.04,92.0],[1,1,0.94,9995.39],[1,1,0.95,297.0]]}
{"t":1776980075.213216,"e":[[1,0,0.04,125.0]]}
{"t":1776980076.2286239,"e":[[1,1,0.95,427.0]]}
{"t":1776980079.2546391,"e":[[1,0,0.04,92.0],[1,1,0.95,297.0]]}
{"t":1776980080.272047,"e":[[1,0,0.04,125.0],[1,1,0.95,427.0]]}
{"t":1776980089.359926,"e":[[1,0,0.04,92.0],[1,0,0.03,68.0],[1,1,0.95,297.0]]}
{"t":1776980090.3686342,"e":[[1,0,0.03,99.0]]}
{"t":1776980091.387647,"e":[[1,0,0.04,125.0],[1,1,0.95,427.0]]}
{"t":1776980098.4505432,"e":[[1,0,0.04,92.0],[1,1,0.95,297.0]]}
{"t":1776980099.465569,"e":[[1,0,0.04,125.0],[1,1,0.95,427.0]]}
{"t":1776980107.5551019,"e":[[1,0,0.04,92.0],[1,1,0.95,297.0]]}
{"t":1776980108.5716732,"e":[[1,0,0.04,125.0],[1,1,0.95,427.0]]}
{"t":1776980118.660933,"e":[[1,0,0.04,92.0],[1,1,0.95,297.0]]}
{"t":1776980119.6785228,"e":[[1,0,0.04,125.0],[1,1,0.95,427.0]]}
{"t":1776980120.691299,"e":[[1,0,0.04,92.0],[1,1,0.95,297.0]]}
{"t":1776980121.7101052,"e":[[1,0,0.04,125.0],[1,1,0.95,427.0]]}
{"t":1776980166.9892921,"e":[[1,0,0.04,92.0],[1,1,0.95,297.0]]}
{"t":1776980168.007076,"e":[[1,0,0.04,125.0],[1,1,0.95,427.0]]}
{"t":1776980170.0221329,"e":[[1,0,0.04,92.0],[1,1,0.95,297.0]]}
{"t":1776980171.033397,"e":[[1,0,0.04,125.0],[1,1,0.95,427.0]]}
{"t":1776980173.057191,"e":[[1,0,0.04,92.0],[1,1,0.95,297.0]]}
{"t":1776980174.070951,"e":[[1,0,0.04,125.0],[1,1,0.95,427.0]]}
{"t":1776980195.22635,"e":[[1,0,0.04,92.0],[1,1,0.95,297.0]]}
{"t":1776980196.244538,"e":[[1,0,0.04,125.0],[1,1,0.95,427.0]]}
{"t":1776980201.303828,"e":[[1,0,0.04,92.0],[1,1,0.95,297.0]]}
{"t":1776980203.3242052,"e":[[1,0,0.04,125.0],[1,1,0.95,427.0]]}
{"t":1776980204.3298008,"e":[[1,0,0.04,92.0],[1,1,0.95,297.0]]}
{"t":1776980205.341054,"e":[[1,0,0.04,125.0],[1,1,0.95,427.0]]}
{"t":1776980211.42051,"e":[[1,0,0.04,92.0],[1,1,0.95,297.0]]}
{"t":1776980212.453109,"e":[[1,0,0.04,125.0],[1,1,0.95,427.0]]}
{"t":1776980216.500921,"e":[[0,0,0.04],[1,0,0.03,35.0],[1,1,0.94,9829.39],[1,1,0.95,119.0]]}
{"t":1776980219.55273,"e":[[1,0,0.03,100.0],[1,0,0.04,41.0],[1,1,0.76,674.0],[1,1,0.81,683.0],[1,1,0.95,579.0]]}
{"t":1776980238.7372139,"e":[[1,1,0.76,231.0],[1,1,0.81,86.0]]}
{"t":1776980239.753128,"e":[[1,0,0.04,92.0],[1,0,0.03,99.0],[1,1,0.94,10044.39],[1,1,0.95,349.0]]}
{"t":1776980240.7703738,"e":[[1,0,0.04,125.0],[1,1,0.95,515.0]]}
{"t":1776980242.801561,"e":[[1,0,0.04,92.0],[1,1,0.94,10023.39],[1,1,0.95,327.0]]}
{"t":1776980243.817766,"e":[[1,0,0.04,125.0],[1,1,0.95,477.0]]}
{"t":1776980245.8324668,"e":[[1,0,0.04,92.0],[1,1,0.94,10011.39],[1,1,0.95,314.0]]}
{"t":1776980246.849801,"e":[[1,0,0.04,125.0],[1,1,0.95,456.0]]}
{"t":1776980252.909537,"e":[[1,0,0.04,92.0],[1,1,0.95,314.0]]}
{"t":1776980253.92886,"e":[[1,0,0.04,125.0],[1,1,0.94,10004.39],[1,1,0.95,443.0]]}
{"t":1776980263.028702,"e":[[1,0,0.04,92.0],[1,1,0.95,303.0]]}
{"t":1776980264.0415418,"e":[[1,0,0.04,125.0],[1,1,0.94,10001.39],[1,1,0.95,436.0]]}
{"t":1776980265.054394,"e":[[1,0,0.04,92.0],[1,1,0.95,303.0]]}
{"t":1776980266.066454,"e":[[1,0,0.04,125.0],[1,1,0.94,9998.39],[1,1,0.95,431.0]]}
{"t":1776980268.096695,"e":[[1,0,0.04,92.0],[1,1,0.95,300.0]]}
{"t":1776980269.111677,"e":[[1,0,0.04,125.0],[1,1,0.94,9996.39],[1,1,0.95,430.0]]}
{"t":1776980271.131624,"e":[[1,0,0.04,92.0],[1,1,0.95,299.0]]}
{"t":1776980272.147509,"e":[[1,0,0.04,125.0],[1,1,0.95,428.0]]}
{"t":1776980279.212241,"e":[[1,0,0.04,92.0],[1,1,0.95,297.0]]}
{"t":1776980280.230313,"e":[[1,0,0.04,125.0],[1,1,0.95,427.0]]}
{"t":1776980281.2385652,"e":[[1,0,0.04,92.0],[1,1,0.95,297.0]]}
{"t":1776980282.2521129,"e":[[1,0,0.04,125.0],[1,1,0.94,9995.39],[1,1,0.95,427.0]]}
{"t":1776980294.3779929,"e":[[1,0,0.04,92.0],[1,1,0.95,297.0]]}
{"t":1776980295.397852,"e":[[1,0,0.04,125.0],[1,1,0.95,427.0]]}
{"t":1776980297.428685,"e":[[1,0,0.04,92.0],[1,1,0.95,297.0]]}
{"t":1776980298.4508119,"e":[[1,0,0.04,125.0],[1,1,0.95,427.0]]}
{"t":1776980303.499189,"e":[[1,0,0.04,92.0],[1,1,0.95,297.0]]}
{"t":1776980304.517792,"e":[[1,0,0.04,125.0],[1,1,0.95,427.0]]}
{"t":1776980306.535902,"e":[[1,0,0.04,92.0],[1,1,0.95,297.0]]}
{"t":1776980307.547007,"e":[[1,0,0.04,125.0],[1,1,0.95,427.0]]}
{"t":1776980321.673723,"e":[[1,1,0.95,297.0]]}
{"t":1776980322.686864,"e":[[1,1,0.95,427.0]]}
{"t":1776980324.713695,"e":[[1,1,0.95,297.0]]}
{"t":1776980325.729524,"e":[[1,1,0.95,427.0]]}
{"t":1776980334.8031309,"e":[[1,0,0.04,92.0],[1,1,0.95,297.0]]}
{"t":1776980335.816278,"e":[[1,0,0.04,125.0],[1,1,0.95,427.0]]}
{"t":1776980337.845082,"e":[[1,0,0.04,92.0],[1,1,0.95,297.0]]}
{"t":1776980338.862514,"e":[[1,0,0.04,125.0],[1,1,0.95,427.0]]}
{"t":1776980339.870958,"e":[[0,0,0.04],[1,0,0.03,35.0],[1,1,0.94,9829.39],[0,1,0.95]]}
{"t":1776980346.9657018,"e":[[1,0,0.04,117.0],[1,1,0.92,2249.0],[1,1,0.94,9830.39]]}
{"t":1776980351.003882,"e":[[1,1,0.94,9829.39]]}
{"t":1776980352.015635,"e":[[1,1,0.95,20.73]]}
{"t":1776980359.084876,"e":[[0,0,0.04],[1,1,0.92,750.0],[0,1,0.95]]}
{"t":1776980362.116677,"e":[[1,0,0.04,117.0],[1,1,0.92,2249.0],[1,1,0.94,9830.39]]}
{"t":1776980368.191754,"e":[[1,1,0.94,9829.39]]}
{"t":1776980369.208498,"e":[[1,0,0.04,124.0],[1,1,0.95,20.73]]}
{"t":1776980371.226215,"e":[[1,0,0.04,123.0],[1,1,0.92,1187.0],[1,1,0.94,9839.39],[1,1,0.95,32.730000000000004]]}
{"t":1776980416.695222,"e":[[1,1,0.95,20.730000000000004]]}
{"t":1776980417.713616,"e":[[1,1,0.92,1207.0],[1,1,0.94,9842.39],[1,1,0.95,35.730000000000004]]}
{"t":1776980423.770659,"e":[[1,1,0.92,1209.0],[1,1,0.94,9843.39],[1,1,0.95,37.730000000000004]]}
{"t":1776980425.803306,"e":[[1,1,0.09,22.0],[1,1,0.92,1210.0]]}
{"t":1776980428.823528,"e":[[0,0,0.04],[1,1,0.09,35.0],[1,1,0.92,750.0],[1,1,0.94,9829.39],[1,1,0.95,3.552713678800501e-15]]}
{"t":1776980431.865155,"e":[[1,0,0.04,123.0],[1,1,0.92,2249.0],[1,1,0.94,9830.39]]}
{"t":1776980435.916259,"e":[[1,1,0.94,9829.39]]}
{"t":1776980436.932385,"e":[[1,1,0.95,1.0000000000000036]]}
{"t":1776980438.9541829,"e":[[0,0,0.04],[1,1,0.92,750.0],[1,1,0.95,3.552713678800501e-15]]}
{"t":1776980441.991785,"e":[[1,0,0.04,123.0],[1,1,0.92,2249.0],[1,1,0.94,9830.39]]}
{"t":1776980444.031349,"e":[[1,0,0.04,122.0],[1,1,0.94,9829.39]]}
{"t":1776980445.048059,"e":[[1,1,0.95,1.0000000000000036]]}
{"t":1776980449.0938811,"e":[[1,1,0.94,9830.39],[1,1,0.95,3.552713678800501e-15]]}
{"t":1776980453.140348,"e":[[1,1,0.94,9829.39]]}
{"t":1776980454.154814,"e":[[1,1,0.95,1.0000000000000036]]}
{"t":1776980456.18276,"e":[[1,1,0.95,3.552713678800501e-15]]}
{"t":1776980457.197255,"e":[[1,1,0.94,9830.39]]}
{"t":1776980459.220083,"e":[[1,1,0.94,9829.39]]}
{"t":1776980460.235795,"e":[[1,1,0.95,1.0000000000000036]]}
{"t":1776980473.376462,"e":[[1,1,0.94,9830.39],[1,1,0.95,3.552713678800501e-15]]}
{"t":1776980476.4249861,"e":[[1,1,0.94,9829.39]]}
{"t":1776980477.4416761,"e":[[1,1,0.95,1.0000000000000036]]}
{"t":1776980480.489409,"e":[[1,1,0.94,9830.39],[1,1,0.95,3.552713678800501e-15]]}
{"t":1776980488.560389,"e":[[0,0,0.04],[1,1,0.92,750.0],[1,1,0.94,9829.39]]}
{"t":1776980490.596148,"e":[[1,0,0.04,122.0],[1,1,0.92,2249.0],[1,1,0.94,9830.39]]}
{"t":1776980493.6422322,"e":[[1,1,0.94,9829.39]]}
{"t":1776980494.659307,"e":[[1,1,0.95,1.0000000000000036]]}
{"t":1776980495.68056,"e":[[1,1,0.94,9830.39],[1,1,0.95,3.552713678800501e-15],[1,1,0.86,50.0]]}
{"t":1776980503.7933109,"e":[[1,1,0.76,606.0],[1,1,0.81,461.0],[1,1,0.86,800.0],[1,1,0.92,750.0],[1,1,0.94,9829.39],[1,1,0.95,1.0000000000000036]]}
{"t":1776980504.8107462,"e":[[1,1,0.76,231.0],[1,1,0.81,86.0],[1,1,0.95,3.552713678800501e-15]]}
{"t":1776980505.8251321,"e":[[1,1,0.86,1549.0],[1,1,0.94,9830.39]]}
{"t":1776980507.855159,"e":[[1,1,0.94,9829.39],[1,1,0.95,1.0000000000000036]]}
{"t":1776980508.8687181,"e":[[1,1,0.95,3.552713678800501e-15]]}
{"t":1776980509.889653,"e":[[1,0,0.01,50.0],[1,1,0.94,9830.39]]}
{"t":1776980515.9620469,"e":[[1,1,0.94,9829.39]]}
{"t":1776980516.981985,"e":[[1,0,0.04,158.0],[1,0,0.03,72.0],[1,1,0.95,1.0000000000000036]]}
{"t":1776980519.011539,"e":[[1,0,0.04,66.0],[1,0,0.05,99.0],[1,1,0.94,9830.39],[1,1,0.95,3.552713678800501e-15]]}
{"t":1776980522.047363,"e":[[1,1,0.94,9829.39]]}
{"t":1776980523.065294,"e":[[1,1,0.94,9830.39]]}
{"t":1776980524.08113,"e":[[0,0,0.05],[0,0,0.04],[1,0,0.03,35.0],[1,1,0.86,50.0],[1,1,0.94,9829.39]]}
{"t":1776980525.100575,"e":[[1,0,0.03,67.0],[1,0,0.05,151.0],[1,0,0.04,64.0],[1,1,0.86,1499.0],[1,1,0.94,9830.39]]}
{"t":1776980526.116436,"e":[[1,0,0.05,413.0]]}
{"t":1776980528.159174,"e":[[1,0,0.05,95.0],[0,1,0.86],[1,1,0.94,9829.39]]}
{"t":1776980530.192708,"e":[[1,0,0.03,72.0],[1,0,0.04,65.0],[1,1,0.92,2249.0]]}
{"t":1776980531.209737,"e":[[1,1,0.94,9830.39]]}
{"t":1776980548.364038,"e":[[1,0,0.05,99.0],[1,0,0.04,66.0],[1,1,0.94,9829.39]]}
{"t":1776980549.3820622,"e":[[1,1,0.94,9830.39]]}
{"t":1776980552.417959,"e":[[1,1,0.94,9829.39]]}
{"t":1776980554.456309,"e":[[1,1,0.94,9830.39]]}
{"t":1776980562.5381172,"e":[[0,0,0.05],[0,0,0.04],[1,0,0.03,35.0],[1,1,0.92,750.0],[1,1,0.94,9829.39],[1,1,0.95,1.0000000000000036]]}
{"t":1776980566.604689,"e":[[1,0,0.03,72.0],[1,0,0.04,154.0],[1,1,0.92,2249.0],[1,1,0.94,9830.39],[1,1,0.95,3.552713678800501e-15]]}
{"t":1776980568.63121,"e":[[1,1,0.94,9829.39],[1,1,0.86,50.0]]}
{"t":1776980569.6498601,"e":[[1,0,0.04,66.0],[1,0,0.05,99.0],[0,1,0.86],[1,1,0.94,9830.39],[1,1,0.85,50.0]]}
{"t":1776980577.735656,"e":[[0,0,0.05],[0,0,0.04],[1,0,0.03,35.0],[1,1,0.92,750.0],[1,1,0.94,9829.39]]}
{"t":1776980578.763276,"e":[[1,0,0.03,72.0],[1,0,0.04,152.0],[1,1,0.76,606.0],[1,1,0.81,461.0],[1,1,0.85,800.0],[1,1,0.94,9830.39]]}
{"t":1776980580.801905,"e":[[1,0,0.04,66.0],[1,1,0.76,231.0],[1,1,0.81,86.0],[1,1,0.94,9829.39]]}
{"t":1776980581.820854,"e":[[1,0,0.05,99.0],[1,1,0.85,1549.0]]}
{"t":1776980582.834708,"e":[[1,1,0.94,9830.39]]}
{"t":1776980585.860897,"e":[[1,1,0.94,9829.39]]}
{"t":1776980588.906068,"e":[[1,1,0.94,9830.39]]}
{"t":1776980589.9223082,"e":[[0,0,0.05],[0,0,0.04],[1,0,0.03,35.0],[1,1,0.85,50.0],[1,1,0.94,9829.39]]}
{"t":1776980591.962518,"e":[[1,0,0.03,72.0],[1,0,0.04,151.0],[1,1,0.76,606.0],[1,1,0.81,461.0],[1,1,0.85,800.0],[1,1,0.94,9830.39]]}
{"t":1776980597.019396,"e":[[1,0,0.04,66.0],[1,1,0.76,231.0],[1,1,0.81,86.0],[1,1,0.94,9829.39]]}
{"t":1776980598.03548,"e":[[1,0,0.05,99.0],[1,1,0.85,1549.0]]}
{"t":1776980599.052858,"e":[[1,1,0.94,9830.39]]}
{"t":1776980600.0643961,"e":[[1,1,0.94,9829.39]]}
{"t":1776980601.080975,"e":[[1,1,0.94,9830.39]]}
{"t":1776980602.094506,"e":[[1,1,0.94,9829.39]]}
{"t":1776980605.129547,"e":[[1,1,0.94,9830.39]]}
{"t":1776980613.192063,"e":[[1,1,0.94,9829.39]]}
{"t":1776980614.2074041,"e":[[1,1,0.94,9830.39]]}
{"t":1776980615.2169971,"e":[[1,1,0.94,9829.39]]}
{"t":1776980616.233954,"e":[[1,1,0.94,9830.39]]}
{"t":1776980630.378912,"e":[[1,1,0.94,9829.39]]}
{"t":1776980632.4112582,"e":[[1,0,0.04,67.0]]}
{"t":1776980633.4263449,"e":[[1,1,0.94,9830.39]]}
{"t":1776980641.488872,"e":[[1,1,0.94,9829.39]]}
{"t":1776980642.5068989,"e":[[1,1,0.94,9830.39]]}
{"t":1776980650.573486,"e":[[1,1,0.94,9829.39]]}
{"t":1776980651.586477,"e":[[1,1,0.94,9830.39]]}
{"t":1776980658.652771,"e":[[1,1,0.94,9829.39]]}
{"t":1776980659.669371,"e":[[1,1,0.94,9830.39]]}
{"t":1776980663.705122,"e":[[1,1,0.94,9829.39]]}
{"t":1776980665.733456,"e":[[1,1,0.94,9830.39]]}
{"t":1776980667.750463,"e":[[1,1,0.94,9829.39]]}
{"t":1776980668.76646,"e":[[1,1,0.94,9830.39]]}
{"t":1776980694.0195699,"e":[[1,1,0.94,9829.39]]}
{"t":1776980695.0324302,"e":[[1,1,0.94,9830.39]]}
{"t":1776980710.1544871,"e":[[1,1,0.94,9829.39]]}
{"t":1776980711.170652,"e":[[1,1,0.94,9830.39]]}
{"t":1776980732.35834,"e":[[0,0,0.01],[1,1,0.85,1499.0]]}
{"t":1776980737.391225,"e":[[1,0,0.05,87.0],[1,0,0.04,92.0],[1,0,0.03,35.0],[0,1,0.85],[1,1,0.92,2249.0],[1,1,0.94,9829.39]]}
{"t":1776980738.410142,"e":[[1,1,0.94,9830.39]]}
{"t":1776980740.431516,"e":[[0,0,0.05],[1,0,0.04,66.0],[1,1,0.94,9829.39]]}
{"t":1776980741.4449012,"e":[[1,0,0.04,119.0],[1,1,0.95,175.0]]}
{"t":1776980746.5158021,"e":[[1,1,0.92,1360.0],[1,1,0.94,9910.39],[1,1,0.95,276.0]]}
{"t":1776980758.610584,"e":[[0,0,0.04],[1,1,0.92,750.0],[1,1,0.94,9829.39],[1,1,0.95,174.0]]}
{"t":1776980763.703736,"e":[[1,0,0.04,119.0],[1,1,0.92,2249.0],[1,1,0.95,175.0]]}
{"t":1776980766.743007,"e":[[1,1,0.92,1365.0],[1,1,0.94,9910.39],[1,1,0.95,276.0]]}
{"t":1776980773.826316,"e":[[1,1,0.92,1390.0],[1,1,0.94,9937.39],[1,1,0.95,310.0]]}
{"t":1776980785.956077,"e":[[1,1,0.92,1365.0],[1,1,0.94,9910.39],[1,1,0.95,175.0]]}
{"t":1776980786.972651,"e":[[1,1,0.92,1401.0],[1,1,0.94,9946.39],[1,1,0.95,321.0]]}
{"t":1776980798.05874,"e":[[1,1,0.92,1365.0],[1,1,0.94,9910.39],[1,1,0.95,175.0]]}
{"t":1776980799.0757,"e":[[1,1,0.92,1405.0],[1,1,0.94,9949.39],[1,1,0.95,325.0]]}
{"t":1776980814.197629,"e":[[1,1,0.92,1365.0],[1,1,0.94,9910.39],[1,1,0.95,175.0]]}
{"t":1776980815.2107599,"e":[[1,1,0.92,1410.0],[1,1,0.94,9950.39],[1,1,0.95,326.0]]}
{"t":1776980816.226511,"e":[[1,1,0.94,9910.39]]}
{"t":1776980817.241518,"e":[[1,1,0.94,9951.39]]}
{"t":1776980821.286386,"e":[[1,1,0.92,1411.0]]}
{"t":1776980832.348234,"e":[[1,0,0.04,118.0],[1,1,0.92,1365.0]]}
{"t":1776980833.3604538,"e":[[1,1,0.92,1414.0]]}
{"t":1776980837.3920052,"e":[[1,1,0.92,1365.0]]}
{"t":1776980838.397967,"e":[[1,1,0.92,1415.0]]}
{"t":1776980842.4296498,"e":[[0,0,0.04],[1,1,0.92,750.0],[1,1,0.94,9829.39],[1,1,0.95,174.0]]}
{"t":1776980845.4702349,"e":[[1,0,0.04,118.0],[1,1,0.92,2249.0],[1,1,0.95,175.0]]}
{"t":1776980856.6019788,"e":[[1,1,0.92,1383.0]]}
{"t":1776980857.61825,"e":[[1,1,0.94,9910.39],[1,1,0.95,276.0]]}
{"t":1776980858.638418,"e":[[1,1,0.92,750.0],[1,1,0.95,175.0]]}
{"t":1776980859.6539679,"e":[[1,1,0.94,10032.39],[1,1,0.95,335.0]]}
{"t":1776980862.682942,"e":[[1,1,0.94,10061.39],[1,1,0.95,360.0]]}
{"t":1776980867.738923,"e":[[1,1,0.94,9910.39],[1,1,0.95,175.0]]}
{"t":1776980868.752799,"e":[[1,1,0.94,10074.39],[1,1,0.95,369.0]]}
{"t":1776980875.8195488,"e":[[1,1,0.94,10078.39],[1,1,0.95,373.0]]}
{"t":1776980890.984294,"e":[[1,1,0.94,10080.39],[1,1,0.95,375.0]]}
{"t":1776980900.046849,"e":[[1,1,0.94,10081.39],[1,1,0.95,376.0]]}
{"t":1776980902.0794082,"e":[[1,1,0.94,9910.39],[1,1,0.95,375.0]]}
{"t":1776980903.092166,"e":[[1,1,0.94,10082.39]]}
{"t":1776980910.1492832,"e":[[1,1,0.94,10081.39],[1,1,0.95,175.0]]}
{"t":1776980911.1640918,"e":[[1,1,0.95,376.0]]}
{"t":1776980914.20475,"e":[[1,1,0.94,9910.39]]}
{"t":1776980915.218059,"e":[[1,1,0.94,10082.39],[1,1,0.95,375.0]]}
{"t":1776980916.232894,"e":[[1,1,0.94,10081.39],[1,1,0.95,175.0]]}
{"t":1776980917.246958,"e":[[1,1,0.95,376.0]]}
{"t":1776980919.2759209,"e":[[1,1,0.94,10082.39],[1,1,0.95,375.0]]}
{"t":1776980921.2975428,"e":[[1,1,0.94,10081.39],[1,1,0.95,175.0]]}
{"t":1776980922.306171,"e":[[1,1,0.95,376.0]]}
{"t":1776980929.387115,"e":[[0,0,0.04],[1,1,0.94,9829.39],[1,1,0.95,174.0]]}
{"t":1776980932.421974,"e":[[1,0,0.04,118.0],[1,1,0.76,981.0],[1,1,0.81,836.0],[1,1,0.95,175.0]]}
{"t":1776980935.4678478,"e":[[1,1,0.76,231.0],[1,1,0.81,86.0]]}
{"t":1776980938.511934,"e":[[1,1,0.94,9981.39],[1,1,0.95,296.0]]}
{"t":1776980942.557023,"e":[[0,0,0.04],[1,1,0.94,9829.39],[1,1,0.95,174.0]]}
{"t":1776980946.62488,"e":[[1,0,0.04,118.0],[1,1,0.95,175.0]]}
{"t":1776980947.639945,"e":[[1,1,0.76,981.0],[1,1,0.81,836.0]]}
{"t":1776980957.745952,"e":[[0,0,0.04],[1,1,0.76,231.0],[1,1,0.81,86.0],[1,1,0.95,174.0]]}
{"t":1776980960.798671,"e":[[1,0,0.04,117.0],[1,1,0.76,981.0],[1,1,0.81,836.0],[1,1,0.95,175.0]]}
{"t":1776980962.8283541,"e":[[1,1,0.76,231.0],[1,1,0.81,86.0],[1,1,0.94,9981.39],[1,1,0.95,296.0]]}
{"t":1776980970.9072058,"e":[[1,1,0.94,10042.39],[1,1,0.95,343.0]]}
{"t":1776980974.956908,"e":[[1,1,0.94,10065.39],[1,1,0.95,363.0]]}
{"t":1776980976.982363,"e":[[0,0,0.04],[1,1,0.94,9829.39],[1,1,0.95,174.0]]}
{"t":1776980981.055403,"e":[[1,0,0.04,117.0],[1,1,0.76,981.0],[1,1,0.81,836.0],[1,1,0.95,175.0]]}
{"t":1776980986.16962,"e":[[1,1,0.76,231.0],[1,1,0.81,86.0]]}
{"t":1776980987.18628,"e":[[1,1,0.94,9981.39],[1,1,0.95,296.0]]}
{"t":1776980992.242975,"e":[[1,1,0.95,175.0]]}
{"t":1776980993.258039,"e":[[1,1,0.94,10042.39],[1,1,0.95,343.0]]}
{"t":1776980995.2883961,"e":[[0,0,0.04],[1,1,0.94,9829.39],[1,1,0.95,174.0]]}
{"t":1776980999.340385,"e":[[1,0,0.04,117.0],[1,1,0.76,981.0],[1,1,0.81,836.0],[1,1,0.95,175.0]]}
{"t":1776981007.425791,"e":[[1,1,0.76,231.0],[1,1,0.81,86.0],[1,1,0.94,9981.39],[1,1,0.95,296.0]]}
{"t":1776981008.444097,"e":[[0,0,0.04],[1,1,0.94,9829.39],[1,1,0.95,174.0]]}
{"t":1776981011.484992,"e":[[1,0,0.04,117.0],[1,1,0.76,981.0],[1,1,0.81,836.0],[1,1,0.95,175.0]]}
{"t":1776981015.539964,"e":[[1,1,0.76,231.0],[1,1,0.81,86.0],[1,1,0.94,9981.39],[1,1,0.95,296.0]]}
{"t":1776981017.56964,"e":[[1,1,0.95,175.0]]}
{"t":1776981018.585931,"e":[[0,0,0.04],[1,1,0.94,9829.39],[1,1,0.95,174.0]]}
{"t":1776981021.6490638,"e":[[1,0,0.04,117.0],[1,1,0.76,981.0],[1,1,0.81,836.0],[1,1,0.95,175.0]]}
{"t":1776981038.8458052,"e":[[1,1,0.76,231.0],[1,1,0.81,86.0]]}
{"t":1776981039.859245,"e":[[0,0,0.04],[1,1,0.95,174.0]]}
{"t":1776981043.911885,"e":[[1,0,0.04,117.0],[1,1,0.76,981.0],[1,1,0.81,836.0],[1,1,0.95,175.0]]}
{"t":1776981046.955403,"e":[[1,1,0.76,231.0],[1,1,0.81,86.0],[1,1,0.94,9981.39],[1,1,0.95,296.0]]}
{"t":1776981072.162536,"e":[[0,0,0.04],[1,1,0.94,9829.39],[1,1,0.95,174.0]]}
{"t":1776981073.18697,"e":[[1,1,0.94,9890.39],[1,1,0.95,342.0]]}
{"t":1776981074.199422,"e":[[1,0,0.04,117.0],[1,1,0.94,10064.39],[1,1,0.95,363.0]]}
{"t":1776981087.326062,"e":[[0,0,0.04],[1,1,0.94,9829.39],[1,1,0.95,174.0]]}
{"t":1776981089.372341,"e":[[1,0,0.04,117.0],[1,1,0.76,981.0],[1,1,0.81,836.0],[1,1,0.95,175.0]]}
{"t":1776981091.397511,"e":[[1,1,0.76,231.0],[1,1,0.81,86.0]]}
{"t":1776981092.413229,"e":[[1,1,0.94,9981.39],[1,1,0.95,296.0]]}
{"t":1776981094.4378839,"e":[[1,1,0.94,10042.39],[1,1,0.95,343.0]]}
{"t":1776981099.494944,"e":[[1,1,0.94,9981.39],[1,1,0.95,175.0]]}
{"t":1776981100.51648,"e":[[0,0,0.04],[1,1,0.94,9829.39],[1,1,0.95,174.0]]}
{"t":1776981102.5422,"e":[[1,0,0.04,117.0],[1,1,0.76,981.0],[1,1,0.81,836.0],[1,1,0.95,175.0]]}
{"t":1776981105.584588,"e":[[1,1,0.76,231.0],[1,1,0.81,86.0]]}
{"t":1776981106.601739,"e":[[1,1,0.94,9981.39],[1,1,0.95,296.0]]}
{"t":1776981109.626875,"e":[[1,0,0.04,116.0],[1,1,0.95,175.0]]}
{"t":1776981110.640736,"e":[[1,1,0.94,10042.39],[1,1,0.95,343.0]]}
{"t":1776981111.656814,"e":[[1,1,0.94,9981.39],[1,1,0.95,175.0]]}
{"t":1776981112.674295,"e":[[1,1,0.94,10065.39],[1,1,0.95,363.0]]}
{"t":1776981114.699858,"e":[[1,1,0.94,10075.39],[1,1,0.95,371.0]]}
{"t":1776981122.80204,"e":[[1,1,0.94,9981.39],[1,1,0.95,175.0]]}
{"t":1776981123.8184152,"e":[[1,1,0.94,10079.39],[1,1,0.95,374.0]]}
{"t":1776981137.9892328,"e":[[1,1,0.94,9981.39],[1,1,0.95,175.0]]}
{"t":1776981139.0087318,"e":[[1,1,0.94,10081.39],[1,1,0.95,375.0]]}
{"t":1776981152.128997,"e":[[1,1,0.95,175.0]]}
{"t":1776981153.148277,"e":[[1,1,0.95,376.0]]}
{"t":1776981157.199151,"e":[[1,1,0.94,9981.39],[1,1,0.95,375.0]]}
{"t":1776981158.21282,"e":[[1,1,0.94,10082.39]]}
{"t":1776981159.237903,"e":[[1,1,0.94,10081.39],[1,1,0.95,175.0]]}
{"t":1776981160.252033,"e":[[1,1,0.95,376.0]]}
{"t":1776981162.327179,"e":[[1,1,0.94,9981.39],[1,1,0.95,375.0]]}
{"t":1776981163.345458,"e":[[1,1,0.94,10082.39]]}
{"t":1776981165.355673,"e":[[1,1,0.94,10081.39],[1,1,0.95,376.0]]}
{"t":1776981170.415686,"e":[[1,1,0.94,10082.39],[1,1,0.95,375.0]]}
{"t":1776981172.4475992,"e":[[1,1,0.94,10081.39],[1,1,0.95,376.0]]}
{"t":1776981180.510828,"e":[[1,1,0.94,9981.39]]}
{"t":1776981181.527355,"e":[[1,1,0.94,10082.39],[1,1,0.95,375.0]]}
{"t":1776981187.582241,"e":[[1,1,0.95,175.0]]}
{"t":1776981188.602315,"e":[[1,1,0.94,10081.39],[1,1,0.95,376.0]]}
{"t":1776981189.615438,"e":[[1,1,0.94,9981.39]]}
{"t":1776981190.6302521,"e":[[1,1,0.94,10082.39],[1,1,0.95,375.0]]}
{"t":1776981193.665442,"e":[[0,0,0.04],[1,1,0.94,9829.39],[1,1,0.95,174.0]]}
{"t":1776981195.704865,"e":[[1,0,0.04,116.0],[1,1,0.76,981.0],[1,1,0.81,836.0],[1,1,0.95,175.0]]}
{"t":1776981201.779244,"e":[[1,1,0.76,231.0],[1,1,0.81,86.0],[1,1,0.94,9981.39],[1,1,0.95,296.0]]}
{"t":1776981204.810299,"e":[[1,1,0.95,175.0]]}
{"t":1776981205.817834,"e":[[1,1,0.94,10042.39],[1,1,0.95,343.0]]}
{"t":1776981206.826984,"e":[[0,0,0.04],[1,1,0.94,9829.39],[1,1,0.95,174.0]]}
{"t":1776981209.856044,"e":[[1,0,0.04,116.0],[1,1,0.76,981.0],[1,1,0.81,836.0],[1,1,0.95,175.0]]}
{"t":1776981215.905531,"e":[[1,1,0.76,231.0],[1,1,0.81,86.0]]}
{"t":1776981216.927634,"e":[[1,1,0.94,9981.39],[1,1,0.95,296.0]]}
{"t":1776981218.948916,"e":[[1,1,0.95,175.0]]}
{"t":1776981219.964653,"e":[[1,1,0.94,10042.39],[1,1,0.95,343.0]]}
{"t":1776981226.046529,"e":[[1,1,0.94,9981.39],[1,1,0.95,175.0]]}
{"t":1776981227.057847,"e":[[1,1,0.94,10065.39],[1,1,0.95,363.0]]}
{"t":1776981229.0779788,"e":[[1,1,0.94,9981.39],[1,1,0.95,175.0]]}
{"t":1776981230.0929081,"e":[[1,1,0.94,10075.39],[1,1,0.95,371.0]]}
{"t":1776981243.211533,"e":[[1,1,0.94,10079.39],[1,1,0.95,374.0]]}
{"t":1776981247.2584882,"e":[[1,1,0.94,10081.39],[1,1,0.95,375.0]]}
{"t":1776981249.287044,"e":[[0,0,0.04],[1,1,0.94,9829.39],[1,1,0.95,174.0]]}
{"t":1776981252.324728,"e":[[1,0,0.04,116.0],[1,1,0.76,981.0],[1,1,0.81,836.0],[1,1,0.95,175.0]]}
{"t":1776981263.4313338,"e":[[0,0,0.04],[1,1,0.76,231.0],[1,1,0.81,86.0],[1,1,0.95,174.0]]}
{"t":1776981266.4803982,"e":[[1,0,0.04,116.0],[1,1,0.76,981.0],[1,1,0.81,836.0],[1,1,0.95,175.0]]}
{"t":1776981269.5200489,"e":[[1,1,0.76,231.0],[1,1,0.81,86.0]]}
{"t":1776981270.534556,"e":[[1,1,0.94,9981.39],[1,1,0.95,296.0]]}
{"t":1776981285.681777,"e":[[1,1,0.94,10042.39],[1,1,0.95,343.0]]}
{"t":1776981289.743788,"e":[[1,0,0.04,115.0],[1,1,0.94,10065.39],[1,1,0.95,363.0]]}
{"t":1776981297.8282409,"e":[[0,0,0.04],[1,1,0.94,9829.39],[1,1,0.95,174.0]]}
{"t":1776981308.9701738,"e":[[1,1,0.09,22.0],[1,1,0.61,4163.0],[0,1,0.08]]}
{"t":1776981335.182382,"e":[[1,0,0.03,95.0],[1,1,0.95,234.0]]}
{"t":1776981361.4342191,"e":[[1,1,0.95,74.0]]}
{"t":1776981885.13346,"e":[[1,1,0.94,9797.34],[1,1,0.95,167.0]]}
{"t":1776981899.264077,"e":[[0,1,0.09],[1,1,0.03,86.0]]}
{"t":1776981962.9379299,"e":[[0,1,0.95]]}
{"t":1776981993.248905,"e":[[1,0,0.01,50.0],[0,1,0.94],[1,1,0.85,50.0]]}
{"t":1776982155.770781,"e":[[1,0,0.04,5.0]]}
{"t":1776982156.7778912,"e":[[1,0,0.04,65.0],[1,0,0.03,35.0]]}
{"t":1776982162.836951,"e":[[1,0,0.02,26.0],[0,1,0.85],[1,1,0.93,86.0]]}
{"t":1776982167.8765109,"e":[[0,0,0.02]]}
{"t":1776982219.363505,"e":[[1,0,0.01,26.0],[1,1,0.93,36.0]]}
{"t":1776982222.395384,"e":[[0,0,0.01]]}
{"t":1776982224.417942,"e":[[1,0,0.02,26.0]]}
{"t":1776982226.4389381,"e":[[0,0,0.02]]}
{"t":1776982227.4501262,"e":[[1,0,0.01,26.0]]}
{"t":1776982239.530737,"e":[[1,0,0.02,26.0],[0,0,0.01]]}
{"t":1776982242.5794072,"e":[[0,0,0.02]]}
{"t":1776982243.591454,"e":[[1,0,0.01,26.0]]}
{"t":1776982252.656398,"e":[[0,0,0.01]]}
{"t":1776982253.673561,"e":[[1,0,0.01,26.0]]}
{"t":1776982259.727683,"e":[[0,0,0.01]]}
{"t":1776982260.74418,"e":[[1,0,0.01,26.0]]}
{"t":1776982262.761399,"e":[[0,0,0.01]]}
{"t":1776982263.76916,"e":[[1,0,0.01,26.0]]}
{"t":1776982282.931937,"e":[[0,0,0.01]]}
{"t":1776982283.945302,"e":[[1,0,0.01,26.0]]}
{"t":1776982288.980282,"e":[[0,0,0.01]]}
{"t":1776982289.987137,"e":[[1,0,0.01,26.0]]}
{"t":1776982294.013193,"e":[[0,0,0.01]]}
{"t":1776982295.031261,"e":[[1,0,0.01,26.0]]}
{"t":1776982297.0484328,"e":[[1,1,0.93,119.0]]}
{"t":1776982299.061124,"e":[[0,0,0.01]]}
{"t":1776982820.76564,"e":[[1,1,0.93,83.0]]}
{"t":1776982862.0837069,"e":[[0,0,0.03]]}
{"t":1776983047.3839612,"e":[[0,1,0.93]]}
{"t":1776983071.55698,"e":[[1,1,0.81,106.0]]}
{"t":1776983209.9350872,"e":[[1,1,0.81,86.0]]}
{"t":1776983224.059426,"e":[[1,1,0.81,106.0]]}
{"t":1776983236.187752,"e":[[1,1,0.81,86.0]]}
{"t":1776983256.380457,"e":[[1,1,0.81,106.0]]}
{"t":1776983294.760173,"e":[[1,1,0.81,86.0]]}
{"t":1776983305.894007,"e":[[1,1,0.81,106.0]]}
{"t":1776983308.920491,"e":[[1,1,0.81,86.0]]}
{"t":1776983322.0761569,"e":[[1,1,0.81,106.0]]}
{"t":1776983354.386035,"e":[[1,1,0.93,152.0]]}
{"t":1776983362.4596832,"e":[[1,1,0.81,86.0]]}
{"t":1776983385.7524931,"e":[[0,1,0.93]]}
{"t":1776983487.805048,"e":[[1,1,0.81,106.0]]}
{"t":1776983511.0167592,"e":[[1,1,0.81,86.0]]}
{"t":1776983537.23239,"e":[[1,1,0.81,106.0]]}
{"t":1776983595.71089,"e":[[1,1,0.81,86.0]]}
{"t":1776983606.8111491,"e":[[1,0,0.04,60.0]]}
{"t":1776983610.845548,"e":[[1,1,0.81,106.0]]}
{"t":1776983633.043869,"e":[[1,1,0.81,86.0]]}
{"t":1776983657.253195,"e":[[1,1,0.81,106.0]]}
{"t":1776983678.4691882,"e":[[1,0,0.05,5.0],[1,1,0.81,86.0]]}
{"t":1776983694.632843,"e":[[1,1,0.93,105.0]]}
{"t":1776983750.137003,"e":[[0,1,0.93]]}
{"t":1776983893.558005,"e":[[1,1,0.81,106.0]]}
{"t":1776983946.032036,"e":[[1,1,0.81,86.0]]}
{"t":1776983959.1585212,"e":[[1,1,0.81,106.0]]}
{"t":1776984005.6244102,"e":[[1,1,0.81,86.0]]}
{"t":1776984030.908326,"e":[[1,1,0.81,106.0]]}
{"t":1776984104.6274052,"e":[[0,0,0.05]]}
{"t":1776984121.788502,"e":[[0,0,0.04]]}
{"t":1776984148.015028,"e":[[1,1,0.03,20.0],[1,1,0.62,3.0]]}
{"t":1776984155.076608,"e":[[1,1,0.81,86.0]]}
{"t":1776984531.942142,"e":[[1,0,0.03,35.0]]}
{"t":1776984634.911663,"e":[[1,0,0.03,95.0],[1,1,0.92,810.0]]}
{"t":1776984708.56068,"e":[[1,0,0.04,5.0],[1,1,0.92,815.0]]}
{"t":1776984752.996693,"e":[[1,0,0.04,65.0],[1,0,0.03,35.0]]}
{"t":1776984850.8995042,"e":[[1,1,0.92,770.0]]}
{"t":1776984857.976018,"e":[[1,1,0.81,106.0]]}
{"t":1776984957.855024,"e":[[1,1,0.92,670.0]]}
{"t":1776984979.0156858,"e":[[0,1,0.62]]}
{"t":1776984980.0235221,"e":[[1,1,0.62,3.0]]}
{"t":1776984989.089715,"e":[[1,1,0.81,86.0]]}
{"t":1776985001.1879601,"e":[[1,1,0.81,106.0]]}
{"t":1776985023.3682911,"e":[[1,1,0.81,86.0]]}
{"t":1776985035.465217,"e":[[1,1,0.81,106.0]]}
{"t":1776985107.076106,"e":[[1,1,0.92,660.0]]}
{"t":1776985177.596708,"e":[[1,1,0.81,86.0]]}
{"t":1776985198.817408,"e":[[1,1,0.81,106.0]]}
{"t":1776985210.943705,"e":[[1,1,0.81,86.0]]}
{"t":1776985333.96513,"e":[[1,1,0.81,106.0]]}
{"t":1776985340.003354,"e":[[1,1,0.81,86.0]]}
{"t":1776985462.182323,"e":[[1,1,0.81,106.0],[1,1,0.92,757.0]]}
{"t":1776985465.205068,"e":[[1,1,0.81,86.0]]}
{"t":1776985489.4562628,"e":[[1,1,0.92,660.0]]}
{"t":1776985541.9722319,"e":[[0,0,0.04],[1,1,0.92,600.0]]}
{"t":1776985613.598667,"e":[[1,0,0.04,5.0],[1,1,0.92,595.0],[1,1,0.82,10.0]]}
{"t":1776985616.6340249,"e":[[1,1,0.82,30.0]]}
{"t":1776985624.6910021,"e":[[1,0,0.04,65.0],[1,1,0.92,655.0]]}
{"t":1776985652.9596741,"e":[[1,0,0.04,5.0]]}
{"t":1776985654.974973,"e":[[1,1,0.82,10.0]]}
{"t":1776985698.3144379,"e":[[1,1,0.82,30.0]]}
{"t":1776985712.472776,"e":[[1,1,0.82,10.0]]}
{"t":1776985743.7749188,"e":[[0,0,0.03]]}
{"t":1776986084.8630981,"e":[[0,1,0.61],[1,1,0.04,10000.0]]}
{"t":1776986240.112931,"e":[[1,1,0.92,610.0]]}
{"t":1776986273.374073,"e":[[0,1,0.62]]}
{"t":1776986274.381804,"e":[[1,1,0.05,40.0]]}
{"t":1776986313.663645,"e":[[1,0,0.04,29.0],[1,0,0.05,10.0],[1,1,0.92,935.0],[1,1,0.93,175.0]]}
{"t":1776986316.726374,"e":[[1,1,0.92,875.0],[1,1,0.93,235.0]]}
{"t":1776986321.783424,"e":[[1,0,0.04,18.0],[1,1,0.92,825.0],[1,1,0.93,168.0]]}
{"t":1776986322.792257,"e":[[1,0,0.05,24.0],[1,0,0.06,8.0]]}
{"t":1776986323.806257,"e":[[1,1,0.93,285.0]]}
{"t":1776986325.825002,"e":[[1,0,0.06,6.0],[1,0,0.04,13.0],[1,0,0.05,17.0],[1,1,0.93,168.0]]}
{"t":1776986326.84368,"e":[[1,1,0.93,285.0]]}
{"t":1776986329.886097,"e":[[1,0,0.06,5.0],[1,0,0.05,15.0],[1,1,0.93,168.0]]}
{"t":1776986330.904911,"e":[[1,1,0.93,285.0]]}
{"t":1776986332.9445682,"e":[[1,0,0.05,14.0],[1,1,0.93,168.0]]}
{"t":1776986333.960929,"e":[[1,1,0.93,285.0]]}
{"t":1776986334.9698648,"e":[[1,1,0.93,168.0]]}
{"t":1776986335.983511,"e":[[1,1,0.93,285.0]]}
{"t":1776986338.012841,"e":[[1,1,0.93,168.0]]}
{"t":1776986339.027592,"e":[[1,1,0.93,285.0]]}
{"t":1776986341.042251,"e":[[1,1,0.93,168.0]]}
{"t":1776986342.0601542,"e":[[1,1,0.93,285.0]]}
{"t":1776986344.0876448,"e":[[1,1,0.93,168.0]]}
{"t":1776986345.1048331,"e":[[1,1,0.93,285.0]]}
{"t":1776986352.1939368,"e":[[1,1,0.93,168.0]]}
{"t":1776986354.223117,"e":[[1,1,0.93,285.0]]}
{"t":1776986355.237678,"e":[[1,1,0.93,168.0]]}
{"t":1776986357.277484,"e":[[1,1,0.93,285.0]]}
{"t":1776986363.351876,"e":[[0,0,0.06],[1,0,0.04,5.0],[0,0,0.05],[1,1,0.92,550.0],[1,1,0.93,60.0]]}
{"t":1776986364.384167,"e":[[1,0,0.04,27.0],[1,0,0.05,9.0],[1,1,0.92,825.0],[1,1,0.93,168.0],[1,1,0.94,117.0]]}
{"t":1776986365.405177,"e":[[1,1,0.93,108.0],[1,1,0.94,177.0]]}
{"t":1776986366.418345,"e":[[1,0,0.04,18.0],[1,1,0.92,723.0],[0,1,0.93],[1,1,0.94,156.0]]}
{"t":1776986367.4342961,"e":[[1,0,0.05,31.0],[1,1,0.94,243.0]]}
{"t":1776986372.504229,"e":[[1,0,0.05,17.0],[1,0,0.04,13.0],[1,1,0.94,168.0]]}
{"t":1776986373.5207438,"e":[[1,0,0.05,23.0],[1,1,0.92,825.0],[1,1,0.94,285.0]]}
{"t":1776986378.579832,"e":[[1,0,0.05,15.0],[1,1,0.94,168.0]]}
{"t":1776986379.595325,"e":[[1,0,0.05,20.0],[1,1,0.94,285.0]]}
{"t":1776986383.65274,"e":[[0,0,0.05],[1,0,0.04,5.0],[1,1,0.92,550.0],[1,1,0.94,60.0]]}
{"t":1776986384.680605,"e":[[1,0,0.04,26.0],[1,0,0.05,9.0],[1,1,0.92,825.0],[1,1,0.94,168.0]]}
{"t":1776986385.704084,"e":[[1,1,0.94,285.0]]}
{"t":1776986386.716128,"e":[[1,0,0.05,31.0],[1,0,0.04,17.0]]}
{"t":1776986390.76595,"e":[[1,0,0.05,17.0],[1,0,0.04,14.0],[1,1,0.94,168.0]]}
{"t":1776986391.789633,"e":[[1,0,0.05,15.0],[1,0,0.04,13.0]]}
{"t":1776986392.801614,"e":[[1,0,0.05,20.0],[1,1,0.94,285.0]]}
{"t":1776986393.813972,"e":[[1,1,0.92,826.0],[1,1,0.94,284.0]]}
{"t":1776986397.8622699,"e":[[0,0,0.05],[1,0,0.04,5.0],[1,1,0.92,550.0],[1,1,0.94,60.0]]}
{"t":1776986401.9132118,"e":[[1,0,0.04,26.0],[1,0,0.05,9.0],[1,1,0.92,826.0],[1,1,0.94,169.0]]}
{"t":1776986402.93094,"e":[[1,1,0.94,284.0]]}
{"t":1776986403.945809,"e":[[1,0,0.04,17.0],[1,1,0.94,169.0]]}
{"t":1776986404.957752,"e":[[1,0,0.05,31.0],[1,1,0.94,284.0]]}
{"t":1776986409.005325,"e":[[1,0,0.05,17.0],[1,0,0.04,14.0],[1,1,0.94,169.0]]}
{"t":1776986411.032664,"e":[[1,0,0.05,20.0],[1,0,0.04,13.0],[1,1,0.94,284.0]]}
{"t":1776986415.0865579,"e":[[1,0,0.05,15.0],[1,1,0.94,169.0]]}
{"t":1776986416.102129,"e":[[1,0,0.05,20.0],[1,1,0.94,284.0]]}
{"t":1776986418.1412349,"e":[[1,0,0.05,15.0],[1,1,0.94,169.0]]}
{"t":1776986419.158252,"e":[[0,0,0.05],[1,0,0.04,5.0],[1,1,0.92,550.0],[1,1,0.94,60.0]]}
{"t":1776986421.196193,"e":[[1,0,0.04,25.0],[1,0,0.05,9.0],[1,1,0.92,826.0],[1,1,0.94,169.0]]}
{"t":1776986422.21214,"e":[[1,1,0.94,284.0]]}
{"t":1776986426.252438,"e":[[1,1,0.94,169.0]]}
{"t":1776986427.273626,"e":[[1,0,0.05,29.0],[1,0,0.04,16.0],[1,1,0.94,284.0]]}
{"t":1776986437.380849,"e":[[0,0,0.05],[1,0,0.04,5.0],[1,1,0.92,550.0],[1,1,0.94,60.0]]}
{"t":1776986439.423061,"e":[[1,0,0.04,25.0],[1,0,0.05,9.0],[1,1,0.92,826.0],[1,1,0.94,169.0]]}
{"t":1776986440.453592,"e":[[1,1,0.94,284.0]]}
{"t":1776986441.4702349,"e":[[1,0,0.04,16.0],[1,1,0.94,169.0]]}
{"t":1776986442.493834,"e":[[1,0,0.05,29.0],[1,1,0.94,284.0]]}
{"t":1776986445.5276759,"e":[[1,0,0.05,16.0],[1,0,0.04,14.0],[1,1,0.94,169.0]]}
{"t":1776986446.5431292,"e":[[1,0,0.05,22.0],[1,1,0.94,284.0]]}
{"t":1776986448.55932,"e":[[1,0,0.05,15.0],[1,0,0.04,13.0],[1,1,0.94,169.0]]}
{"t":1776986449.5745769,"e":[[1,0,0.05,20.0],[1,1,0.94,284.0]]}
{"t":1776986455.651712,"e":[[1,1,0.94,169.0]]}
{"t":1776986456.6672158,"e":[[1,1,0.94,284.0]]}
{"t":1776986465.7583418,"e":[[1,0,0.04,8.0],[0,1,0.82]]}
{"t":1776986466.768547,"e":[[1,0,0.05,10.0]]}
{"t":1776986469.807368,"e":[[0,0,0.05],[0,0,0.04],[1,1,0.92,550.0],[1,1,0.94,60.0]]}
{"t":1776986472.854091,"e":[[1,1,0.92,800.0]]}
{"t":1776986494.109504,"e":[[1,1,0.92,550.0]]}
{"t":1776986496.1457589,"e":[[1,1,0.92,800.0]]}
{"t":1776986528.5970712,"e":[[1,1,0.94,58.44]]}
{"t":1776986534.6683981,"e":[[1,1,0.92,550.0]]}
{"t":1776986537.7171562,"e":[[1,1,0.92,800.0]]}
{"t":1776986573.241257,"e":[[1,1,0.92,550.0]]}
{"t":1776986575.279156,"e":[[1,1,0.92,800.0]]}
{"t":1776986579.318312,"e":[[1,1,0.92,550.0]]}
{"t":1776986581.3651452,"e":[[1,1,0.92,800.0]]}
{"t":1776986590.498286,"e":[[1,1,0.92,550.0]]}
{"t":1776986591.513886,"e":[[1,1,0.76,502.0]]}
{"t":1776986604.651084,"e":[[1,1,0.76,501.0]]}
{"t":1776986644.068929,"e":[[1,1,0.76,500.0]]}
{"t":1776986652.184215,"e":[[1,1,0.95,25.0]]}
{"t":1776986653.197545,"e":[[0,1,0.94],[1,1,0.95,82.44]]}
{"t":1776986659.255121,"e":[[1,1,0.76,231.0]]}
{"t":1776986661.2968,"e":[[1,1,0.76,500.0]]}
{"t":1776986680.548555,"e":[[1,1,0.76,231.0]]}
{"t":1776986683.588853,"e":[[1,1,0.76,500.0]]}
{"t":1776986698.754027,"e":[[1,1,0.76,499.0]]}
{"t":1776986705.846477,"e":[[1,1,0.76,231.0]]}
{"t":1776986709.9064,"e":[[1,1,0.76,499.0]]}
{"t":1776986719.0306518,"e":[[1,1,0.75,135.0],[1,1,0.76,389.0]]}
{"t":1776986720.04691,"e":[[1,1,0.75,10.0]]}
{"t":1776986721.060766,"e":[[1,1,0.76,454.0],[1,1,0.81,186.0]]}
{"t":1776986723.0904782,"e":[[1,1,0.75,135.0],[1,1,0.76,389.0],[1,1,0.81,86.0]]}
{"t":1776986725.118654,"e":[[1,1,0.75,10.0],[1,1,0.76,454.0],[1,1,0.81,186.0]]}
{"t":1776986729.172899,"e":[[1,1,0.76,231.0],[1,1,0.81,86.0]]}
{"t":1776986733.2222269,"e":[[1,1,0.75,135.0],[1,1,0.76,389.0]]}
{"t":1776986736.2634282,"e":[[1,1,0.75,10.0]]}
{"t":1776986737.278647,"e":[[1,1,0.76,455.0],[1,1,0.81,186.0]]}
{"t":1776986739.3195,"e":[[1,1,0.76,389.0],[1,1,0.81,86.0]]}
{"t":1776986740.336982,"e":[[1,1,0.75,135.0]]}
{"t":1776986741.356666,"e":[[1,1,0.75,10.0]]}
{"t":1776986742.379157,"e":[[1,1,0.76,455.0],[1,1,0.81,186.0]]}
{"t":1776986744.4081228,"e":[[1,1,0.75,135.0],[1,1,0.76,389.0],[1,1,0.81,86.0]]}
{"t":1776986747.441099,"e":[[1,1,0.75,10.0],[1,1,0.76,455.0],[1,1,0.81,186.0]]}
{"t":1776986758.584367,"e":[[1,1,0.76,389.0],[1,1,0.81,86.0]]}
{"t":1776986759.604165,"e":[[1,1,0.75,135.0]]}
{"t":1776986761.629347,"e":[[1,1,0.75,10.0]]}
{"t":1776986762.640508,"e":[[1,1,0.76,455.0],[1,1,0.81,186.0]]}
{"t":1776986764.6684191,"e":[[1,1,0.76,389.0],[1,1,0.81,86.0]]}
{"t":1776986765.685197,"e":[[1,1,0.75,135.0]]}
{"t":1776986770.7469702,"e":[[1,1,0.75,10.0],[1,1,0.76,455.0],[1,1,0.81,186.0]]}
{"t":1776986771.7646499,"e":[[1,1,0.75,135.0],[1,1,0.76,389.0],[1,1,0.81,86.0]]}
{"t":1776986775.818785,"e":[[1,1,0.75,10.0],[1,1,0.76,455.0],[1,1,0.81,186.0]]}
{"t":1776986776.832549,"e":[[1,1,0.75,135.0],[1,1,0.76,389.0],[1,1,0.81,86.0]]}
{"t":1776986777.84304,"e":[[1,1,0.75,10.0],[1,1,0.76,455.0],[1,1,0.81,186.0]]}
{"t":1776986781.892842,"e":[[1,1,0.75,135.0],[1,1,0.76,390.0],[1,1,0.81,86.0]]}
{"t":1776986787.948603,"e":[[1,1,0.75,10.0],[1,1,0.76,456.0],[1,1,0.81,186.0]]}
{"t":1776986788.965051,"e":[[1,1,0.75,135.0],[1,1,0.76,390.0],[1,1,0.81,86.0]]}
{"t":1776986790.986851,"e":[[1,1,0.75,10.0],[1,1,0.76,456.0],[1,1,0.81,186.0]]}
{"t":1776986800.081698,"e":[[1,1,0.81,86.0]]}
{"t":1776986801.1028008,"e":[[1,1,0.75,135.0],[1,1,0.76,390.0]]}
{"t":1776986802.126194,"e":[[1,1,0.75,10.0],[1,1,0.76,389.0]]}
{"t":1776986803.1320052,"e":[[1,1,0.76,456.0],[1,1,0.81,186.0]]}
{"t":1776986804.147805,"e":[[1,1,0.76,390.0],[1,1,0.81,86.0]]}
{"t":1776986805.169854,"e":[[1,1,0.75,135.0]]}
{"t":1776986807.189951,"e":[[1,1,0.75,10.0],[1,1,0.76,457.0],[1,1,0.81,186.0]]}
{"t":1776986818.290333,"e":[[1,1,0.75,135.0],[1,1,0.76,390.0],[1,1,0.81,86.0]]}
{"t":1776986820.320492,"e":[[1,1,0.75,10.0],[1,1,0.76,457.0],[1,1,0.81,186.0]]}
{"t":1776986821.33868,"e":[[1,1,0.81,86.0]]}
{"t":1776986822.348305,"e":[[1,1,0.75,135.0],[1,1,0.76,390.0]]}
{"t":1776986824.378371,"e":[[1,1,0.75,10.0],[1,1,0.76,389.0]]}
{"t":1776986825.393934,"e":[[1,1,0.76,457.0],[1,1,0.81,186.0]]}
{"t":1776986832.4536839,"e":[[1,1,0.76,231.0],[1,1,0.81,86.0]]}
{"t":1776986837.5276139,"e":[[1,1,0.75,135.0],[1,1,0.76,457.0]]}
{"t":1776986841.594704,"e":[[1,1,0.75,10.0]]}
{"t":1776986842.607126,"e":[[1,1,0.76,498.0],[1,1,0.81,186.0]]}
{"t":1776986843.622318,"e":[[1,1,0.76,457.0],[1,1,0.81,86.0]]}
{"t":1776986844.6360052,"e":[[1,1,0.75,135.0]]}
{"t":1776986853.7281868,"e":[[1,1,0.75,10.0]]}
{"t":1776986854.740457,"e":[[1,1,0.76,498.0],[1,1,0.81,186.0]]}
{"t":1776986864.848425,"e":[[1,1,0.76,458.0],[1,1,0.81,86.0]]}
{"t":1776986865.861003,"e":[[1,1,0.75,135.0]]}
{"t":1776986866.874219,"e":[[1,1,0.75,10.0],[1,1,0.76,457.0]]}
{"t":1776986867.890038,"e":[[1,1,0.76,499.0],[1,1,0.81,186.0]]}
{"t":1776986869.923723,"e":[[1,1,0.76,231.0],[1,1,0.81,86.0]]}
{"t":1776986872.010302,"e":[[1,1,0.75,135.0],[1,1,0.76,458.0]]}
{"t":1776986874.0322309,"e":[[1,1,0.75,10.0]]}
{"t":1776986875.040598,"e":[[1,1,0.76,499.0],[1,1,0.81,186.0]]}
{"t":1776986886.168145,"e":[[1,1,0.76,231.0],[1,1,0.81,86.0]]}
{"t":1776986888.2016718,"e":[[1,1,0.75,135.0],[1,1,0.76,459.0]]}
{"t":1776986903.367539,"e":[[1,1,0.75,10.0],[1,1,0.76,500.0],[1,1,0.81,186.0]]}
{"t":1776986911.462934,"e":[[1,1,0.75,135.0],[1,1,0.76,459.0],[1,1,0.81,86.0]]}
{"t":1776986913.4949162,"e":[[1,1,0.75,10.0]]}
{"t":1776986914.5082638,"e":[[1,1,0.76,501.0],[1,1,0.81,186.0]]}
{"t":1776986915.520103,"e":[[1,1,0.76,231.0],[1,1,0.81,86.0]]}
{"t":1776986916.541117,"e":[[1,1,0.75,135.0]]}
{"t":1776986919.5786638,"e":[[1,1,0.75,10.0]]}
{"t":1776986920.597632,"e":[[1,1,0.76,501.0],[1,1,0.81,186.0]]}
{"t":1776986922.6233249,"e":[[1,1,0.76,459.0],[1,1,0.81,86.0]]}
{"t":1776986923.639456,"e":[[1,1,0.75,135.0]]}
{"t":1776986927.684099,"e":[[1,1,0.75,10.0]]}
{"t":1776986928.70344,"e":[[1,1,0.76,501.0],[1,1,0.81,186.0]]}
{"t":1776986930.728586,"e":[[1,1,0.75,135.0],[1,1,0.76,460.0],[1,1,0.81,86.0]]}
{"t":1776986936.817159,"e":[[1,1,0.75,10.0],[1,1,0.76,501.0],[1,1,0.81,186.0]]}
{"t":1776986938.845524,"e":[[1,1,0.76,460.0],[1,1,0.81,86.0]]}
{"t":1776986939.86131,"e":[[1,1,0.76,459.0]]}
{"t":1776986940.873642,"e":[[1,1,0.76,501.0],[1,1,0.81,186.0]]}
{"t":1776986942.903061,"e":[[1,1,0.76,231.0],[1,1,0.81,86.0]]}
{"t":1776986946.9656582,"e":[[1,1,0.75,135.0],[1,1,0.76,460.0]]}
{"t":1776986947.983878,"e":[[1,1,0.75,10.0],[1,1,0.76,231.0]]}
{"t":1776986952.033379,"e":[[1,1,0.75,135.0],[1,1,0.76,460.0]]}
{"t":1776986956.07825,"e":[[1,1,0.75,10.0]]}
{"t":1776986957.09714,"e":[[1,1,0.76,502.0],[1,1,0.81,186.0]]}
{"t":1776986958.120378,"e":[[1,1,0.75,135.0],[1,1,0.76,460.0],[1,1,0.81,86.0]]}
{"t":1776986960.141133,"e":[[1,1,0.75,10.0],[1,1,0.76,502.0],[1,1,0.81,186.0]]}
{"t":1776986964.188865,"e":[[1,1,0.76,231.0],[1,1,0.81,86.0]]}
{"t":1776986967.225376,"e":[[1,1,0.75,135.0],[1,1,0.76,460.0]]}
{"t":1776986969.24689,"e":[[1,1,0.75,10.0]]}
{"t":1776986970.258007,"e":[[1,1,0.76,231.0]]}
{"t":1776986971.275799,"e":[[1,1,0.75,135.0],[1,1,0.76,461.0]]}
{"t":1776986975.337139,"e":[[1,1,0.75,10.0]]}
{"t":1776986976.3545651,"e":[[1,1,0.76,503.0],[1,1,0.81,186.0]]}
{"t":1776986978.380735,"e":[[1,1,0.76,461.0],[1,1,0.81,86.0]]}
{"t":1776986979.398657,"e":[[1,1,0.76,231.0]]}
{"t":1776986982.427562,"e":[[1,1,0.75,135.0],[1,1,0.76,461.0]]}
{"t":1776986985.477796,"e":[[1,1,0.75,10.0]]}
{"t":1776986986.494668,"e":[[1,1,0.76,503.0],[1,1,0.81,186.0]]}
{"t":1776986993.584049,"e":[[1,1,0.75,135.0],[1,1,0.76,461.0],[1,1,0.81,86.0]]}
{"t":1776986996.63327,"e":[[1,1,0.75,10.0],[1,1,0.76,231.0]]}
{"t":1776986997.66156,"e":[[1,1,0.75,135.0],[1,1,0.76,461.0]]}
{"t":1776986999.705398,"e":[[1,1,0.75,10.0],[1,1,0.76,503.0],[1,1,0.81,186.0]]}
{"t":1776987008.8237782,"e":[[1,1,0.76,461.0],[1,1,0.81,86.0]]}
{"t":1776987009.844287,"e":[[1,1,0.75,135.0]]}
{"t":1776987011.868587,"e":[[1,1,0.75,10.0]]}
{"t":1776987012.883494,"e":[[1,1,0.76,504.0]]}
{"t":1776987013.9010382,"e":[[1,1,0.75,135.0],[1,1,0.76,462.0]]}
{"t":1776987015.925031,"e":[[1,1,0.75,10.0],[1,1,0.76,504.0],[1,1,0.81,186.0]]}
{"t":1776987017.9543638,"e":[[1,1,0.81,86.0]]}
{"t":1776987018.970339,"e":[[1,1,0.75,135.0],[1,1,0.76,462.0]]}
{"t":1776987025.040277,"e":[[1,1,0.75,10.0],[1,1,0.76,461.0]]}
{"t":1776987026.0629911,"e":[[1,1,0.76,504.0],[1,1,0.81,186.0]]}
{"t":1776987027.0762172,"e":[[1,1,0.81,86.0]]}
{"t":1776987028.083116,"e":[[1,1,0.75,135.0],[1,1,0.76,462.0]]}
{"t":1776987030.1137059,"e":[[1,1,0.75,10.0],[1,1,0.76,504.0],[1,1,0.81,186.0]]}
{"t":1776987033.164299,"e":[[1,1,0.75,135.0],[1,1,0.76,462.0],[1,1,0.81,86.0]]}
{"t":1776987034.181642,"e":[[1,1,0.75,10.0],[1,1,0.76,504.0],[1,1,0.81,186.0]]}
{"t":1776987036.210112,"e":[[1,1,0.75,135.0],[1,1,0.76,462.0],[1,1,0.81,86.0]]}
{"t":1776987040.2486532,"e":[[1,1,0.75,10.0],[1,1,0.76,461.0]]}
{"t":1776987041.2627761,"e":[[1,1,0.76,505.0],[1,1,0.81,186.0]]}
{"t":1776987043.294888,"e":[[0,1,0.6],[1,1,0.75,135.0],[1,1,0.76,462.0],[1,1,0.81,86.0]]}
{"t":1776987044.3123221,"e":[[1,1,0.76,231.0]]}
{"t":1776987048.358567,"e":[[1,1,0.75,10.0],[0,1,0.76],[1,1,0.92,1050.0]]}
{"t":1776987053.412641,"e":[[1,1,0.75,260.0],[1,1,0.81,336.0],[1,1,0.92,550.0]]}
{"t":1776987056.464906,"e":[[1,1,0.75,10.0],[1,1,0.81,86.0],[1,1,0.92,1050.0]]}
{"t":1776987058.490217,"e":[[1,1,0.75,260.0],[1,1,0.81,336.0],[1,1,0.92,550.0]]}
{"t":1776987059.505256,"e":[[1,1,0.75,10.0],[1,1,0.81,86.0]]}
{"t":1776987060.5188081,"e":[[1,1,0.92,1050.0]]}
{"t":1776987064.5592608,"e":[[1,1,0.75,260.0],[1,1,0.81,336.0],[1,1,0.92,550.0]]}
{"t":1776987071.636522,"e":[[1,1,0.75,10.0],[0,1,0.81]]}
{"t":1776987072.648146,"e":[[1,1,0.92,788.0],[1,1,0.95,249.44]]}
{"t":1776987075.675078,"e":[[1,1,0.75,176.0],[1,1,0.92,717.0],[1,1,0.95,82.44]]}
{"t":1776987077.70847,"e":[[1,1,0.75,10.0]]}
{"t":1776987078.725309,"e":[[1,1,0.92,788.0],[1,1,0.95,249.44]]}
{"t":1776987079.743087,"e":[[1,1,0.92,550.0],[1,1,0.95,82.44]]}
{"t":1776987080.771084,"e":[[1,1,0.92,788.0],[1,1,0.95,249.44]]}
{"t":1776987084.821516,"e":[[1,1,0.92,717.0],[1,1,0.95,82.44]]}
{"t":1776987085.8436558,"e":[[1,1,0.75,176.0]]}
{"t":1776987086.862421,"e":[[1,1,0.75,10.0]]}
{"t":1776987087.8779168,"e":[[1,1,0.92,788.0],[1,1,0.95,249.44]]}
{"t":1776987088.891605,"e":[[1,1,0.75,176.0],[1,1,0.92,717.0],[1,1,0.95,82.44]]}
{"t":1776987090.914874,"e":[[1,1,0.75,10.0]]}
{"t":1776987091.9281678,"e":[[1,1,0.92,788.0],[1,1,0.95,249.44]]}
{"t":1776987097.0031629,"e":[[1,1,0.75,176.0],[1,1,0.92,717.0],[1,1,0.95,82.44]]}
{"t":1776987100.0264761,"e":[[1,1,0.75,10.0],[1,1,0.92,788.0],[1,1,0.95,249.44]]}
{"t":1776987102.231891,"e":[[1,1,0.75,176.0],[1,1,0.92,717.0],[1,1,0.95,82.44]]}
{"t":1776987105.279644,"e":[[1,1,0.75,10.0],[1,1,0.92,788.0],[1,1,0.95,249.44]]}
{"t":1776987106.2961988,"e":[[1,1,0.95,149.44]]}
{"t":1776987107.314232,"e":[[1,1,0.95,150.44]]}
{"t":1776987108.322057,"e":[[1,1,0.92,782.0],[1,1,0.95,125.44]]}
{"t":1776987110.3485508,"e":[[1,1,0.92,799.0],[1,1,0.95,1.4399999999999977]]}
{"t":1776987113.3892548,"e":[[1,1,0.92,775.0],[1,1,0.95,126.44]]}
{"t":1776987125.546338,"e":[[1,1,0.92,717.0]]}
{"t":1776987126.562346,"e":[[1,1,0.92,776.0]]}
{"t":1776987127.571431,"e":[[1,1,0.92,550.0],[1,1,0.95,1.0]]}
{"t":1776987128.5982761,"e":[[1,1,0.92,784.0],[1,1,0.96,1.0]]}
{"t":1776987129.617493,"e":[[1,1,0.95,168.0]]}
{"t":1776987130.6385322,"e":[[0,1,0.96]]}
{"t":1776987131.655811,"e":[[1,1,0.92,550.0],[1,1,0.95,1.0]]}
{"t":1776987135.711443,"e":[[1,1,0.92,784.0],[1,1,0.95,168.0],[1,1,0.96,1.0]]}
{"t":1776987137.752332,"e":[[0,1,0.96]]}
{"t":1776987138.7652822,"e":[[1,1,0.92,777.0],[1,1,0.95,126.0]]}
{"t":1776987144.8593578,"e":[[1,1,0.92,550.0],[1,1,0.95,1.0]]}
{"t":1776987148.931984,"e":[[1,1,0.92,784.0],[1,1,0.95,168.0],[1,1,0.96,1.0]]}
{"t":1776987149.9522629,"e":[[0,1,0.96]]}
{"t":1776987150.966413,"e":[[1,1,0.92,777.0],[1,1,0.95,126.0]]}
{"t":1776987185.4298549,"e":[[1,1,0.92,778.0]]}
{"t":1776987208.6758132,"e":[[1,1,0.92,550.0],[0,1,0.95]]}
{"t":1776987211.718431,"e":[[1,1,0.92,1044.0],[1,1,0.93,6.0]]}
{"t":1776987268.385867,"e":[[1,1,0.92,550.0],[0,1,0.93]]}
{"t":1776987271.432161,"e":[[1,1,0.92,1044.0],[1,1,0.93,6.0]]}
{"t":1776987307.884866,"e":[[1,1,0.92,550.0],[0,1,0.93]]}
{"t":1776987308.906742,"e":[[1,1,0.92,1044.0],[1,1,0.93,6.0]]}
{"t":1776987317.0173628,"e":[[1,1,0.92,550.0],[0,1,0.93]]}
{"t":1776987318.03879,"e":[[1,1,0.92,1044.0],[1,1,0.93,6.0]]}
{"t":1776987362.556312,"e":[[1,1,0.92,550.0],[0,1,0.93]]}
{"t":1776987366.622816,"e":[[1,1,0.92,1044.0],[1,1,0.93,6.0]]}
{"t":1776987388.8948748,"e":[[1,1,0.92,550.0],[0,1,0.93]]}
{"t":1776987392.957681,"e":[[1,1,0.92,1044.0],[1,1,0.93,6.0]]}
{"t":1776987410.173267,"e":[[1,1,0.92,550.0],[0,1,0.93]]}
{"t":1776987411.193162,"e":[[1,1,0.92,1044.0],[1,1,0.93,6.0]]}
{"t":1776987480.037149,"e":[[1,1,0.92,550.0],[0,1,0.93]]}
{"t":1776987481.0704799,"e":[[1,1,0.93,4.0]]}
{"t":1776987484.123154,"e":[[1,1,0.92,1044.0],[1,1,0.93,6.0]]}
