{"t": 1776975854.366905, "events": [{"op": "set", "side": "bid", "price": 0.05, "size": 25.0}]}
{"t": 1776975857.41232, "events": [{"op": "set", "side": "bid", "price": 0.03, "size": 10.0}, {"op": "set", "side": "ask", "price": 0.9, "size": 89.0}]}
{"t": 1776975858.419916, "events": [{"op": "set", "side": "bid", "price": 0.07, "size": 5.0}]}
{"t": 1776975861.4545841, "events": [{"op": "set", "side": "bid", "price": 0.05, "size": 26.0}]}
{"t": 1776975863.466253, "events": [{"op": "set", "side": "bid", "price": 0.03, "size": 40.0}]}
{"t": 1776975868.5054138, "events": [{"op": "set", "side": "bid", "price": 0.05, "size": 1.0}]}
{"t": 1776975869.519797, "events": [{"op": "set", "side": "bid", "price": 0.05, "size": 26.0}]}
{"t": 1776975914.8911412, "events": [{"op": "delete", "side": "bid", "price": 0.06}]}
{"t": 1776975915.9392462, "events": [{"op": "set", "side": "bid", "price": 0.07, "size": 30.0}]}
{"t": 1776975943.110956, "events": [{"op": "set", "side": "bid", "price": 0.05, "size": 1.0}]}
{"t": 1776975944.1347961, "events": [{"op": "set", "side": "bid", "price": 0.05, "size": 26.0}]}
{"t": 1776975948.2322109, "events": [{"op": "set", "side": "bid", "price": 0.05, "size": 1.0}]}
{"t": 1776975949.255933, "events": [{"op": "set", "side": "bid", "price": 0.05, "size": 26.0}]}
{"t": 1776975953.32274, "events": [{"op": "set", "side": "ask", "price": 0.88, "size": 50.0}]}
{"t": 1776975963.398977, "events": [{"op": "set", "side": "bid", "price": 0.05, "size": 1.0}]}
{"t": 1776975964.407889, "events": [{"op": "set", "side": "bid", "price": 0.05, "size": 26.0}]}
{"t": 1776975973.468818, "events": [{"op": "set", "side": "bid", "price": 0.05, "size": 1.0}]}
{"t": 1776975974.486274, "events": [{"op": "set", "side": "bid", "price": 0.05, "size": 26.0}]}
{"t": 1776975978.524107, "events": [{"op": "set", "side": "bid", "price": 0.05, "size": 1.0}]}
{"t": 1776975979.530004, "events": [{"op": "set", "side": "bid", "price": 0.05, "size": 26.0}]}
{"t": 1776975993.639185, "events": [{"op": "set", "side": "bid", "price": 0.05, "size": 1.0}]}
{"t": 1776975994.652439, "events": [{"op": "set", "side": "bid", "price": 0.05, "size": 26.0}]}
{"t": 1776976018.944151, "events": [{"op": "set", "side": "bid", "price": 0.05, "size": 51.0}, {"op": "set", "side": "bid", "price": 0.06, "size": 24.0}, {"op": "set", "side": "ask", "price": 0.9, "size": 105.0}]}
{"t": 1776976028.033005, "events": [{"op": "delete", "side": "bid", "price": 0.06}]}
{"t": 1776976029.046649, "events": [{"op": "set", "side": "bid", "price": 0.06, "size": 24.0}]}
{"t": 1776976033.0979562, "events": [{"op": "delete", "side": "bid", "price": 0.06}]}
{"t": 1776976034.1065989, "events": [{"op": "set", "side": "bid", "price": 0.06, "size": 24.0}]}
{"t": 1776976035.113673, "events": [{"op": "set", "side": "bid", "price": 0.03, "size": 30.0}, {"op": "set", "side": "ask", "price": 0.9, "size": 90.0}]}
{"t": 1776976038.1259038, "events": [{"op": "delete", "side": "bid", "price": 0.06}, {"op": "set", "side": "ask", "price": 0.9, "size": 73.0}]}
{"t": 1776976039.130999, "events": [{"op": "set", "side": "bid", "price": 0.06, "size": 24.0}]}
{"t": 1776976043.1629992, "events": [{"op": "delete", "side": "bid", "price": 0.06}, {"op": "delete", "side": "bid", "price": 0.03}]}
{"t": 1776976044.185159, "events": [{"op": "set", "side": "bid", "price": 0.06, "size": 24.0}]}
{"t": 1776976047.209746, "events": [{"op": "set", "side": "ask", "price": 0.9, "size": 90.0}]}
{"t": 1776976048.218187, "events": [{"op": "delete", "side": "bid", "price": 0.06}]}
{"t": 1776976049.2295182, "events": [{"op": "set", "side": "bid", "price": 0.06, "size": 24.0}]}
{"t": 1776976053.276522, "events": [{"op": "delete", "side": "bid", "price": 0.06}]}
{"t": 1776976054.2832232, "events": [{"op": "set", "side": "bid", "price": 0.06, "size": 24.0}]}
{"t": 1776976063.365494, "events": [{"op": "delete", "side": "bid", "price": 0.06}]}
{"t": 1776976064.375992, "events": [{"op": "set", "side": "bid", "price": 0.06, "size": 24.0}]}
{"t": 1776976068.419334, "events": [{"op": "delete", "side": "bid", "price": 0.06}]}
{"t": 1776976069.436353, "events": [{"op": "set", "side": "bid", "price": 0.06, "size": 24.0}]}
{"t": 1776976070.4413161, "events": [{"op": "delete", "side": "bid", "price": 0.07}, {"op": "set", "side": "bid", "price": 0.03, "size": 16.0}, {"op": "delete", "side": "ask", "price": 0.88}]}
{"t": 1776976087.5788958, "events": [{"op": "delete", "side": "bid", "price": 0.03}, {"op": "set", "side": "ask", "price": 0.9, "size": 74.0}]}
{"t": 1776976191.3837, "events": [{"op": "delete", "side": "bid", "price": 0.06}, {"op": "set", "side": "bid", "price": 0.05, "size": 1.0}]}
{"t": 1776976192.388874, "events": [{"op": "set", "side": "bid", "price": 0.05, "size": 40.0}]}
{"t": 1776976193.395335, "events": [{"op": "set", "side": "bid", "price": 0.05, "size": 25.0}, {"op": "set", "side": "bid", "price": 0.06, "size": 3.0}]}
{"t": 1776976198.435571, "events": [{"op": "set", "side": "bid", "price": 0.06, "size": 385.0}, {"op": "set", "side": "bid", "price": 0.05, "size": 14.0}, {"op": "set", "side": "bid", "price": 0.07, "size": 311.0}, {"op": "delete", "side": "bid", "price": 0.02}, {"op": "set", "side": "ask", "price": 0.74, "size": 188.0}, {"op": "set", "side": "ask", "price": 0.86, "size": 128.0}, {"op": "set", "side": "ask", "price": 0.88, "size": 364.0}, {"op": "set", "side": "ask", "price": 0.89, "size": 487.0}]}
{"t": 1776976204.476952, "events": [{"op": "delete", "side": "bid", "price": 0.07}, {"op": "delete", "side": "bid", "price": 0.06}, {"op": "set", "side": "bid", "price": 0.05, "size": 1.0}, {"op": "set", "side": "ask", "price": 0.03, "size": 70.0}, {"op": "delete", "side": "ask", "price": 0.54}, {"op": "set", "side": "ask", "price": 0.55, "size": 3.0}, {"op": "set", "side": "ask", "price": 0.74, "size": 150.0}, {"op": "set", "side": "ask", "price": 0.86, "size": 20.0}, {"op": "delete", "side": "ask", "price": 0.88}, {"op": "set", "side": "ask", "price": 0.89, "size": 107.0}]}
{"t": 1776976205.4979851, "events": [{"op": "set", "side": "bid", "price": 0.05, "size": 26.0}, {"op": "set", "side": "bid", "price": 0.06, "size": 3.0}]}
{"t": 1776976207.508864, "events": [{"op": "set", "side": "bid", "price": 0.06, "size": 385.0}, {"op": "set", "side": "bid", "price": 0.05, "size": 39.0}, {"op": "set", "side": "bid", "price": 0.07, "size": 287.0}, {"op": "set", "side": "ask", "price": 0.74, "size": 196.0}, {"op": "set", "side": "ask", "price": 0.86, "size": 151.0}, {"op": "set", "side": "ask", "price": 0.88, "size": 379.0}, {"op": "set", "side": "ask", "price": 0.89, "size": 487.0}]}
{"t": 1776976208.525941, "events": [{"op": "set", "side": "bid", "price": 0.05, "size": 14.0}, {"op": "set", "side": "bid", "price": 0.02, "size": 55.0}]}
{"t": 1776976209.539958, "events": [{"op": "set", "side": "bid", "price": 0.07, "size": 311.0}]}
{"t": 1776976214.569775, "events": [{"op": "delete", "side": "bid", "price": 0.06}]}
{"t": 1776976215.5757089, "events": [{"op": "set", "side": "bid", "price": 0.07, "size": 183.0}, {"op": "set", "side": "bid", "price": 0.05, "size": 179.0}, {"op": "set", "side": "bid", "price": 0.08, "size": 91.0}, {"op": "set", "side": "ask", "price": 0.74, "size": 211.0}, {"op": "set", "side": "ask", "price": 0.86, "size": 194.0}, {"op": "set", "side": "ask", "price": 0.88, "size": 399.0}, {"op": "set", "side": "ask", "price": 0.89, "size": 472.0}]}
{"t": 1776976216.592851, "events": [{"op": "set", "side": "bid", "price": 0.06, "size": 25.0}]}
{"t": 1776976217.597552, "events": [{"op": "delete", "side": "bid", "price": 0.08}, {"op": "delete", "side": "bid", "price": 0.05}, {"op": "set", "side": "ask", "price": 0.74, "size": 196.0}, {"op": "set", "side": "ask", "price": 0.86, "size": 151.0}, {"op": "set", "side": "ask", "price": 0.88, "size": 379.0}]}
{"t": 1776976218.6080482, "events": [{"op": "set", "side": "bid", "price": 0.07, "size": 287.0}, {"op": "set", "side": "bid", "price": 0.06, "size": 410.0}, {"op": "set", "side": "bid", "price": 0.04, "size": 133.0}, {"op": "set", "side": "ask", "price": 0.74, "size": 218.0}, {"op": "set", "side": "ask", "price": 0.86, "size": 212.0}, {"op": "set", "side": "ask", "price": 0.88, "size": 422.0}, {"op": "set", "side": "ask", "price": 0.89, "size": 487.0}, {"op": "set", "side": "ask", "price": 0.9, "size": 57.0}]}
{"t": 1776976219.616928, "events": [{"op": "set", "side": "bid", "price": 0.07, "size": 311.0}]}
{"t": 1776976222.6332319, "events": [{"op": "set", "side": "bid", "price": 0.07, "size": 227.0}, {"op": "delete", "side": "bid", "price": 0.06}, {"op": "set", "side": "bid", "price": 0.08, "size": 106.0}, {"op": "set", "side": "bid", "price": 0.04, "size": 229.0}, {"op": "set", "side": "ask", "price": 0.74, "size": 221.0}, {"op": "set", "side": "ask", "price": 0.86, "size": 219.0}, {"op": "set", "side": "ask", "price": 0.88, "size": 427.0}, {"op": "set", "side": "ask", "price": 0.9, "size": 74.0}]}
{"t": 1776976223.6436858, "events": [{"op": "set", "side": "bid", "price": 0.08, "size": 105.0}, {"op": "set", "side": "bid", "price": 0.07, "size": 184.0}, {"op": "set", "side": "bid", "price": 0.05, "size": 26.0}, {"op": "set", "side": "bid", "price": 0.04, "size": 177.0}, {"op": "set", "side": "ask", "price": 0.86, "size": 222.0}, {"op": "set", "side": "ask", "price": 0.88, "size": 429.0}]}
{"t": 1776976227.6726022, "events": [{"op": "set", "side": "ask", "price": 0.9, "size": 57.0}]}
{"t": 1776976238.714187, "events": [{"op": "delete", "side": "bid", "price": 0.05}]}
{"t": 1776976239.7258828, "events": [{"op": "set", "side": "bid", "price": 0.05, "size": 26.0}]}
{"t": 1776976253.8076642, "events": [{"op": "delete", "side": "bid", "price": 0.05}]}
{"t": 1776976254.822479, "events": [{"op": "delete", "side": "bid", "price": 0.08}, {"op": "delete", "side": "bid", "price": 0.07}, {"op": "set", "side": "bid", "price": 0.05, "size": 26.0}, {"op": "delete", "side": "bid", "price": 0.02}, {"op": "set", "side": "ask", "price": 0.74, "size": 196.0}, {"op": "set", "side": "ask", "price": 0.86, "size": 151.0}, {"op": "set", "side": "ask", "price": 0.88, "size": 379.0}]}
{"t": 1776976255.835129, "events": [{"op": "set", "side": "bid", "price": 0.05, "size": 155.0}, {"op": "set", "side": "bid", "price": 0.04, "size": 135.0}, {"op": "set", "side": "bid", "price": 0.06, "size": 75.0}, {"op": "set", "side": "ask", "price": 0.74, "size": 223.0}, {"op": "set", "side": "ask", "price": 0.86, "size": 226.0}, {"op": "set", "side": "ask", "price": 0.88, "size": 432.0}]}
{"t": 1776976258.864931, "events": [{"op": "set", "side": "bid", "price": 0.06, "size": 99.0}, {"op": "set", "side": "bid", "price": 0.05, "size": 129.0}, {"op": "set", "side": "ask", "price": 0.9, "size": 74.0}]}
{"t": 1776976259.875783, "events": [{"op": "set", "side": "bid", "price": 0.04, "size": 128.0}, {"op": "delete", "side": "bid", "price": 0.05}, {"op": "set", "side": "ask", "price": 0.86, "size": 151.0}, {"op": "set", "side": "ask", "price": 0.88, "size": 379.0}]}
{"t": 1776976260.885631, "events": [{"op": "set", "side": "bid", "price": 0.06, "size": 132.0}, {"op": "set", "side": "bid", "price": 0.07, "size": 61.0}, {"op": "set", "side": "ask", "price": 0.86, "size": 227.0}, {"op": "set", "side": "ask", "price": 0.88, "size": 433.0}]}
{"t": 1776976263.909769, "events": [{"op": "set", "side": "bid", "price": 0.06, "size": 108.0}, {"op": "set", "side": "bid", "price": 0.05, "size": 26.0}]}
{"t": 1776976276.0147579, "events": [{"op": "delete", "side": "bid", "price": 0.07}, {"op": "set", "side": "bid", "price": 0.06, "size": 61.0}, {"op": "set", "side": "bid", "price": 0.05, "size": 137.0}, {"op": "set", "side": "bid", "price": 0.04, "size": 135.0}, {"op": "set", "side": "ask", "price": 0.74, "size": 224.0}, {"op": "set", "side": "ask", "price": 0.86, "size": 151.0}]}
{"t": 1776976277.039475, "events": [{"op": "set", "side": "ask", "price": 0.86, "size": 229.0}]}
{"t": 1776976279.0620182, "events": [{"op": "set", "side": "bid", "price": 0.06, "size": 84.0}, {"op": "set", "side": "bid", "price": 0.05, "size": 111.0}]}
{"t": 1776976280.070851, "events": [{"op": "set", "side": "bid", "price": 0.04, "size": 128.0}, {"op": "delete", "side": "bid", "price": 0.05}, {"op": "set", "side": "ask", "price": 0.86, "size": 151.0}, {"op": "set", "side": "ask", "price": 0.88, "size": 379.0}]}
{"t": 1776976281.087897, "events": [{"op": "set", "side": "bid", "price": 0.06, "size": 125.0}, {"op": "set", "side": "bid", "price": 0.04, "size": 126.0}, {"op": "set", "side": "bid", "price": 0.07, "size": 57.0}, {"op": "set", "side": "ask", "price": 0.86, "size": 230.0}, {"op": "set", "side": "ask", "price": 0.88, "size": 435.0}]}
{"t": 1776976284.125754, "events": [{"op": "set", "side": "bid", "price": 0.06, "size": 102.0}, {"op": "set", "side": "bid", "price": 0.05, "size": 25.0}]}
{"t": 1776976285.139929, "events": [{"op": "delete", "side": "bid", "price": 0.07}, {"op": "delete", "side": "bid", "price": 0.06}, {"op": "set", "side": "bid", "price": 0.04, "size": 50.0}, {"op": "set", "side": "ask", "price": 0.03, "size": 20.0}, {"op": "set", "side": "ask", "price": 0.74, "size": 150.0}, {"op": "set", "side": "ask", "price": 0.86, "size": 20.0}, {"op": "delete", "side": "ask", "price": 0.88}, {"op": "set", "side": "ask", "price": 0.89, "size": 107.0}, {"op": "set", "side": "ask", "price": 0.54, "size": 43.0}]}
{"t": 1776976286.152321, "events": [{"op": "set", "side": "bid", "price": 0.06, "size": 3.0}, {"op": "set", "side": "ask", "price": 0.55, "size": 18.0}]}
{"t": 1776976287.161626, "events": [{"op": "set", "side": "bid", "price": 0.06, "size": 388.0}, {"op": "set", "side": "bid", "price": 0.05, "size": 38.0}, {"op": "set", "side": "bid", "price": 0.07, "size": 287.0}, {"op": "set", "side": "ask", "price": 0.74, "size": 189.0}, {"op": "set", "side": "ask", "price": 0.86, "size": 130.0}, {"op": "set", "side": "ask", "price": 0.88, "size": 364.0}, {"op": "set", "side": "ask", "price": 0.89, "size": 487.0}]}
{"t": 1776976288.1785212, "events": [{"op": "set", "side": "bid", "price": 0.06, "size": 385.0}]}
{"t": 1776976289.1844962, "events": [{"op": "set", "side": "bid", "price": 0.05, "size": 13.0}, {"op": "set", "side": "bid", "price": 0.02, "size": 55.0}]}
{"t": 1776976290.196137, "events": [{"op": "set", "side": "bid", "price": 0.07, "size": 311.0}]}
{"t": 1776976301.276474, "events": [{"op": "delete", "side": "bid", "price": 0.07}, {"op": "set", "side": "bid", "price": 0.06, "size": 3.0}, {"op": "set", "side": "bid", "price": 0.05, "size": 24.0}, {"op": "delete", "side": "bid", "price": 0.02}, {"op": "set", "side": "ask", "price": 0.74, "size": 150.0}, {"op": "set", "side": "ask", "price": 0.86, "size": 20.0}, {"op": "delete", "side": "ask", "price": 0.88}, {"op": "set", "side": "ask", "price": 0.89, "size": 107.0}]}
{"t": 1776976304.313708, "events": [{"op": "set", "side": "bid", "price": 0.06, "size": 388.0}, {"op": "set", "side": "bid", "price": 0.05, "size": 13.0}, {"op": "set", "side": "bid", "price": 0.07, "size": 287.0}, {"op": "set", "side": "ask", "price": 0.74, "size": 189.0}, {"op": "set", "side": "ask", "price": 0.86, "size": 130.0}, {"op": "set", "side": "ask", "price": 0.88, "size": 365.0}, {"op": "set", "side": "ask", "price": 0.89, "size": 487.0}]}
{"t": 1776976305.355718, "events": [{"op": "set", "side": "bid", "price": 0.07, "size": 311.0}, {"op": "set", "side": "bid", "price": 0.06, "size": 385.0}]}
{"t": 1776976306.360851, "events": [{"op": "delete", "side": "bid", "price": 0.06}, {"op": "delete", "side": "bid", "price": 0.05}]}
{"t": 1776976307.3653572, "events": [{"op": "set", "side": "bid", "price": 0.07, "size": 243.0}, {"op": "set", "side": "bid", "price": 0.04, "size": 229.0}, {"op": "set", "side": "bid", "price": 0.08, "size": 118.0}, {"op": "set", "side": "ask", "price": 0.74, "size": 201.0}, {"op": "set", "side": "ask", "price": 0.86, "size": 165.0}, {"op": "set", "side": "ask", "price": 0.88, "size": 372.0}, {"op": "set", "side": "ask", "price": 0.89, "size": 464.0}]}
{"t": 1776976308.374354, "events": [{"op": "set", "side": "bid", "price": 0.07, "size": 219.0}]}
{"t": 1776976309.386129, "events": [{"op": "set", "side": "bid", "price": 0.05, "size": 26.0}]}
{"t": 1776976310.395447, "events": [{"op": "set", "side": "bid", "price": 0.01, "size": 1571.0}, {"op": "set", "side": "ask", "price": 0.9, "size": 57.0}]}
{"t": 1776976313.409361, "events": [{"op": "delete", "side": "bid", "price": 0.05}]}
{"t": 1776976314.4200819, "events": [{"op": "set", "side": "bid", "price": 0.05, "size": 26.0}]}
{"t": 1776976318.442741, "events": [{"op": "delete", "side": "bid", "price": 0.05}]}
{"t": 1776976319.457519, "events": [{"op": "set", "side": "bid", "price": 0.05, "size": 26.0}]}
{"t": 1776976323.4797351, "events": [{"op": "delete", "side": "bid", "price": 0.08}, {"op": "delete", "side": "bid", "price": 0.07}, {"op": "set", "side": "bid", "price": 0.04, "size": 136.0}, {"op": "set", "side": "ask", "price": 0.74, "size": 189.0}, {"op": "set", "side": "ask", "price": 0.86, "size": 130.0}, {"op": "set", "side": "ask", "price": 0.88, "size": 365.0}]}
{"t": 1776976324.50117, "events": [{"op": "set", "side": "bid", "price": 0.05, "size": 175.0}, {"op": "set", "side": "bid", "price": 0.07, "size": 10.0}, {"op": "set", "side": "bid", "price": 0.06, "size": 90.0}, {"op": "set", "side": "bid", "price": 0.01, "size": 1531.0}, {"op": "set", "side": "ask", "price": 0.74, "size": 206.0}, {"op": "set", "side": "ask", "price": 0.86, "size": 179.0}, {"op": "set", "side": "ask", "price": 0.88, "size": 392.0}, {"op": "set", "side": "ask", "price": 0.89, "size": 478.0}]}
{"t": 1776976325.519989, "events": [{"op": "delete", "side": "bid", "price": 0.07}, {"op": "set", "side": "bid", "price": 0.06, "size": 114.0}, {"op": "set", "side": "bid", "price": 0.05, "size": 149.0}, {"op": "set", "side": "ask", "price": 0.03, "size": 33.0}, {"op": "set", "side": "ask", "price": 0.55, "size": 3.0}]}
{"t": 1776976326.527615, "events": [{"op": "set", "side": "bid", "price": 0.07, "size": 10.0}]}
{"t": 1776976329.543661, "events": [{"op": "set", "side": "ask", "price": 0.9, "size": 74.0}]}
{"t": 1776976332.56369, "events": [{"op": "set", "side": "bid", "price": 0.06, "size": 58.0}, {"op": "delete", "side": "bid", "price": 0.05}, {"op": "set", "side": "bid", "price": 0.04, "size": 50.0}, {"op": "delete", "side": "ask", "price": 0.54}, {"op": "set", "side": "ask", "price": 0.74, "size": 189.0}, {"op": "set", "side": "ask", "price": 0.86, "size": 130.0}, {"op": "set", "side": "ask", "price": 0.88, "size": 365.0}, {"op": "set", "side": "ask", "price": 0.02, "size": 144.0}, {"op": "set", "side": "ask", "price": 0.89, "size": 464.0}]}
{"t": 1776976333.587355, "events": [{"op": "set", "side": "bid", "price": 0.07, "size": 87.0}, {"op": "set", "side": "bid", "price": 0.06, "size": 34.0}, {"op": "set", "side": "bid", "price": 0.08, "size": 49.0}, {"op": "set", "side": "ask", "price": 0.74, "size": 220.0}, {"op": "set", "side": "ask", "price": 0.86, "size": 217.0}, {"op": "set", "side": "ask", "price": 0.88, "size": 422.0}, {"op": "set", "side": "ask", "price": 0.89, "size": 483.0}]}
{"t": 1776976334.603316, "events": [{"op": "delete", "side": "bid", "price": 0.08}, {"op": "delete", "side": "bid", "price": 0.06}, {"op": "set", "side": "bid", "price": 0.07, "size": 23.0}, {"op": "set", "side": "ask", "price": 0.74, "size": 189.0}, {"op": "set", "side": "ask", "price": 0.86, "size": 130.0}, {"op": "set", "side": "ask", "price": 0.88, "size": 365.0}, {"op": "set", "side": "ask", "price": 0.89, "size": 107.0}]}
{"t": 1776976335.619046, "events": [{"op": "set", "side": "ask", "price": 0.88, "size": 83.0}]}
{"t": 1776976336.625223, "events": [{"op": "set", "side": "bid", "price": 0.04, "size": 506.0}, {"op": "set", "side": "bid", "price": 0.05, "size": 287.0}, {"op": "set", "side": "bid", "price": 0.01, "size": 1718.0}, {"op": "set", "side": "ask", "price": 0.74, "size": 224.0}, {"op": "set", "side": "ask", "price": 0.86, "size": 228.0}, {"op": "set", "side": "ask", "price": 0.87, "size": 958.0}]}
{"t": 1776976339.6474261, "events": [{"op": "delete", "side": "bid", "price": 0.07}, {"op": "delete", "side": "bid", "price": 0.05}, {"op": "set", "side": "bid", "price": 0.01, "size": 1531.0}, {"op": "set", "side": "ask", "price": 0.74, "size": 150.0}]}
{"t": 1776976340.6580539, "events": [{"op": "set", "side": "bid", "price": 0.04, "size": 50.0}, {"op": "set", "side": "bid", "price": 0.08, "size": 164.0}, {"op": "set", "side": "bid", "price": 0.07, "size": 244.0}, {"op": "set", "side": "bid", "price": 0.05, "size": 25.0}, {"op": "set", "side": "ask", "price": 0.86, "size": 20.0}, {"op": "set", "side": "ask", "price": 0.87, "size": 835.0}, {"op": "set", "side": "ask", "price": 0.88, "size": 394.0}, {"op": "set", "side": "ask", "price": 0.89, "size": 487.0}]}
{"t": 1776976342.686982, "events": [{"op": "delete", "side": "bid", "price": 0.08}, {"op": "delete", "side": "bid", "price": 0.07}, {"op": "set", "side": "ask", "price": 0.89, "size": 455.0}]}
{"t": 1776976344.703347, "events": [{"op": "delete", "side": "bid", "price": 0.05}, {"op": "set", "side": "bid", "price": 0.07, "size": 42.0}, {"op": "set", "side": "ask", "price": 0.87, "size": 750.0}, {"op": "delete", "side": "ask", "price": 0.88}, {"op": "set", "side": "ask", "price": 0.89, "size": 107.0}]}
{"t": 1776976345.71589, "events": [{"op": "set", "side": "bid", "price": 0.07, "size": 23.0}]}
{"t": 1776976349.756854, "events": [{"op": "set", "side": "bid", "price": 0.07, "size": 431.0}, {"op": "set", "side": "bid", "price": 0.04, "size": 128.0}, {"op": "set", "side": "bid", "price": 0.08, "size": 287.0}, {"op": "set", "side": "ask", "price": 0.74, "size": 199.0}, {"op": "set", "side": "ask", "price": 0.86, "size": 160.0}, {"op": "set", "side": "ask", "price": 0.89, "size": 487.0}]}
{"t": 1776976350.768629, "events": [{"op": "set", "side": "ask", "price": 0.03, "size": 20.0}, {"op": "set", "side": "ask", "price": 0.54, "size": 14.0}, {"op": "set", "side": "ask", "price": 0.88, "size": 386.0}]}
{"t": 1776976351.775647, "events": [{"op": "delete", "side": "bid", "price": 0.08}, {"op": "delete", "side": "bid", "price": 0.07}, {"op": "set", "side": "bid", "price": 0.04, "size": 50.0}, {"op": "set", "side": "ask", "price": 0.74, "size": 150.0}, {"op": "set", "side": "ask", "price": 0.86, "size": 20.0}, {"op": "delete", "side": "ask", "price": 0.88}, {"op": "set", "side": "ask", "price": 0.89, "size": 107.0}]}
{"t": 1776976352.80179, "events": [{"op": "set", "side": "bid", "price": 0.06, "size": 3.0}, {"op": "set", "side": "bid", "price": 0.05, "size": 24.0}, {"op": "set", "side": "ask", "price": 0.9, "size": 57.0}]}
{"t": 1776976356.839608, "events": [{"op": "set", "side": "bid", "price": 0.06, "size": 385.0}, {"op": "set", "side": "bid", "price": 0.05, "size": 13.0}, {"op": "set", "side": "bid", "price": 0.07, "size": 287.0}, {"op": "set", "side": "ask", "price": 0.55, "size": 48.0}, {"op": "set", "side": "ask", "price": 0.74, "size": 204.0}, {"op": "set", "side": "ask", "price": 0.86, "size": 172.0}, {"op": "set", "side": "ask", "price": 0.88, "size": 394.0}, {"op": "set", "side": "ask", "price": 0.02, "size": 100.0}, {"op": "set", "side": "ask", "price": 0.89, "size": 487.0}]}
{"t": 1776976357.858582, "events": [{"op": "set", "side": "bid", "price": 0.07, "size": 311.0}, {"op": "set", "side": "bid", "price": 0.02, "size": 48.0}]}
{"t": 1776976359.87871, "events": [{"op": "set", "side": "bid", "price": 0.07, "size": 243.0}, {"op": "delete", "side": "bid", "price": 0.06}, {"op": "delete", "side": "bid", "price": 0.05}]}
{"t": 1776976360.895073, "events": [{"op": "set", "side": "bid", "price": 0.07, "size": 219.0}, {"op": "set", "side": "bid", "price": 0.08, "size": 118.0}, {"op": "set", "side": "bid", "price": 0.06, "size": 1.0}, {"op": "set", "side": "bid", "price": 0.04, "size": 229.0}, {"op": "set", "side": "ask", "price": 0.74, "size": 208.0}, {"op": "set", "side": "ask", "price": 0.86, "size": 185.0}, {"op": "set", "side": "ask", "price": 0.88, "size": 398.0}, {"op": "set", "side": "ask", "price": 0.89, "size": 480.0}]}
{"t": 1776976362.91397, "events": [{"op": "delete", "side": "bid", "price": 0.08}, {"op": "set", "side": "bid", "price": 0.07, "size": 77.0}, {"op": "set", "side": "bid", "price": 0.04, "size": 55.0}, {"op": "set", "side": "ask", "price": 0.74, "size": 204.0}, {"op": "set", "side": "ask", "price": 0.86, "size": 172.0}, {"op": "set", "side": "ask", "price": 0.88, "size": 394.0}]}
{"t": 1776976363.930155, "events": [{"op": "set", "side": "bid", "price": 0.06, "size": 73.0}, {"op": "set", "side": "ask", "price": 0.74, "size": 210.0}, {"op": "set", "side": "ask", "price": 0.86, "size": 189.0}, {"op": "set", "side": "ask", "price": 0.88, "size": 404.0}, {"op": "set", "side": "ask", "price": 0.89, "size": 485.0}]}
{"t": 1776976364.937811, "events": [{"op": "set", "side": "bid", "price": 0.07, "size": 53.0}]}
{"t": 1776976365.9445639, "events": [{"op": "set", "side": "bid", "price": 0.05, "size": 25.0}]}
{"t": 1776976370.9749482, "events": [{"op": "delete", "side": "bid", "price": 0.05}]}
{"t": 1776976371.985274, "events": [{"op": "set", "side": "bid", "price": 0.05, "size": 25.0}]}
{"t": 1776976375.010626, "events": [{"op": "delete", "side": "bid", "price": 0.05}]}
{"t": 1776976376.01981, "events": [{"op": "set", "side": "bid", "price": 0.05, "size": 25.0}]}
{"t": 1776976378.028401, "events": [{"op": "set", "side": "ask", "price": 0.9, "size": 74.0}]}
{"t": 1776976385.0620549, "events": [{"op": "delete", "side": "bid", "price": 0.05}]}
{"t": 1776976386.068693, "events": [{"op": "set", "side": "bid", "price": 0.05, "size": 25.0}]}
{"t": 1776976390.085834, "events": [{"op": "set", "side": "bid", "price": 0.07, "size": 18.0}, {"op": "set", "side": "bid", "price": 0.06, "size": 40.0}, {"op": "set", "side": "bid", "price": 0.05, "size": 46.0}, {"op": "set", "side": "bid", "price": 0.04, "size": 50.0}, {"op": "set", "side": "ask", "price": 0.74, "size": 211.0}, {"op": "set", "side": "ask", "price": 0.86, "size": 192.0}, {"op": "set", "side": "ask", "price": 0.88, "size": 407.0}, {"op": "set", "side": "ask", "price": 0.89, "size": 487.0}]}
{"t": 1776976391.098208, "events": [{"op": "set", "side": "bid", "price": 0.06, "size": 63.0}]}
{"t": 1776976393.108543, "events": [{"op": "delete", "side": "bid", "price": 0.05}, {"op": "set", "side": "ask", "price": 0.86, "size": 172.0}, {"op": "set", "side": "ask", "price": 0.88, "size": 394.0}, {"op": "set", "side": "ask", "price": 0.91, "size": 5.0}]}
{"t": 1776976394.119156, "events": [{"op": "set", "side": "bid", "price": 0.07, "size": 47.0}, {"op": "set", "side": "bid", "price": 0.06, "size": 113.0}, {"op": "set", "side": "bid", "price": 0.05, "size": 1.0}, {"op": "set", "side": "bid", "price": 0.04, "size": 128.0}, {"op": "delete", "side": "bid", "price": 0.02}, {"op": "set", "side": "ask", "price": 0.03, "size": 60.0}, {"op": "delete", "side": "ask", "price": 0.54}, {"op": "set", "side": "ask", "price": 0.55, "size": 3.0}, {"op": "set", "side": "ask", "price": 0.86, "size": 193.0}, {"op": "set", "side": "ask", "price": 0.88, "size": 409.0}, {"op": "set", "side": "ask", "price": 0.92, "size": 19.0}, {"op": "set", "side": "ask", "price": 0.9, "size": 17.0}]}
{"t": 1776976395.125777, "events": [{"op": "set", "side": "bid", "price": 0.06, "size": 90.0}, {"op": "set", "side": "ask", "price": 0.04, "size": 18.0}]}
{"t": 1776976396.130979, "events": [{"op": "set", "side": "bid", "price": 0.06, "size": 114.0}, {"op": "set", "side": "ask", "price": 0.91, "size": 39.0}]}
{"t": 1776976400.151349, "events": [{"op": "set", "side": "bid", "price": 0.06, "size": 90.0}, {"op": "set", "side": "ask", "price": 0.91, "size": 5.0}]}
{"t": 1776976401.163003, "events": [{"op": "set", "side": "bid", "price": 0.06, "size": 114.0}, {"op": "delete", "side": "ask", "price": 0.9}, {"op": "set", "side": "ask", "price": 0.91, "size": 39.0}]}
{"t": 1776976405.183253, "events": [{"op": "set", "side": "bid", "price": 0.06, "size": 90.0}, {"op": "set", "side": "ask", "price": 0.91, "size": 5.0}]}
{"t": 1776976406.18958, "events": [{"op": "set", "side": "bid", "price": 0.06, "size": 114.0}, {"op": "set", "side": "ask", "price": 0.9, "size": 37.0}]}
{"t": 1776976415.243485, "events": [{"op": "set", "side": "bid", "price": 0.07, "size": 18.0}, {"op": "set", "side": "bid", "price": 0.06, "size": 39.0}, {"op": "set", "side": "bid", "price": 0.04, "size": 50.0}, {"op": "set", "side": "ask", "price": 0.74, "size": 204.0}, {"op": "set", "side": "ask", "price": 0.86, "size": 172.0}, {"op": "set", "side": "ask", "price": 0.88, "size": 394.0}, {"op": "set", "side": "ask", "price": 0.89, "size": 107.0}, {"op": "delete", "side": "ask", "price": 0.9}]}
{"t": 1776976416.25911, "events": [{"op": "set", "side": "bid", "price": 0.07, "size": 63.0}, {"op": "set", "side": "bid", "price": 0.06, "size": 134.0}, {"op": "set", "side": "bid", "price": 0.05, "size": 79.0}, {"op": "set", "side": "ask", "price": 0.74, "size": 254.0}, {"op": "set", "side": "ask", "price": 0.86, "size": 315.0}, {"op": "set", "side": "ask", "price": 0.87, "size": 1000.0}, {"op": "set", "side": "ask", "price": 0.88, "size": 56.0}, {"op": "set", "side": "ask", "price": 0.9, "size": 37.0}]}
{"t": 1776976420.296268, "events": [{"op": "set", "side": "bid", "price": 0.06, "size": 111.0}, {"op": "set", "side": "ask", "price": 0.03, "size": 20.0}, {"op": "set", "side": "ask", "price": 0.54, "size": 50.0}, {"op": "delete", "side": "ask", "price": 0.9}, {"op": "delete", "side": "ask", "price": 0.04}]}
{"t": 1776976421.30323, "events": [{"op": "set", "side": "bid", "price": 0.06, "size": 135.0}, {"op": "set", "side": "ask", "price": 0.9, "size": 36.0}]}
{"t": 1776976423.3098712, "events": [{"op": "set", "side": "bid", "price": 0.07, "size": 67.0}, {"op": "set", "side": "bid", "price": 0.06, "size": 138.0}, {"op": "set", "side": "bid", "price": 0.05, "size": 71.0}, {"op": "set", "side": "ask", "price": 0.74, "size": 272.0}, {"op": "set", "side": "ask", "price": 0.86, "size": 365.0}, {"op": "set", "side": "ask", "price": 0.88, "size": 91.0}, {"op": "set", "side": "ask", "price": 0.87, "size": 1062.0}]}
{"t": 1776976425.340163, "events": [{"op": "delete", "side": "bid", "price": 0.07}, {"op": "delete", "side": "bid", "price": 0.06}, {"op": "set", "side": "bid", "price": 0.05, "size": 25.0}, {"op": "set", "side": "ask", "price": 0.74, "size": 150.0}, {"op": "set", "side": "ask", "price": 0.86, "size": 20.0}, {"op": "delete", "side": "ask", "price": 0.88}, {"op": "set", "side": "ask", "price": 0.87, "size": 750.0}, {"op": "set", "side": "ask", "price": 0.9, "size": 39.0}]}
{"t": 1776976428.364198, "events": [{"op": "set", "side": "bid", "price": 0.05, "size": 434.0}, {"op": "set", "side": "bid", "price": 0.04, "size": 132.0}, {"op": "set", "side": "bid", "price": 0.06, "size": 287.0}, {"op": "set", "side": "ask", "price": 0.74, "size": 234.0}, {"op": "set", "side": "ask", "price": 0.86, "size": 257.0}, {"op": "set", "side": "ask", "price": 0.88, "size": 7.0}, {"op": "set", "side": "ask", "price": 0.87, "size": 923.0}]}
{"t": 1776976430.376935, "events": [{"op": "set", "side": "bid", "price": 0.05, "size": 410.0}, {"op": "set", "side": "bid", "price": 0.01, "size": 1581.0}, {"op": "delete", "side": "ask", "price": 0.9}]}
{"t": 1776976431.391558, "events": [{"op": "set", "side": "bid", "price": 0.06, "size": 133.0}, {"op": "set", "side": "bid", "price": 0.05, "size": 266.0}, {"op": "set", "side": "bid", "price": 0.07, "size": 23.0}, {"op": "set", "side": "bid", "price": 0.04, "size": 304.0}, {"op": "set", "side": "ask", "price": 0.74, "size": 264.0}, {"op": "set", "side": "ask", "price": 0.86, "size": 343.0}, {"op": "set", "side": "ask", "price": 0.88, "size": 74.0}, {"op": "set", "side": "ask", "price": 0.87, "size": 1033.0}, {"op": "set", "side": "ask", "price": 0.9, "size": 35.0}]}
{"t": 1776976435.41402, "events": [{"op": "delete", "side": "ask", "price": 0.9}]}
{"t": 1776976436.4190028, "events": [{"op": "delete", "side": "bid", "price": 0.07}, {"op": "delete", "side": "bid", "price": 0.06}, {"op": "set", "side": "bid", "price": 0.05, "size": 77.0}, {"op": "set", "side": "bid", "price": 0.04, "size": 50.0}, {"op": "set", "side": "ask", "price": 0.74, "size": 150.0}, {"op": "set", "side": "ask", "price": 0.86, "size": 210.0}, {"op": "set", "side": "ask", "price": 0.88, "size": 7.0}, {"op": "set", "side": "ask", "price": 0.87, "size": 923.0}, {"op": "set", "side": "ask", "price": 0.9, "size": 36.0}]}
{"t": 1776976437.425882, "events": [{"op": "set", "side": "bid", "price": 0.07, "size": 345.0}, {"op": "set", "side": "bid", "price": 0.06, "size": 24.0}, {"op": "set", "side": "bid", "price": 0.01, "size": 1531.0}, {"op": "set", "side": "ask", "price": 0.88, "size": 477.0}, {"op": "set", "side": "ask", "price": 0.87, "size": 1145.0}, {"op": "set", "side": "ask", "price": 0.89, "size": 487.0}]}
{"t": 1776976438.4467258, "events": [{"op": "set", "side": "bid", "price": 0.07, "size": 58.0}, {"op": "set", "side": "ask", "price": 0.88, "size": 60.0}, {"op": "set", "side": "ask", "price": 0.87, "size": 1009.0}, {"op": "set", "side": "ask", "price": 0.89, "size": 107.0}]}
{"t": 1776976439.456811, "events": [{"op": "set", "side": "bid", "price": 0.06, "size": 128.0}, {"op": "set", "side": "bid", "price": 0.05, "size": 79.0}, {"op": "set", "side": "ask", "price": 0.74, "size": 257.0}, {"op": "set", "side": "ask", "price": 0.86, "size": 324.0}]}
{"t": 1776976442.480271, "events": [{"op": "set", "side": "bid", "price": 0.07, "size": 66.0}, {"op": "set", "side": "bid", "price": 0.06, "size": 135.0}, {"op": "set", "side": "bid", "price": 0.05, "size": 66.0}, {"op": "set", "side": "ask", "price": 0.74, "size": 274.0}, {"op": "set", "side": "ask", "price": 0.86, "size": 371.0}, {"op": "set", "side": "ask", "price": 0.88, "size": 93.0}, {"op": "set", "side": "ask", "price": 0.87, "size": 1067.0}]}
{"t": 1776976443.4918458, "events": [{"op": "set", "side": "bid", "price": 0.07, "size": 65.0}, {"op": "set", "side": "bid", "price": 0.06, "size": 134.0}, {"op": "set", "side": "bid", "price": 0.05, "size": 71.0}, {"op": "set", "side": "ask", "price": 0.74, "size": 281.0}, {"op": "set", "side": "ask", "price": 0.86, "size": 390.0}, {"op": "set", "side": "ask", "price": 0.88, "size": 107.0}, {"op": "set", "side": "ask", "price": 0.87, "size": 1091.0}]}
{"t": 1776976450.5300539, "events": [{"op": "set", "side": "bid", "price": 0.06, "size": 110.0}, {"op": "delete", "side": "ask", "price": 0.9}]}
{"t": 1776976451.535392, "events": [{"op": "delete", "side": "bid", "price": 0.07}, {"op": "set", "side": "bid", "price": 0.06, "size": 128.0}, {"op": "set", "side": "bid", "price": 0.05, "size": 38.0}, {"op": "set", "side": "ask", "price": 0.74, "size": 257.0}, {"op": "set", "side": "ask", "price": 0.86, "size": 210.0}, {"op": "set", "side": "ask", "price": 0.88, "size": 7.0}, {"op": "set", "side": "ask", "price": 0.87, "size": 923.0}, {"op": "set", "side": "ask", "price": 0.9, "size": 35.0}]}
{"t": 1776976452.543754, "events": [{"op": "set", "side": "bid", "price": 0.06, "size": 40.0}, {"op": "set", "side": "bid", "price": 0.04, "size": 95.0}, {"op": "set", "side": "ask", "price": 0.74, "size": 283.0}, {"op": "set", "side": "ask", "price": 0.86, "size": 397.0}, {"op": "set", "side": "ask", "price": 0.88, "size": 112.0}, {"op": "set", "side": "ask", "price": 0.87, "size": 1099.0}]}
{"t": 1776976454.565593, "events": [{"op": "set", "side": "bid", "price": 0.04, "size": 50.0}, {"op": "set", "side": "ask", "price": 0.74, "size": 257.0}, {"op": "set", "side": "ask", "price": 0.86, "size": 210.0}, {"op": "set", "side": "ask", "price": 0.88, "size": 7.0}, {"op": "set", "side": "ask", "price": 0.87, "size": 923.0}]}
{"t": 1776976455.5719721, "events": [{"op": "set", "side": "bid", "price": 0.06, "size": 78.0}, {"op": "set", "side": "bid", "price": 0.05, "size": 79.0}, {"op": "set", "side": "bid", "price": 0.07, "size": 38.0}, {"op": "set", "side": "ask", "price": 0.74, "size": 285.0}, {"op": "set", "side": "ask", "price": 0.86, "size": 400.0}, {"op": "set", "side": "ask", "price": 0.88, "size": 114.0}, {"op": "set", "side": "ask", "price": 0.87, "size": 1103.0}, {"op": "set", "side": "ask", "price": 0.9, "size": 36.0}]}
{"t": 1776976456.585608, "events": [{"op": "set", "side": "bid", "price": 0.06, "size": 102.0}]}
{"t": 1776976458.60728, "events": [{"op": "set", "side": "bid", "price": 0.06, "size": 40.0}, {"op": "set", "side": "ask", "price": 0.86, "size": 210.0}, {"op": "set", "side": "ask", "price": 0.88, "size": 7.0}, {"op": "set", "side": "ask", "price": 0.87, "size": 923.0}]}
{"t": 1776976459.62, "events": [{"op": "set", "side": "bid", "price": 0.07, "size": 60.0}, {"op": "set", "side": "bid", "price": 0.06, "size": 131.0}, {"op": "set", "side": "ask", "price": 0.86, "size": 401.0}, {"op": "set", "side": "ask", "price": 0.88, "size": 115.0}, {"op": "set", "side": "ask", "price": 0.87, "size": 1105.0}]}
{"t": 1776976460.625124, "events": [{"op": "set", "side": "bid", "price": 0.07, "size": 82.0}, {"op": "set", "side": "bid", "price": 0.06, "size": 107.0}, {"op": "set", "side": "ask", "price": 0.9, "size": 35.0}]}
{"t": 1776976461.631319, "events": [{"op": "set", "side": "bid", "price": 0.07, "size": 60.0}, {"op": "delete", "side": "bid", "price": 0.06}, {"op": "set", "side": "bid", "price": 0.05, "size": 73.0}, {"op": "set", "side": "ask", "price": 0.74, "size": 150.0}, {"op": "set", "side": "ask", "price": 0.86, "size": 222.0}, {"op": "set", "side": "ask", "price": 0.88, "size": 7.0}, {"op": "set", "side": "ask", "price": 0.87, "size": 923.0}]}
{"t": 1776976462.638276, "events": [{"op": "set", "side": "bid", "price": 0.07, "size": 174.0}, {"op": "set", "side": "ask", "price": 0.88, "size": 405.0}, {"op": "set", "side": "ask", "price": 0.87, "size": 1162.0}, {"op": "set", "side": "ask", "price": 0.89, "size": 392.0}]}
{"t": 1776976465.66493, "events": [{"op": "delete", "side": "bid", "price": 0.07}, {"op": "set", "side": "bid", "price": 0.05, "size": 25.0}, {"op": "set", "side": "ask", "price": 0.86, "size": 20.0}, {"op": "delete", "side": "ask", "price": 0.88}, {"op": "set", "side": "ask", "price": 0.87, "size": 750.0}, {"op": "set", "side": "ask", "price": 0.89, "size": 107.0}, {"op": "set", "side": "ask", "price": 0.9, "size": 38.0}]}
{"t": 1776976467.6886039, "events": [{"op": "set", "side": "bid", "price": 0.05, "size": 434.0}, {"op": "set", "side": "bid", "price": 0.04, "size": 132.0}, {"op": "set", "side": "bid", "price": 0.06, "size": 287.0}, {"op": "set", "side": "ask", "price": 0.74, "size": 234.0}, {"op": "set", "side": "ask", "price": 0.86, "size": 258.0}, {"op": "set", "side": "ask", "price": 0.88, "size": 7.0}, {"op": "set", "side": "ask", "price": 0.87, "size": 923.0}]}
{"t": 1776976470.713255, "events": [{"op": "set", "side": "bid", "price": 0.05, "size": 410.0}, {"op": "set", "side": "bid", "price": 0.07, "size": 23.0}, {"op": "set", "side": "bid", "price": 0.01, "size": 1580.0}, {"op": "set", "side": "ask", "price": 0.9, "size": 35.0}]}
{"t": 1776976472.725442, "events": [{"op": "set", "side": "bid", "price": 0.07, "size": 223.0}, {"op": "delete", "side": "bid", "price": 0.06}, {"op": "set", "side": "bid", "price": 0.05, "size": 77.0}, {"op": "set", "side": "bid", "price": 0.01, "size": 1531.0}, {"op": "set", "side": "bid", "price": 0.04, "size": 50.0}, {"op": "set", "side": "ask", "price": 0.74, "size": 150.0}, {"op": "set", "side": "ask", "price": 0.86, "size": 192.0}, {"op": "set", "side": "ask", "price": 0.88, "size": 405.0}, {"op": "set", "side": "ask", "price": 0.87, "size": 1121.0}, {"op": "set", "side": "ask", "price": 0.89, "size": 392.0}]}
{"t": 1776976473.738061, "events": [{"op": "set", "side": "bid", "price": 0.07, "size": 354.0}]}
{"t": 1776976474.742902, "events": [{"op": "set", "side": "bid", "price": 0.01, "size": 1582.0}, {"op": "set", "side": "ask", "price": 0.03, "size": 65.0}, {"op": "delete", "side": "ask", "price": 0.54}, {"op": "delete", "side": "ask", "price": 0.9}, {"op": "set", "side": "ask", "price": 0.04, "size": 14.0}]}
{"t": 1776976475.752197, "events": [{"op": "set", "side": "ask", "price": 0.9, "size": 34.0}]}
{"t": 1776976477.761339, "events": [{"op": "delete", "side": "bid", "price": 0.07}, {"op": "set", "side": "bid", "price": 0.05, "size": 1.0}, {"op": "set", "side": "ask", "price": 0.86, "size": 20.0}, {"op": "set", "side": "ask", "price": 0.87, "size": 750.0}, {"op": "delete", "side": "ask", "price": 0.88}, {"op": "set", "side": "ask", "price": 0.89, "size": 107.0}]}
{"t": 1776976478.778097, "events": [{"op": "set", "side": "bid", "price": 0.05, "size": 25.0}, {"op": "set", "side": "bid", "price": 0.01, "size": 1531.0}]}
{"t": 1776976479.7830348, "events": [{"op": "delete", "side": "ask", "price": 0.9}]}
{"t": 1776976480.793513, "events": [{"op": "set", "side": "ask", "price": 0.9, "size": 38.0}]}
{"t": 1776976481.809105, "events": [{"op": "set", "side": "bid", "price": 0.05, "size": 410.0}, {"op": "set", "side": "bid", "price": 0.07, "size": 23.0}, {"op": "set", "side": "bid", "price": 0.06, "size": 287.0}, {"op": "set", "side": "bid", "price": 0.04, "size": 132.0}, {"op": "set", "side": "ask", "price": 0.74, "size": 234.0}, {"op": "set", "side": "ask", "price": 0.86, "size": 257.0}, {"op": "set", "side": "ask", "price": 0.87, "size": 922.0}, {"op": "set", "side": "ask", "price": 0.88, "size": 7.0}]}
{"t": 1776976484.820907, "events": [{"op": "delete", "side": "bid", "price": 0.06}, {"op": "set", "side": "bid", "price": 0.05, "size": 77.0}, {"op": "set", "side": "bid", "price": 0.04, "size": 50.0}, {"op": "set", "side": "ask", "price": 0.74, "size": 150.0}, {"op": "set", "side": "ask", "price": 0.86, "size": 192.0}]}
{"t": 1776976485.858399, "events": [{"op": "set", "side": "bid", "price": 0.07, "size": 331.0}, {"op": "set", "side": "bid", "price": 0.06, "size": 25.0}, {"op": "set", "side": "ask", "price": 0.87, "size": 1121.0}, {"op": "set", "side": "ask", "price": 0.88, "size": 405.0}, {"op": "set", "side": "ask", "price": 0.89, "size": 392.0}, {"op": "set", "side": "ask", "price": 0.9, "size": 35.0}]}
{"t": 1776976489.887844, "events": [{"op": "delete", "side": "bid", "price": 0.06}, {"op": "set", "side": "bid", "price": 0.01, "size": 1588.0}, {"op": "delete", "side": "ask", "price": 0.9}]}
{"t": 1776976490.901129, "events": [{"op": "delete", "side": "bid", "price": 0.07}, {"op": "set", "side": "bid", "price": 0.06, "size": 25.0}, {"op": "set", "side": "bid", "price": 0.01, "size": 1531.0}, {"op": "set", "side": "ask", "price": 0.89, "size": 107.0}, {"op": "set", "side": "ask", "price": 0.9, "size": 34.0}]}
{"t": 1776976491.914994, "events": [{"op": "set", "side": "bid", "price": 0.06, "size": 43.0}, {"op": "set", "side": "bid", "price": 0.05, "size": 41.0}, {"op": "set", "side": "bid", "price": 0.04, "size": 98.0}, {"op": "set", "side": "ask", "price": 0.74, "size": 255.0}, {"op": "set", "side": "ask", "price": 0.86, "size": 316.0}, {"op": "set", "side": "ask", "price": 0.87, "size": 1000.0}, {"op": "set", "side": "ask", "price": 0.88, "size": 55.0}]}
{"t": 1776976495.9455118, "events": [{"op": "set", "side": "ask", "price": 0.9, "size": 38.0}]}
{"t": 1776976499.969461, "events": [{"op": "delete", "side": "ask", "price": 0.9}]}
{"t": 1776976500.976686, "events": [{"op": "set", "side": "ask", "price": 0.9, "size": 38.0}]}
{"t": 1776976504.995602, "events": [{"op": "set", "side": "bid", "price": 0.04, "size": 50.0}, {"op": "set", "side": "ask", "price": 0.03, "size": 20.0}, {"op": "set", "side": "ask", "price": 0.86, "size": 192.0}, {"op": "set", "side": "ask", "price": 0.87, "size": 922.0}, {"op": "set", "side": "ask", "price": 0.88, "size": 7.0}, {"op": "set", "side": "ask", "price": 0.54, "size": 48.0}, {"op": "delete", "side": "ask", "price": 0.9}, {"op": "delete", "side": "ask", "price": 0.04}]}
{"t": 1776976506.004798, "events": [{"op": "set", "side": "bid", "price": 0.06, "size": 82.0}, {"op": "set", "side": "bid", "price": 0.05, "size": 83.0}, {"op": "set", "side": "bid", "price": 0.07, "size": 40.0}, {"op": "set", "side": "ask", "price": 0.74, "size": 273.0}, {"op": "set", "side": "ask", "price": 0.86, "size": 368.0}, {"op": "set", "side": "ask", "price": 0.88, "size": 91.0}, {"op": "set", "side": "ask", "price": 0.87, "size": 1064.0}, {"op": "set", "side": "ask", "price": 0.9, "size": 38.0}]}
{"t": 1776976507.017001, "events": [{"op": "set", "side": "bid", "price": 0.06, "size": 106.0}]}
{"t": 1776976510.0364318, "events": [{"op": "set", "side": "bid", "price": 0.06, "size": 82.0}, {"op": "delete", "side": "ask", "price": 0.9}]}
{"t": 1776976511.044847, "events": [{"op": "set", "side": "bid", "price": 0.06, "size": 106.0}, {"op": "set", "side": "ask", "price": 0.9, "size": 36.0}]}
{"t": 1776976520.122738, "events": [{"op": "set", "side": "bid", "price": 0.06, "size": 82.0}, {"op": "delete", "side": "ask", "price": 0.9}]}
{"t": 1776976521.1357608, "events": [{"op": "delete", "side": "bid", "price": 0.07}, {"op": "set", "side": "bid", "price": 0.06, "size": 43.0}, {"op": "set", "side": "bid", "price": 0.05, "size": 44.0}, {"op": "set", "side": "bid", "price": 0.04, "size": 102.0}, {"op": "set", "side": "ask", "price": 0.74, "size": 280.0}, {"op": "set", "side": "ask", "price": 0.86, "size": 388.0}, {"op": "set", "side": "ask", "price": 0.88, "size": 105.0}, {"op": "set", "side": "ask", "price": 0.87, "size": 1088.0}, {"op": "set", "side": "ask", "price": 0.9, "size": 36.0}]}
{"t": 1776976525.156095, "events": [{"op": "delete", "side": "ask", "price": 0.9}]}
{"t": 1776976526.162179, "events": [{"op": "set", "side": "ask", "price": 0.9, "size": 38.0}]}
{"t": 1776976535.199321, "events": [{"op": "delete", "side": "ask", "price": 0.9}]}
{"t": 1776976536.203557, "events": [{"op": "delete", "side": "bid", "price": 0.06}, {"op": "set", "side": "bid", "price": 0.04, "size": 50.0}, {"op": "set", "side": "bid", "price": 0.05, "size": 25.0}, {"op": "set", "side": "ask", "price": 0.74, "size": 150.0}, {"op": "set", "side": "ask", "price": 0.86, "size": 20.0}, {"op": "delete", "side": "ask", "price": 0.88}, {"op": "set", "side": "ask", "price": 0.87, "size": 750.0}, {"op": "set", "side": "ask", "price": 0.9, "size": 38.0}]}
{"t": 1776976538.221212, "events": [{"op": "set", "side": "bid", "price": 0.05, "size": 434.0}, {"op": "set", "side": "bid", "price": 0.04, "size": 132.0}, {"op": "set", "side": "bid", "price": 0.06, "size": 287.0}, {"op": "set", "side": "ask", "price": 0.74, "size": 235.0}, {"op": "set", "side": "ask", "price": 0.86, "size": 259.0}, {"op": "set", "side": "ask", "price": 0.88, "size": 7.0}, {"op": "set", "side": "ask", "price": 0.87, "size": 924.0}]}
{"t": 1776976540.237312, "events": [{"op": "set", "side": "bid", "price": 0.05, "size": 410.0}, {"op": "set", "side": "bid", "price": 0.01, "size": 1581.0}, {"op": "delete", "side": "ask", "price": 0.9}]}
{"t": 1776976541.245595, "events": [{"op": "set", "side": "bid", "price": 0.06, "size": 133.0}, {"op": "set", "side": "bid", "price": 0.05, "size": 266.0}, {"op": "set", "side": "bid", "price": 0.07, "size": 23.0}, {"op": "set", "side": "ask", "price": 0.9, "size": 35.0}]}
{"t": 1776976544.27052, "events": [{"op": "set", "side": "bid", "price": 0.04, "size": 304.0}, {"op": "set", "side": "ask", "price": 0.74, "size": 265.0}, {"op": "set", "side": "ask", "price": 0.86, "size": 346.0}, {"op": "set", "side": "ask", "price": 0.88, "size": 75.0}, {"op": "set", "side": "ask", "price": 0.87, "size": 1035.0}]}
{"t": 1776976545.305117, "events": [{"op": "delete", "side": "bid", "price": 0.06}, {"op": "set", "side": "bid", "price": 0.04, "size": 50.0}, {"op": "set", "side": "ask", "price": 0.74, "size": 150.0}, {"op": "set", "side": "ask", "price": 0.86, "size": 259.0}, {"op": "set", "side": "ask", "price": 0.88, "size": 7.0}, {"op": "set", "side": "ask", "price": 0.87, "size": 924.0}, {"op": "set", "side": "ask", "price": 0.9, "size": 36.0}]}
{"t": 1776976546.315924, "events": [{"op": "set", "side": "bid", "price": 0.07, "size": 208.0}, {"op": "set", "side": "bid", "price": 0.05, "size": 77.0}, {"op": "set", "side": "bid", "price": 0.06, "size": 22.0}, {"op": "set", "side": "bid", "price": 0.01, "size": 1531.0}, {"op": "set", "side": "ask", "price": 0.86, "size": 211.0}, {"op": "set", "side": "ask", "price": 0.88, "size": 405.0}, {"op": "set", "side": "ask", "price": 0.87, "size": 1146.0}, {"op": "set", "side": "ask", "price": 0.89, "size": 392.0}]}
{"t": 1776976547.325418, "events": [{"op": "set", "side": "bid", "price": 0.07, "size": 345.0}]}
{"t": 1776976548.331649, "events": [{"op": "set", "side": "bid", "price": 0.07, "size": 208.0}, {"op": "set", "side": "ask", "price": 0.03, "size": 69.0}, {"op": "delete", "side": "ask", "price": 0.54}, {"op": "set", "side": "ask", "price": 0.89, "size": 107.0}]}
{"t": 1776976549.3694139, "events": [{"op": "set", "side": "bid", "price": 0.07, "size": 55.0}, {"op": "set", "side": "bid", "price": 0.06, "size": 119.0}, {"op": "set", "side": "bid", "price": 0.05, "size": 73.0}, {"op": "set", "side": "ask", "price": 0.74, "size": 258.0}, {"op": "set", "side": "ask", "price": 0.86, "size": 326.0}, {"op": "set", "side": "ask", "price": 0.87, "size": 1011.0}, {"op": "set", "side": "ask", "price": 0.88, "size": 61.0}]}
{"t": 1776976550.374534, "events": [{"op": "set", "side": "bid", "price": 0.06, "size": 121.0}]}
{"t": 1776976552.38733, "events": [{"op": "set", "side": "ask", "price": 0.86, "size": 211.0}, {"op": "set", "side": "ask", "price": 0.87, "size": 924.0}, {"op": "set", "side": "ask", "price": 0.88, "size": 7.0}]}
{"t": 1776976553.394047, "events": [{"op": "set", "side": "bid", "price": 0.07, "size": 63.0}, {"op": "set", "side": "bid", "price": 0.06, "size": 135.0}, {"op": "set", "side": "bid", "price": 0.05, "size": 79.0}, {"op": "set", "side": "ask", "price": 0.74, "size": 275.0}, {"op": "set", "side": "ask", "price": 0.86, "size": 372.0}, {"op": "set", "side": "ask", "price": 0.87, "size": 1068.0}, {"op": "set", "side": "ask", "price": 0.88, "size": 93.0}]}
{"t": 1776976555.404792, "events": [{"op": "set", "side": "bid", "price": 0.06, "size": 111.0}, {"op": "delete", "side": "ask", "price": 0.9}]}
{"t": 1776976556.4166641, "events": [{"op": "set", "side": "bid", "price": 0.07, "size": 85.0}, {"op": "set", "side": "ask", "price": 0.9, "size": 35.0}]}
{"t": 1776976560.430049, "events": [{"op": "set", "side": "bid", "price": 0.07, "size": 77.0}, {"op": "delete", "side": "bid", "price": 0.06}, {"op": "set", "side": "bid", "price": 0.05, "size": 73.0}, {"op": "set", "side": "ask", "price": 0.74, "size": 150.0}, {"op": "set", "side": "ask", "price": 0.86, "size": 216.0}, {"op": "set", "side": "ask", "price": 0.87, "size": 924.0}, {"op": "set", "side": "ask", "price": 0.88, "size": 7.0}, {"op": "delete", "side": "ask", "price": 0.9}]}
{"t": 1776976561.438821, "events": [{"op": "set", "side": "bid", "price": 0.07, "size": 153.0}, {"op": "set", "side": "bid", "price": 0.06, "size": 24.0}, {"op": "set", "side": "ask", "price": 0.87, "size": 1154.0}, {"op": "set", "side": "ask", "price": 0.88, "size": 405.0}, {"op": "set", "side": "ask", "price": 0.89, "size": 392.0}, {"op": "set", "side": "ask", "price": 0.9, "size": 36.0}]}
{"t": 1776976565.468847, "events": [{"op": "set", "side": "bid", "price": 0.07, "size": 56.0}, {"op": "set", "side": "bid", "price": 0.06, "size": 126.0}, {"op": "set", "side": "bid", "price": 0.05, "size": 79.0}, {"op": "set", "side": "ask", "price": 0.74, "size": 259.0}, {"op": "set", "side": "ask", "price": 0.86, "size": 328.0}, {"op": "set", "side": "ask", "price": 0.87, "size": 1013.0}, {"op": "set", "side": "ask", "price": 0.88, "size": 62.0}, {"op": "set", "side": "ask", "price": 0.89, "size": 107.0}]}
{"t": 1776976569.49947, "events": [{"op": "delete", "side": "bid", "price": 0.07}, {"op": "set", "side": "bid", "price": 0.06, "size": 24.0}, {"op": "set", "side": "bid", "price": 0.05, "size": 1.0}, {"op": "set", "side": "ask", "price": 0.74, "size": 150.0}, {"op": "set", "side": "ask", "price": 0.86, "size": 20.0}, {"op": "set", "side": "ask", "price": 0.87, "size": 750.0}, {"op": "delete", "side": "ask", "price": 0.88}]}
{"t": 1776976570.521151, "events": [{"op": "delete", "side": "bid", "price": 0.06}, {"op": "set", "side": "bid", "price": 0.05, "size": 25.0}, {"op": "set", "side": "ask", "price": 0.9, "size": 38.0}]}
{"t": 1776976572.538016, "events": [{"op": "set", "side": "bid", "price": 0.05, "size": 434.0}, {"op": "set", "side": "bid", "price": 0.04, "size": 132.0}, {"op": "set", "side": "bid", "price": 0.06, "size": 287.0}, {"op": "set", "side": "ask", "price": 0.03, "size": 20.0}, {"op": "set", "side": "ask", "price": 0.74, "size": 235.0}, {"op": "set", "side": "ask", "price": 0.86, "size": 259.0}, {"op": "set", "side": "ask", "price": 0.87, "size": 924.0}, {"op": "set", "side": "ask", "price": 0.88, "size": 7.0}, {"op": "set", "side": "ask", "price": 0.54, "size": 49.0}]}
{"t": 1776976574.550605, "events": [{"op": "set", "side": "bid", "price": 0.06, "size": 133.0}, {"op": "set", "side": "bid", "price": 0.05, "size": 290.0}, {"op": "set", "side": "bid", "price": 0.01, "size": 1577.0}, {"op": "set", "side": "bid", "price": 0.04, "size": 304.0}, {"op": "set", "side": "ask", "price": 0.74, "size": 265.0}, {"op": "set", "side": "ask", "price": 0.86, "size": 346.0}, {"op": "set", "side": "ask", "price": 0.88, "size": 75.0}, {"op": "set", "side": "ask", "price": 0.87, "size": 1036.0}]}
{"t": 1776976575.5694778, "events": [{"op": "set", "side": "bid", "price": 0.05, "size": 266.0}, {"op": "delete", "side": "ask", "price": 0.9}]}
{"t": 1776976576.575867, "events": [{"op": "delete", "side": "bid", "price": 0.06}, {"op": "set", "side": "bid", "price": 0.07, "size": 22.0}, {"op": "set", "side": "bid", "price": 0.04, "size": 50.0}, {"op": "set", "side": "ask", "price": 0.74, "size": 150.0}, {"op": "set", "side": "ask", "price": 0.86, "size": 259.0}, {"op": "set", "side": "ask", "price": 0.88, "size": 7.0}, {"op": "set", "side": "ask", "price": 0.87, "size": 924.0}, {"op": "set", "side": "ask", "price": 0.9, "size": 35.0}]}
{"t": 1776976577.582925, "events": [{"op": "set", "side": "bid", "price": 0.05, "size": 73.0}, {"op": "set", "side": "bid", "price": 0.01, "size": 1531.0}, {"op": "set", "side": "ask", "price": 0.86, "size": 211.0}]}
{"t": 1776976578.5899022, "events": [{"op": "set", "side": "bid", "price": 0.07, "size": 364.0}, {"op": "set", "side": "ask", "price": 0.88, "size": 405.0}, {"op": "set", "side": "ask", "price": 0.87, "size": 1147.0}, {"op": "set", "side": "ask", "price": 0.89, "size": 392.0}]}
{"t": 1776976579.598368, "events": [{"op": "set", "side": "bid", "price": 0.07, "size": 247.0}, {"op": "set", "side": "bid", "price": 0.05, "size": 214.0}, {"op": "set", "side": "ask", "price": 0.86, "size": 183.0}, {"op": "set", "side": "ask", "price": 0.87, "size": 1109.0}]}
{"t": 1776976580.610691, "events": [{"op": "set", "side": "bid", "price": 0.07, "size": 361.0}, {"op": "set", "side": "ask", "price": 0.9, "size": 34.0}]}
{"t": 1776976582.626801, "events": [{"op": "set", "side": "bid", "price": 0.07, "size": 285.0}, {"op": "set", "side": "bid", "price": 0.05, "size": 212.0}, {"op": "set", "side": "bid", "price": 0.01, "size": 1582.0}, {"op": "set", "side": "ask", "price": 0.86, "size": 176.0}, {"op": "set", "side": "ask", "price": 0.88, "size": 402.0}, {"op": "set", "side": "ask", "price": 0.87, "size": 1100.0}, {"op": "set", "side": "ask", "price": 0.89, "size": 390.0}]}
{"t": 1776976583.6361852, "events": [{"op": "set", "side": "bid", "price": 0.07, "size": 429.0}]}
{"t": 1776976587.65838, "events": [{"op": "set", "side": "bid", "price": 0.07, "size": 319.0}, {"op": "set", "side": "bid", "price": 0.05, "size": 254.0}, {"op": "set", "side": "ask", "price": 0.86, "size": 175.0}, {"op": "set", "side": "ask", "price": 0.88, "size": 400.0}, {"op": "set", "side": "ask", "price": 0.87, "size": 1097.0}, {"op": "set", "side": "ask", "price": 0.89, "size": 388.0}]}
{"t": 1776976588.667841, "events": [{"op": "set", "side": "bid", "price": 0.07, "size": 477.0}]}
{"t": 1776976592.712306, "events": [{"op": "set", "side": "bid", "price": 0.07, "size": 355.0}, {"op": "set", "side": "bid", "price": 0.05, "size": 284.0}]}
{"t": 1776976593.717815, "events": [{"op": "set", "side": "bid", "price": 0.07, "size": 532.0}]}
{"t": 1776976595.7320058, "events": [{"op": "set", "side": "ask", "price": 0.9, "size": 33.0}]}
{"t": 1776976605.780865, "events": [{"op": "set", "side": "bid", "price": 0.07, "size": 391.0}, {"op": "set", "side": "bid", "price": 0.05, "size": 318.0}, {"op": "set", "side": "bid", "price": 0.01, "size": 1531.0}, {"op": "set", "side": "bid", "price": 0.02, "size": 49.0}, {"op": "set", "side": "ask", "price": 0.9, "size": 34.0}]}
{"t": 1776976606.794375, "events": [{"op": "set", "side": "bid", "price": 0.07, "size": 586.0}]}
{"t": 1776976607.800011, "events": [{"op": "set", "side": "bid", "price": 0.07, "size": 642.0}, {"op": "set", "side": "bid", "price": 0.05, "size": 351.0}]}
{"t": 1776976610.818959, "events": [{"op": "set", "side": "ask", "price": 0.03, "size": 62.0}, {"op": "delete", "side": "ask", "price": 0.54}, {"op": "set", "side": "ask", "price": 0.9, "size": 33.0}]}
{"t": 1776976619.87493, "events": [{"op": "delete", "side": "ask", "price": 0.9}, {"op": "set", "side": "ask", "price": 0.04, "size": 17.0}]}
{"t": 1776976620.890514, "events": [{"op": "set", "side": "ask", "price": 0.9, "size": 33.0}]}
{"t": 1776976622.908661, "events": [{"op": "set", "side": "ask", "price": 0.86, "size": 155.0}]}
{"t": 1776976624.9222841, "events": [{"op": "set", "side": "bid", "price": 0.07, "size": 656.0}, {"op": "set", "side": "bid", "price": 0.05, "size": 385.0}, {"op": "delete", "side": "ask", "price": 0.86}, {"op": "set", "side": "ask", "price": 0.87, "size": 1036.0}, {"op": "delete", "side": "ask", "price": 0.88}, {"op": "set", "side": "ask", "price": 0.89, "size": 544.0}, {"op": "set", "side": "ask", "price": 0.9, "size": 195.0}, {"op": "set", "side": "ask", "price": 0.91, "size": 119.0}]}
{"t": 1776976625.935311, "events": [{"op": "set", "side": "ask", "price": 0.9, "size": 197.0}]}
{"t": 1776976627.946018, "events": [{"op": "delete", "side": "bid", "price": 0.07}, {"op": "set", "side": "bid", "price": 0.05, "size": 25.0}, {"op": "delete", "side": "bid", "price": 0.02}, {"op": "set", "side": "ask", "price": 0.87, "size": 750.0}, {"op": "set", "side": "ask", "price": 0.89, "size": 107.0}, {"op": "set", "side": "ask", "price": 0.9, "size": 35.0}, {"op": "set", "side": "ask", "price": 0.91, "size": 5.0}]}
{"t": 1776976630.9735959, "events": [{"op": "set", "side": "ask", "price": 0.9, "size": 38.0}]}
{"t": 1776976631.9891021, "events": [{"op": "set", "side": "bid", "price": 0.05, "size": 410.0}, {"op": "set", "side": "bid", "price": 0.07, "size": 22.0}, {"op": "set", "side": "bid", "price": 0.06, "size": 287.0}, {"op": "set", "side": "bid", "price": 0.04, "size": 132.0}, {"op": "set", "side": "ask", "price": 0.74, "size": 293.0}, {"op": "set", "side": "ask", "price": 0.87, "size": 1226.0}, {"op": "set", "side": "ask", "price": 0.89, "size": 297.0}, {"op": "set", "side": "ask", "price": 0.88, "size": 523.0}]}
{"t": 1776976636.012798, "events": [{"op": "delete", "side": "bid", "price": 0.06}, {"op": "set", "side": "bid", "price": 0.01, "size": 1584.0}, {"op": "set", "side": "bid", "price": 0.04, "size": 50.0}, {"op": "set", "side": "ask", "price": 0.74, "size": 150.0}, {"op": "delete", "side": "ask", "price": 0.88}, {"op": "set", "side": "ask", "price": 0.9, "size": 35.0}]}
{"t": 1776976637.021386, "events": [{"op": "set", "side": "bid", "price": 0.07, "size": 328.0}, {"op": "set", "side": "bid", "price": 0.05, "size": 97.0}, {"op": "set", "side": "bid", "price": 0.01, "size": 1531.0}, {"op": "set", "side": "ask", "price": 0.03, "size": 20.0}, {"op": "set", "side": "ask", "price": 0.87, "size": 1036.0}, {"op": "set", "side": "ask", "price": 0.89, "size": 531.0}, {"op": "set", "side": "ask", "price": 0.54, "size": 36.0}, {"op": "set", "side": "ask", "price": 0.9, "size": 160.0}, {"op": "set", "side": "ask", "price": 0.91, "size": 93.0}]}
{"t": 1776976640.0406752, "events": [{"op": "set", "side": "bid", "price": 0.05, "size": 73.0}, {"op": "set", "side": "bid", "price": 0.01, "size": 1581.0}, {"op": "set", "side": "ask", "price": 0.9, "size": 125.0}]}
{"t": 1776976641.045354, "events": [{"op": "set", "side": "bid", "price": 0.06, "size": 24.0}, {"op": "set", "side": "ask", "price": 0.91, "size": 124.0}]}
{"t": 1776976648.087174, "events": [{"op": "set", "side": "bid", "price": 0.07, "size": 56.0}, {"op": "set", "side": "bid", "price": 0.06, "size": 126.0}, {"op": "set", "side": "bid", "price": 0.05, "size": 79.0}, {"op": "set", "side": "ask", "price": 0.74, "size": 293.0}, {"op": "set", "side": "ask", "price": 0.87, "size": 1227.0}, {"op": "set", "side": "ask", "price": 0.88, "size": 667.0}, {"op": "set", "side": "ask", "price": 0.89, "size": 487.0}, {"op": "delete", "side": "ask", "price": 0.9}, {"op": "set", "side": "ask", "price": 0.91, "size": 36.0}]}
{"t": 1776976649.094667, "events": [{"op": "set", "side": "ask", "price": 0.55, "size": 23.0}, {"op": "delete", "side": "ask", "price": 0.04}]}
{"t": 1776976650.106755, "events": [{"op": "set", "side": "bid", "price": 0.06, "size": 102.0}, {"op": "set", "side": "bid", "price": 0.05, "size": 66.0}, {"op": "set", "side": "ask", "price": 0.74, "size": 259.0}, {"op": "set", "side": "ask", "price": 0.87, "size": 1057.0}, {"op": "set", "side": "ask", "price": 0.88, "size": 503.0}, {"op": "set", "side": "ask", "price": 0.91, "size": 5.0}]}
{"t": 1776976651.118593, "events": [{"op": "set", "side": "bid", "price": 0.07, "size": 65.0}, {"op": "set", "side": "bid", "price": 0.06, "size": 133.0}, {"op": "set", "side": "ask", "price": 0.9, "size": 36.0}]}
{"t": 1776976653.130749, "events": [{"op": "set", "side": "bid", "price": 0.07, "size": 64.0}, {"op": "set", "side": "bid", "price": 0.05, "size": 69.0}, {"op": "set", "side": "ask", "price": 0.74, "size": 293.0}, {"op": "set", "side": "ask", "price": 0.87, "size": 1227.0}, {"op": "set", "side": "ask", "price": 0.88, "size": 667.0}]}
{"t": 1776976655.139762, "events": [{"op": "set", "side": "bid", "price": 0.06, "size": 109.0}, {"op": "delete", "side": "ask", "price": 0.9}]}
{"t": 1776976656.145735, "events": [{"op": "set", "side": "bid", "price": 0.06, "size": 133.0}, {"op": "set", "side": "ask", "price": 0.9, "size": 36.0}]}
{"t": 1776976660.164791, "events": [{"op": "set", "side": "bid", "price": 0.07, "size": 65.0}, {"op": "set", "side": "bid", "price": 0.06, "size": 134.0}, {"op": "set", "side": "bid", "price": 0.01, "size": 1531.0}]}
{"t": 1776976661.1799512, "events": [{"op": "set", "side": "bid", "price": 0.06, "size": 110.0}, {"op": "delete", "side": "ask", "price": 0.9}]}
{"t": 1776976662.1883461, "events": [{"op": "set", "side": "bid", "price": 0.06, "size": 134.0}, {"op": "set", "side": "ask", "price": 0.9, "size": 36.0}]}
{"t": 1776976665.228876, "events": [{"op": "set", "side": "bid", "price": 0.06, "size": 110.0}, {"op": "delete", "side": "ask", "price": 0.9}]}
{"t": 1776976666.242671, "events": [{"op": "set", "side": "bid", "price": 0.06, "size": 134.0}, {"op": "set", "side": "ask", "price": 0.9, "size": 36.0}]}
{"t": 1776976670.27538, "events": [{"op": "set", "side": "bid", "price": 0.06, "size": 110.0}, {"op": "set", "side": "ask", "price": 0.03, "size": 58.0}, {"op": "delete", "side": "ask", "price": 0.54}, {"op": "delete", "side": "ask", "price": 0.9}]}
{"t": 1776976671.281625, "events": [{"op": "set", "side": "bid", "price": 0.06, "size": 134.0}, {"op": "set", "side": "ask", "price": 0.9, "size": 36.0}]}
{"t": 1776976675.3047261, "events": [{"op": "set", "side": "bid", "price": 0.06, "size": 110.0}, {"op": "delete", "side": "ask", "price": 0.9}]}
{"t": 1776976676.313505, "events": [{"op": "set", "side": "bid", "price": 0.06, "size": 134.0}, {"op": "set", "side": "ask", "price": 0.9, "size": 36.0}]}
{"t": 1776976680.334271, "events": [{"op": "set", "side": "bid", "price": 0.06, "size": 110.0}, {"op": "delete", "side": "ask", "price": 0.9}]}
{"t": 1776976681.3585122, "events": [{"op": "set", "side": "bid", "price": 0.06, "size": 134.0}, {"op": "set", "side": "ask", "price": 0.55, "size": 3.0}, {"op": "set", "side": "ask", "price": 0.02, "size": 121.0}, {"op": "set", "side": "ask", "price": 0.9, "size": 36.0}]}
{"t": 1776976688.379301, "events": [{"op": "set", "side": "bid", "price": 0.05, "size": 66.0}, {"op": "set", "side": "ask", "price": 0.88, "size": 496.0}, {"op": "set", "side": "ask", "price": 0.89, "size": 260.0}]}
{"t": 1776976689.3868952, "events": [{"op": "set", "side": "bid", "price": 0.05, "size": 70.0}]}
{"t": 1776976690.397115, "events": [{"op": "set", "side": "bid", "price": 0.06, "size": 110.0}, {"op": "delete", "side": "ask", "price": 0.9}]}
{"t": 1776976691.417778, "events": [{"op": "set", "side": "bid", "price": 0.06, "size": 134.0}, {"op": "set", "side": "ask", "price": 0.9, "size": 36.0}]}
{"t": 1776976694.6291242, "events": [{"op": "delete", "side": "bid", "price": 0.07}, {"op": "set", "side": "bid", "price": 0.06, "size": 24.0}, {"op": "set", "side": "bid", "price": 0.05, "size": 1.0}, {"op": "set", "side": "ask", "price": 0.74, "size": 150.0}, {"op": "set", "side": "ask", "price": 0.87, "size": 750.0}, {"op": "delete", "side": "ask", "price": 0.88}, {"op": "set", "side": "ask", "price": 0.89, "size": 107.0}]}
{"t": 1776976695.801642, "events": [{"op": "delete", "side": "bid", "price": 0.06}, {"op": "set", "side": "bid", "price": 0.05, "size": 40.0}, {"op": "set", "side": "ask", "price": 0.03, "size": 20.0}, {"op": "set", "side": "ask", "price": 0.54, "size": 23.0}, {"op": "delete", "side": "ask", "price": 0.9}]}
{"t": 1776976696.810546, "events": [{"op": "set", "side": "bid", "price": 0.05, "size": 25.0}, {"op": "set", "side": "bid", "price": 0.06, "size": 3.0}, {"op": "set", "side": "ask", "price": 0.9, "size": 39.0}]}
{"t": 1776976697.8306718, "events": [{"op": "set", "side": "bid", "price": 0.06, "size": 387.0}, {"op": "set", "side": "bid", "price": 0.05, "size": 36.0}, {"op": "set", "side": "bid", "price": 0.07, "size": 287.0}, {"op": "set", "side": "ask", "price": 0.89, "size": 297.0}]}
{"t": 1776976698.8431628, "events": [{"op": "set", "side": "bid", "price": 0.06, "size": 384.0}, {"op": "set", "side": "bid", "price": 0.05, "size": 35.0}, {"op": "set", "side": "ask", "price": 0.74, "size": 293.0}, {"op": "set", "side": "ask", "price": 0.87, "size": 1227.0}, {"op": "set", "side": "ask", "price": 0.88, "size": 523.0}]}
{"t": 1776976699.857614, "events": [{"op": "set", "side": "bid", "price": 0.04, "size": 51.0}, {"op": "set", "side": "bid", "price": 0.02, "size": 47.0}]}
{"t": 1776976702.870096, "events": [{"op": "delete", "side": "bid", "price": 0.07}, {"op": "delete", "side": "bid", "price": 0.06}, {"op": "set", "side": "bid", "price": 0.05, "size": 11.0}, {"op": "delete", "side": "ask", "price": 0.9}]}
{"t": 1776976703.879584, "events": [{"op": "set", "side": "bid", "price": 0.05, "size": 310.0}, {"op": "set", "side": "bid", "price": 0.04, "size": 489.0}, {"op": "set", "side": "bid", "price": 0.02, "size": 212.0}, {"op": "set", "side": "ask", "price": 0.9, "size": 39.0}]}
{"t": 1776976705.8967402, "events": [{"op": "set", "side": "ask", "price": 0.9, "size": 37.0}]}
{"t": 1776976720.0040588, "events": [{"op": "set", "side": "bid", "price": 0.05, "size": 34.0}, {"op": "delete", "side": "bid", "price": 0.02}, {"op": "set", "side": "ask", "price": 0.03, "size": 52.0}, {"op": "set", "side": "ask", "price": 0.02, "size": 100.0}]}
{"t": 1776976721.023626, "events": [{"op": "set", "side": "bid", "price": 0.05, "size": 290.0}, {"op": "set", "side": "bid", "price": 0.04, "size": 230.0}, {"op": "set", "side": "bid", "price": 0.06, "size": 196.0}, {"op": "set", "side": "ask", "price": 0.9, "size": 38.0}]}
{"t": 1776976725.0786262, "events": [{"op": "set", "side": "bid", "price": 0.01, "size": 1583.0}, {"op": "delete", "side": "ask", "price": 0.9}]}
{"t": 1776976728.131846, "events": [{"op": "set", "side": "ask", "price": 0.9, "size": 36.0}]}
{"t": 1776976729.136172, "events": [{"op": "set", "side": "bid", "price": 0.04, "size": 159.0}, {"op": "delete", "side": "bid", "price": 0.05}]}
{"t": 1776976730.1580229, "events": [{"op": "set", "side": "bid", "price": 0.06, "size": 173.0}, {"op": "set", "side": "bid", "price": 0.07, "size": 102.0}, {"op": "set", "side": "bid", "price": 0.05, "size": 26.0}]}
{"t": 1776976732.18078, "events": [{"op": "delete", "side": "bid", "price": 0.05}, {"op": "delete", "side": "ask", "price": 0.9}]}
{"t": 1776976736.203402, "events": [{"op": "set", "side": "bid", "price": 0.05, "size": 26.0}, {"op": "delete", "side": "ask", "price": 0.54}, {"op": "set", "side": "ask", "price": 0.02, "size": 121.0}, {"op": "set", "side": "ask", "price": 0.9, "size": 36.0}]}
{"t": 1776976738.2212422, "events": [{"op": "delete", "side": "bid", "price": 0.07}, {"op": "set", "side": "bid", "price": 0.06, "size": 70.0}, {"op": "set", "side": "bid", "price": 0.04, "size": 136.0}]}
{"t": 1776976739.229032, "events": [{"op": "set", "side": "bid", "price": 0.05, "size": 149.0}]}
{"t": 1776976740.2347279, "events": [{"op": "set", "side": "bid", "price": 0.04, "size": 128.0}]}
{"t": 1776976741.2510169, "events": [{"op": "set", "side": "bid", "price": 0.06, "size": 74.0}, {"op": "set", "side": "bid", "price": 0.05, "size": 151.0}]}
{"t": 1776976746.492167, "events": [{"op": "set", "side": "bid", "price": 0.05, "size": 125.0}, {"op": "delete", "side": "ask", "price": 0.9}]}
{"t": 1776976752.540415, "events": [{"op": "set", "side": "bid", "price": 0.06, "size": 22.0}, {"op": "set", "side": "bid", "price": 0.05, "size": 98.0}, {"op": "set", "side": "bid", "price": 0.01, "size": 1721.0}, {"op": "set", "side": "bid", "price": 0.04, "size": 258.0}, {"op": "set", "side": "ask", "price": 0.9, "size": 38.0}]}
{"t": 1776976755.570341, "events": [{"op": "delete", "side": "ask", "price": 0.9}]}
{"t": 1776976756.580106, "events": [{"op": "set", "side": "ask", "price": 0.9, "size": 38.0}]}
{"t": 1776976760.616456, "events": [{"op": "set", "side": "bid", "price": 0.06, "size": 171.0}, {"op": "set", "side": "bid", "price": 0.05, "size": 26.0}, {"op": "set", "side": "bid", "price": 0.07, "size": 110.0}, {"op": "set", "side": "bid", "price": 0.03, "size": 1.0}, {"op": "set", "side": "bid", "price": 0.01, "size": 1531.0}, {"op": "set", "side": "bid", "price": 0.04, "size": 122.0}, {"op": "set", "side": "ask", "price": 0.9, "size": 36.0}]}
{"t": 1776976765.655814, "events": [{"op": "delete", "side": "bid", "price": 0.05}, {"op": "delete", "side": "ask", "price": 0.9}]}
{"t": 1776976766.6620412, "events": [{"op": "delete", "side": "bid", "price": 0.03}, {"op": "set", "side": "bid", "price": 0.05, "size": 26.0}, {"op": "set", "side": "ask", "price": 0.9, "size": 36.0}]}
{"t": 1776976769.6871839, "events": [{"op": "delete", "side": "bid", "price": 0.07}, {"op": "set", "side": "bid", "price": 0.06, "size": 60.0}]}
{"t": 1776976770.703775, "events": [{"op": "set", "side": "bid", "price": 0.05, "size": 109.0}, {"op": "set", "side": "bid", "price": 0.04, "size": 135.0}, {"op": "delete", "side": "ask", "price": 0.9}]}
{"t": 1776976771.725236, "events": [{"op": "set", "side": "bid", "price": 0.06, "size": 83.0}, {"op": "set", "side": "ask", "price": 0.9, "size": 37.0}]}
{"t": 1776976772.744343, "events": [{"op": "set", "side": "bid", "price": 0.04, "size": 126.0}, {"op": "delete", "side": "bid", "price": 0.05}]}
{"t": 1776976773.7583098, "events": [{"op": "set", "side": "bid", "price": 0.06, "size": 125.0}, {"op": "set", "side": "bid", "price": 0.07, "size": 57.0}]}
{"t": 1776976775.7824068, "events": [{"op": "set", "side": "bid", "price": 0.06, "size": 102.0}, {"op": "set", "side": "bid", "price": 0.05, "size": 25.0}, {"op": "set", "side": "ask", "price": 0.9, "size": 36.0}]}
{"t": 1776976780.8084228, "events": [{"op": "delete", "side": "bid", "price": 0.05}, {"op": "delete", "side": "ask", "price": 0.9}]}
{"t": 1776976781.81758, "events": [{"op": "set", "side": "bid", "price": 0.05, "size": 25.0}, {"op": "set", "side": "ask", "price": 0.9, "size": 36.0}]}
{"t": 1776976785.8373, "events": [{"op": "delete", "side": "bid", "price": 0.05}, {"op": "delete", "side": "ask", "price": 0.9}]}
{"t": 1776976786.846972, "events": [{"op": "set", "side": "bid", "price": 0.05, "size": 25.0}, {"op": "set", "side": "ask", "price": 0.9, "size": 36.0}]}
{"t": 1776976788.865946, "events": [{"op": "delete", "side": "bid", "price": 0.07}, {"op": "set", "side": "bid", "price": 0.06, "size": 60.0}, {"op": "set", "side": "bid", "price": 0.04, "size": 122.0}]}
{"t": 1776976789.882459, "events": [{"op": "set", "side": "bid", "price": 0.06, "size": 59.0}]}
{"t": 1776976790.891396, "events": [{"op": "set", "side": "bid", "price": 0.05, "size": 106.0}, {"op": "set", "side": "bid", "price": 0.04, "size": 132.0}, {"op": "delete", "side": "ask", "price": 0.9}]}
{"t": 1776976791.9012082, "events": [{"op": "set", "side": "bid", "price": 0.06, "size": 82.0}, {"op": "set", "side": "ask", "price": 0.9, "size": 37.0}]}
{"t": 1776976792.913603, "events": [{"op": "delete", "side": "bid", "price": 0.05}]}
{"t": 1776976793.92892, "events": [{"op": "set", "side": "bid", "price": 0.06, "size": 123.0}, {"op": "set", "side": "bid", "price": 0.04, "size": 126.0}, {"op": "set", "side": "bid", "price": 0.07, "size": 56.0}]}
{"t": 1776976795.9431622, "events": [{"op": "set", "side": "bid", "price": 0.06, "size": 100.0}, {"op": "set", "side": "bid", "price": 0.05, "size": 25.0}, {"op": "set", "side": "ask", "price": 0.9, "size": 36.0}]}
{"t": 1776976798.966105, "events": [{"op": "delete", "side": "bid", "price": 0.07}, {"op": "delete", "side": "bid", "price": 0.06}, {"op": "set", "side": "bid", "price": 0.04, "size": 50.0}, {"op": "set", "side": "ask", "price": 0.74, "size": 150.0}, {"op": "set", "side": "ask", "price": 0.87, "size": 750.0}, {"op": "delete", "side": "ask", "price": 0.88}, {"op": "set", "side": "ask", "price": 0.02, "size": 100.0}, {"op": "set", "side": "ask", "price": 0.89, "size": 107.0}, {"op": "set", "side": "ask", "price": 0.04, "size": 20.0}]}
{"t": 1776976802.004491, "events": [{"op": "set", "side": "bid", "price": 0.05, "size": 434.0}, {"op": "set", "side": "bid", "price": 0.04, "size": 132.0}, {"op": "set", "side": "bid", "price": 0.06, "size": 287.0}, {"op": "set", "side": "ask", "price": 0.03, "size": 20.0}, {"op": "set", "side": "ask", "price": 0.74, "size": 293.0}, {"op": "set", "side": "ask", "price": 0.87, "size": 1227.0}, {"op": "set", "side": "ask", "price": 0.89, "size": 297.0}, {"op": "set", "side": "ask", "price": 0.88, "size": 523.0}, {"op": "set", "side": "ask", "price": 0.54, "size": 28.0}, {"op": "delete", "side": "ask", "price": 0.9}, {"op": "set", "side": "ask", "price": 0.91, "size": 42.0}]}
{"t": 1776976803.02252, "events": [{"op": "set", "side": "bid", "price": 0.06, "size": 311.0}, {"op": "set", "side": "bid", "price": 0.05, "size": 409.0}]}
{"t": 1776976806.063827, "events": [{"op": "set", "side": "bid", "price": 0.06, "size": 227.0}, {"op": "delete", "side": "bid", "price": 0.05}, {"op": "set", "side": "ask", "price": 0.91, "size": 5.0}]}
{"t": 1776976807.082735, "events": [{"op": "set", "side": "ask", "price": 0.9, "size": 36.0}]}
{"t": 1776976808.091316, "events": [{"op": "set", "side": "bid", "price": 0.04, "size": 229.0}, {"op": "set", "side": "bid", "price": 0.07, "size": 106.0}, {"op": "set", "side": "ask", "price": 0.88, "size": 667.0}, {"op": "set", "side": "ask", "price": 0.89, "size": 487.0}]}
{"t": 1776976809.098349, "events": [{"op": "set", "side": "bid", "price": 0.06, "size": 203.0}, {"op": "set", "side": "bid", "price": 0.05, "size": 26.0}]}
{"t": 1776976811.119054, "events": [{"op": "delete", "side": "bid", "price": 0.05}, {"op": "delete", "side": "ask", "price": 0.9}]}
{"t": 1776976812.1601799, "events": [{"op": "delete", "side": "bid", "price": 0.07}, {"op": "delete", "side": "bid", "price": 0.06}, {"op": "set", "side": "bid", "price": 0.04, "size": 132.0}, {"op": "set", "side": "bid", "price": 0.05, "size": 26.0}, {"op": "set", "side": "ask", "price": 0.88, "size": 523.0}, {"op": "set", "side": "ask", "price": 0.89, "size": 297.0}, {"op": "set", "side": "ask", "price": 0.9, "size": 36.0}]}
{"t": 1776976813.173311, "events": [{"op": "set", "side": "ask", "price": 0.88, "size": 496.0}, {"op": "set", "side": "ask", "price": 0.89, "size": 260.0}]}
{"t": 1776976814.181136, "events": [{"op": "set", "side": "bid", "price": 0.05, "size": 152.0}, {"op": "set", "side": "bid", "price": 0.04, "size": 292.0}, {"op": "set", "side": "bid", "price": 0.01, "size": 1718.0}]}
{"t": 1776976816.192041, "events": [{"op": "set", "side": "bid", "price": 0.04, "size": 129.0}, {"op": "set", "side": "bid", "price": 0.01, "size": 1531.0}]}
{"t": 1776976817.207639, "events": [{"op": "set", "side": "bid", "price": 0.05, "size": 211.0}, {"op": "set", "side": "bid", "price": 0.06, "size": 119.0}, {"op": "set", "side": "ask", "price": 0.88, "size": 523.0}, {"op": "set", "side": "ask", "price": 0.89, "size": 297.0}, {"op": "delete", "side": "ask", "price": 0.9}]}
{"t": 1776976818.228111, "events": [{"op": "set", "side": "bid", "price": 0.06, "size": 143.0}, {"op": "set", "side": "bid", "price": 0.05, "size": 185.0}, {"op": "set", "side": "ask", "price": 0.9, "size": 37.0}]}
{"t": 1776976820.246989, "events": [{"op": "set", "side": "bid", "price": 0.06, "size": 142.0}, {"op": "set", "side": "bid", "price": 0.04, "size": 125.0}, {"op": "delete", "side": "bid", "price": 0.05}]}
{"t": 1776976821.2622788, "events": [{"op": "set", "side": "bid", "price": 0.06, "size": 118.0}, {"op": "set", "side": "bid", "price": 0.07, "size": 69.0}, {"op": "set", "side": "ask", "price": 0.9, "size": 36.0}]}
{"t": 1776976822.2751732, "events": [{"op": "set", "side": "bid", "price": 0.05, "size": 25.0}]}
{"t": 1776976823.281095, "events": [{"op": "delete", "side": "bid", "price": 0.07}, {"op": "delete", "side": "bid", "price": 0.06}, {"op": "set", "side": "bid", "price": 0.05, "size": 127.0}, {"op": "set", "side": "bid", "price": 0.04, "size": 57.0}, {"op": "set", "side": "ask", "price": 0.74, "size": 150.0}, {"op": "set", "side": "ask", "price": 0.87, "size": 750.0}, {"op": "delete", "side": "ask", "price": 0.88}, {"op": "set", "side": "ask", "price": 0.89, "size": 107.0}]}
{"t": 1776976824.2959201, "events": [{"op": "set", "side": "ask", "price": 0.55, "size": 33.0}, {"op": "delete", "side": "ask", "price": 0.04}]}
{"t": 1776976826.322222, "events": [{"op": "set", "side": "bid", "price": 0.05, "size": 96.0}, {"op": "set", "side": "bid", "price": 0.04, "size": 132.0}, {"op": "set", "side": "bid", "price": 0.06, "size": 51.0}, {"op": "set", "side": "ask", "price": 0.74, "size": 293.0}, {"op": "set", "side": "ask", "price": 0.87, "size": 1227.0}, {"op": "set", "side": "ask", "price": 0.88, "size": 523.0}, {"op": "set", "side": "ask", "price": 0.89, "size": 297.0}, {"op": "set", "side": "ask", "price": 0.9, "size": 37.0}]}
{"t": 1776976827.333923, "events": [{"op": "set", "side": "bid", "price": 0.06, "size": 74.0}]}
{"t": 1776976830.3663218, "events": [{"op": "set", "side": "bid", "price": 0.04, "size": 126.0}, {"op": "delete", "side": "bid", "price": 0.05}]}
{"t": 1776976831.380969, "events": [{"op": "set", "side": "bid", "price": 0.06, "size": 99.0}, {"op": "set", "side": "bid", "price": 0.07, "size": 55.0}, {"op": "set", "side": "bid", "price": 0.05, "size": 25.0}, {"op": "set", "side": "ask", "price": 0.9, "size": 36.0}]}
{"t": 1776976834.404785, "events": [{"op": "delete", "side": "bid", "price": 0.07}, {"op": "set", "side": "bid", "price": 0.06, "size": 59.0}, {"op": "set", "side": "bid", "price": 0.04, "size": 57.0}]}
{"t": 1776976836.4244428, "events": [{"op": "set", "side": "bid", "price": 0.05, "size": 106.0}, {"op": "set", "side": "bid", "price": 0.04, "size": 132.0}, {"op": "set", "side": "ask", "price": 0.03, "size": 40.0}, {"op": "delete", "side": "ask", "price": 0.54}, {"op": "delete", "side": "ask", "price": 0.9}]}
{"t": 1776976837.434342, "events": [{"op": "set", "side": "bid", "price": 0.06, "size": 82.0}, {"op": "set", "side": "ask", "price": 0.9, "size": 37.0}]}
{"t": 1776976839.444206, "events": [{"op": "set", "side": "bid", "price": 0.06, "size": 74.0}, {"op": "set", "side": "bid", "price": 0.04, "size": 126.0}, {"op": "delete", "side": "bid", "price": 0.05}]}
{"t": 1776976840.4514198, "events": [{"op": "set", "side": "bid", "price": 0.06, "size": 123.0}, {"op": "set", "side": "bid", "price": 0.07, "size": 56.0}]}
{"t": 1776976841.461482, "events": [{"op": "set", "side": "bid", "price": 0.06, "size": 100.0}, {"op": "set", "side": "bid", "price": 0.05, "size": 25.0}, {"op": "set", "side": "ask", "price": 0.9, "size": 36.0}]}
{"t": 1776976843.4774091, "events": [{"op": "delete", "side": "bid", "price": 0.07}, {"op": "set", "side": "bid", "price": 0.04, "size": 57.0}]}
{"t": 1776976844.4879239, "events": [{"op": "set", "side": "bid", "price": 0.06, "size": 59.0}, {"op": "set", "side": "bid", "price": 0.05, "size": 131.0}, {"op": "set", "side": "bid", "price": 0.04, "size": 132.0}]}
{"t": 1776976846.5011148, "events": [{"op": "set", "side": "bid", "price": 0.06, "size": 82.0}, {"op": "set", "side": "bid", "price": 0.05, "size": 106.0}, {"op": "set", "side": "ask", "price": 0.9, "size": 37.0}]}
{"t": 1776976856.5596192, "events": [{"op": "set", "side": "bid", "price": 0.06, "size": 74.0}, {"op": "delete", "side": "bid", "price": 0.05}]}
{"t": 1776976857.581012, "events": [{"op": "set", "side": "bid", "price": 0.06, "size": 100.0}, {"op": "set", "side": "bid", "price": 0.04, "size": 126.0}, {"op": "set", "side": "bid", "price": 0.07, "size": 56.0}, {"op": "set", "side": "ask", "price": 0.55, "size": 3.0}, {"op": "set", "side": "ask", "price": 0.02, "size": 138.0}]}
{"t": 1776976858.589715, "events": [{"op": "set", "side": "bid", "price": 0.05, "size": 25.0}]}
{"t": 1776976861.608445, "events": [{"op": "set", "side": "ask", "price": 0.9, "size": 36.0}]}
{"t": 1776976862.621618, "events": [{"op": "delete", "side": "bid", "price": 0.07}, {"op": "set", "side": "bid", "price": 0.04, "size": 57.0}]}
{"t": 1776976863.631295, "events": [{"op": "set", "side": "bid", "price": 0.06, "size": 59.0}]}
{"t": 1776976864.6476958, "events": [{"op": "set", "side": "bid", "price": 0.05, "size": 131.0}, {"op": "set", "side": "bid", "price": 0.04, "size": 132.0}]}
{"t": 1776976867.673836, "events": [{"op": "set", "side": "bid", "price": 0.06, "size": 82.0}, {"op": "set", "side": "bid", "price": 0.05, "size": 106.0}, {"op": "set", "side": "ask", "price": 0.9, "size": 37.0}]}
{"t": 1776976873.730138, "events": [{"op": "delete", "side": "bid", "price": 0.06}, {"op": "set", "side": "bid", "price": 0.04, "size": 50.0}, {"op": "delete", "side": "bid", "price": 0.05}, {"op": "set", "side": "ask", "price": 0.03, "size": 20.0}, {"op": "set", "side": "ask", "price": 0.74, "size": 150.0}, {"op": "set", "side": "ask", "price": 0.87, "size": 750.0}, {"op": "delete", "side": "ask", "price": 0.88}, {"op": "set", "side": "ask", "price": 0.89, "size": 107.0}, {"op": "set", "side": "ask", "price": 0.54, "size": 15.0}]}
{"t": 1776976874.749619, "events": [{"op": "set", "side": "bid", "price": 0.05, "size": 24.0}]}
{"t": 1776976876.771445, "events": [{"op": "set", "side": "bid", "price": 0.05, "size": 408.0}, {"op": "set", "side": "bid", "price": 0.04, "size": 128.0}, {"op": "set", "side": "bid", "price": 0.06, "size": 287.0}, {"op": "set", "side": "ask", "price": 0.74, "size": 293.0}, {"op": "set", "side": "ask", "price": 0.87, "size": 1227.0}, {"op": "set", "side": "ask", "price": 0.88, "size": 523.0}, {"op": "set", "side": "ask", "price": 0.89, "size": 297.0}, {"op": "set", "side": "ask", "price": 0.9, "size": 39.0}]}
{"t": 1776976877.790463, "events": [{"op": "set", "side": "bid", "price": 0.06, "size": 311.0}]}
{"t": 1776976880.821571, "events": [{"op": "set", "side": "bid", "price": 0.06, "size": 226.0}, {"op": "delete", "side": "bid", "price": 0.05}, {"op": "set", "side": "bid", "price": 0.07, "size": 105.0}, {"op": "set", "side": "bid", "price": 0.04, "size": 229.0}]}
{"t": 1776976881.847991, "events": [{"op": "set", "side": "bid", "price": 0.07, "size": 127.0}, {"op": "set", "side": "bid", "price": 0.06, "size": 202.0}, {"op": "set", "side": "ask", "price": 0.9, "size": 35.0}]}
{"t": 1776976885.872129, "events": [{"op": "delete", "side": "bid", "price": 0.06}, {"op": "set", "side": "bid", "price": 0.04, "size": 128.0}, {"op": "set", "side": "ask", "price": 0.74, "size": 150.0}, {"op": "delete", "side": "ask", "price": 0.88}]}
{"t": 1776976886.884876, "events": [{"op": "set", "side": "bid", "price": 0.04, "size": 116.0}, {"op": "set", "side": "ask", "price": 0.03, "size": 52.0}, {"op": "set", "side": "ask", "price": 0.87, "size": 1036.0}, {"op": "set", "side": "ask", "price": 0.02, "size": 100.0}, {"op": "set", "side": "ask", "price": 0.9, "size": 36.0}]}
{"t": 1776976887.9062011, "events": [{"op": "set", "side": "bid", "price": 0.07, "size": 222.0}, {"op": "set", "side": "ask", "price": 0.89, "size": 531.0}, {"op": "set", "side": "ask", "price": 0.9, "size": 161.0}, {"op": "set", "side": "ask", "price": 0.91, "size": 93.0}]}
{"t": 1776976888.912745, "events": [{"op": "set", "side": "bid", "price": 0.05, "size": 25.0}]}
{"t": 1776976889.923457, "events": [{"op": "delete", "side": "bid", "price": 0.07}, {"op": "set", "side": "ask", "price": 0.89, "size": 297.0}, {"op": "set", "side": "ask", "price": 0.9, "size": 36.0}, {"op": "set", "side": "ask", "price": 0.91, "size": 5.0}]}
{"t": 1776976891.953293, "events": [{"op": "set", "side": "bid", "price": 0.05, "size": 103.0}, {"op": "set", "side": "bid", "price": 0.04, "size": 132.0}, {"op": "set", "side": "bid", "price": 0.06, "size": 79.0}, {"op": "set", "side": "ask", "price": 0.74, "size": 293.0}, {"op": "set", "side": "ask", "price": 0.87, "size": 1227.0}, {"op": "set", "side": "ask", "price": 0.88, "size": 523.0}, {"op": "set", "side": "ask", "price": 0.9, "size": 37.0}]}
{"t": 1776976894.0004108, "events": [{"op": "set", "side": "bid", "price": 0.04, "size": 126.0}, {"op": "delete", "side": "bid", "price": 0.05}]}
{"t": 1776976896.023417, "events": [{"op": "set", "side": "bid", "price": 0.06, "size": 123.0}, {"op": "set", "side": "bid", "price": 0.07, "size": 55.0}]}
{"t": 1776976897.036383, "events": [{"op": "set", "side": "bid", "price": 0.06, "size": 100.0}, {"op": "delete", "side": "ask", "price": 0.9}]}
{"t": 1776976899.057378, "events": [{"op": "set", "side": "bid", "price": 0.05, "size": 25.0}, {"op": "set", "side": "ask", "price": 0.9, "size": 36.0}]}
{"t": 1776976901.0843189, "events": [{"op": "delete", "side": "bid", "price": 0.07}, {"op": "set", "side": "bid", "price": 0.06, "size": 59.0}, {"op": "set", "side": "bid", "price": 0.04, "size": 116.0}]}
{"t": 1776976902.095287, "events": [{"op": "set", "side": "bid", "price": 0.06, "size": 82.0}, {"op": "set", "side": "bid", "price": 0.05, "size": 106.0}, {"op": "set", "side": "bid", "price": 0.04, "size": 132.0}, {"op": "set", "side": "ask", "price": 0.9, "size": 37.0}]}
{"t": 1776976906.1795998, "events": [{"op": "set", "side": "bid", "price": 0.06, "size": 79.0}, {"op": "delete", "side": "bid", "price": 0.05}]}
{"t": 1776976907.188873, "events": [{"op": "set", "side": "bid", "price": 0.04, "size": 126.0}, {"op": "delete", "side": "ask", "price": 0.9}]}
{"t": 1776976908.196084, "events": [{"op": "set", "side": "bid", "price": 0.06, "size": 100.0}, {"op": "set", "side": "bid", "price": 0.07, "size": 56.0}, {"op": "set", "side": "ask", "price": 0.9, "size": 38.0}]}
{"t": 1776976909.212866, "events": [{"op": "set", "side": "bid", "price": 0.05, "size": 25.0}]}
{"t": 1776976911.240003, "events": [{"op": "delete", "side": "bid", "price": 0.07}, {"op": "set", "side": "bid", "price": 0.04, "size": 116.0}, {"op": "set", "side": "ask", "price": 0.01, "size": 200.0}]}
{"t": 1776976912.4020412, "events": [{"op": "set", "side": "bid", "price": 0.06, "size": 59.0}, {"op": "set", "side": "bid", "price": 0.05, "size": 106.0}, {"op": "set", "side": "bid", "price": 0.04, "size": 132.0}, {"op": "set", "side": "bid", "price": 0.02, "size": 25.0}, {"op": "set", "side": "ask", "price": 0.03, "size": 57.0}, {"op": "delete", "side": "ask", "price": 0.54}, {"op": "set", "side": "ask", "price": 0.02, "size": 127.0}, {"op": "delete", "side": "ask", "price": 0.9}]}
{"t": 1776976916.451133, "events": [{"op": "set", "side": "bid", "price": 0.06, "size": 82.0}]}
{"t": 1776976917.458861, "events": [{"op": "set", "side": "ask", "price": 0.9, "size": 37.0}]}
{"t": 1776976922.498913, "events": [{"op": "delete", "side": "ask", "price": 0.9}]}
{"t": 1776976923.513997, "events": [{"op": "set", "side": "ask", "price": 0.9, "size": 37.0}]}
{"t": 1776976924.5224938, "events": [{"op": "delete", "side": "ask", "price": 0.92}, {"op": "set", "side": "ask", "price": 0.93, "size": 24.0}, {"op": "delete", "side": "ask", "price": 0.91}]}
{"t": 1776976926.536787, "events": [{"op": "delete", "side": "ask", "price": 0.9}]}
{"t": 1776976928.569657, "events": [{"op": "set", "side": "ask", "price": 0.9, "size": 38.0}]}
{"t": 1776976929.578751, "events": [{"op": "set", "side": "bid", "price": 0.06, "size": 79.0}, {"op": "delete", "side": "bid", "price": 0.05}, {"op": "set", "side": "bid", "price": 0.04, "size": 126.0}]}
{"t": 1776976930.605024, "events": [{"op": "set", "side": "bid", "price": 0.06, "size": 179.0}]}
{"t": 1776976931.623748, "events": [{"op": "delete", "side": "ask", "price": 0.9}]}
{"t": 1776976932.637355, "events": [{"op": "set", "side": "ask", "price": 0.9, "size": 38.0}]}
{"t": 1776976936.672655, "events": [{"op": "delete", "side": "ask", "price": 0.9}]}
{"t": 1776976938.691734, "events": [{"op": "set", "side": "bid", "price": 0.06, "size": 157.0}, {"op": "set", "side": "bid", "price": 0.04, "size": 148.0}, {"op": "set", "side": "ask", "price": 0.88, "size": 667.0}, {"op": "set", "side": "ask", "price": 0.89, "size": 487.0}, {"op": "set", "side": "ask", "price": 0.9, "size": 38.0}]}
{"t": 1776976939.711393, "events": [{"op": "set", "side": "bid", "price": 0.06, "size": 233.0}]}
{"t": 1776976941.7294898, "events": [{"op": "delete", "side": "ask", "price": 0.9}]}
{"t": 1776976942.738662, "events": [{"op": "set", "side": "ask", "price": 0.9, "size": 37.0}]}
{"t": 1776976946.774417, "events": [{"op": "delete", "side": "ask", "price": 0.9}]}
{"t": 1776976947.781201, "events": [{"op": "set", "side": "ask", "price": 0.9, "size": 37.0}]}
{"t": 1776976961.860786, "events": [{"op": "delete", "side": "ask", "price": 0.9}]}
{"t": 1776976962.8689432, "events": [{"op": "set", "side": "ask", "price": 0.9, "size": 37.0}]}
{"t": 1776976966.893217, "events": [{"op": "delete", "side": "ask", "price": 0.9}]}
{"t": 1776976967.899841, "events": [{"op": "set", "side": "ask", "price": 0.9, "size": 37.0}]}
{"t": 1776976969.9200552, "events": [{"op": "set", "side": "bid", "price": 0.04, "size": 116.0}, {"op": "set", "side": "ask", "price": 0.88, "size": 523.0}, {"op": "set", "side": "ask", "price": 0.89, "size": 297.0}]}
{"t": 1776976970.939878, "events": [{"op": "set", "side": "bid", "price": 0.06, "size": 283.0}, {"op": "set", "side": "bid", "price": 0.04, "size": 181.0}, {"op": "set", "side": "ask", "price": 0.88, "size": 496.0}, {"op": "set", "side": "ask", "price": 0.02, "size": 100.0}, {"op": "set", "side": "ask", "price": 0.89, "size": 260.0}, {"op": "set", "side": "ask", "price": 0.04, "size": 25.0}]}
{"t": 1776976971.962135, "events": [{"op": "delete", "side": "ask", "price": 0.9}]}
{"t": 1776976972.975918, "events": [{"op": "set", "side": "ask", "price": 0.9, "size": 37.0}]}
{"t": 1776976976.001222, "events": [{"op": "set", "side": "bid", "price": 0.04, "size": 116.0}]}
{"t": 1776976977.017309, "events": [{"op": "set", "side": "bid", "price": 0.06, "size": 335.0}, {"op": "set", "side": "bid", "price": 0.04, "size": 212.0}, {"op": "set", "side": "ask", "price": 0.88, "size": 523.0}, {"op": "set", "side": "ask", "price": 0.89, "size": 297.0}, {"op": "delete", "side": "ask", "price": 0.9}]}
{"t": 1776976978.030357, "events": [{"op": "set", "side": "ask", "price": 0.9, "size": 37.0}]}
{"t": 1776976979.055949, "events": [{"op": "set", "side": "bid", "price": 0.04, "size": 116.0}]}
{"t": 1776976980.067904, "events": [{"op": "set", "side": "bid", "price": 0.06, "size": 260.0}]}
{"t": 1776976981.073195, "events": [{"op": "set", "side": "bid", "price": 0.06, "size": 388.0}, {"op": "set", "side": "bid", "price": 0.04, "size": 245.0}]}
{"t": 1776976987.12725, "events": [{"op": "delete", "side": "ask", "price": 0.9}]}
{"t": 1776976988.13999, "events": [{"op": "set", "side": "ask", "price": 0.9, "size": 37.0}]}
{"t": 1776976992.1589901, "events": [{"op": "set", "side": "bid", "price": 0.06, "size": 442.0}, {"op": "set", "side": "bid", "price": 0.04, "size": 277.0}, {"op": "delete", "side": "ask", "price": 0.9}]}
{"t": 1776976993.171943, "events": [{"op": "set", "side": "ask", "price": 0.9, "size": 37.0}]}
{"t": 1776976997.2072861, "events": [{"op": "set", "side": "bid", "price": 0.06, "size": 497.0}, {"op": "set", "side": "bid", "price": 0.04, "size": 310.0}, {"op": "set", "side": "bid", "price": 0.02, "size": 75.0}]}
{"t": 1776976998.230459, "events": [{"op": "delete", "side": "ask", "price": 0.9}]}
{"t": 1776976999.238602, "events": [{"op": "set", "side": "ask", "price": 0.9, "size": 36.0}]}
{"t": 1776977007.304636, "events": [{"op": "delete", "side": "ask", "price": 0.9}]}
{"t": 1776977008.308991, "events": [{"op": "set", "side": "ask", "price": 0.9, "size": 36.0}]}
{"t": 1776977009.313969, "events": [{"op": "set", "side": "bid", "price": 0.06, "size": 553.0}, {"op": "set", "side": "bid", "price": 0.04, "size": 345.0}]}
{"t": 1776977012.346987, "events": [{"op": "delete", "side": "ask", "price": 0.9}]}
{"t": 1776977013.4125519, "events": [{"op": "set", "side": "ask", "price": 0.9, "size": 36.0}]}
{"t": 1776977017.440346, "events": [{"op": "delete", "side": "ask", "price": 0.9}]}
{"t": 1776977019.458981, "events": [{"op": "set", "side": "ask", "price": 0.9, "size": 36.0}]}
{"t": 1776977022.481051, "events": [{"op": "set", "side": "bid", "price": 0.06, "size": 406.0}, {"op": "set", "side": "bid", "price": 0.04, "size": 116.0}, {"op": "set", "side": "ask", "price": 0.02, "size": 121.0}, {"op": "delete", "side": "ask", "price": 0.04}]}
{"t": 1776977023.497673, "events": [{"op": "set", "side": "bid", "price": 0.06, "size": 609.0}, {"op": "set", "side": "bid", "price": 0.04, "size": 379.0}, {"op": "set", "side": "bid", "price": 0.02, "size": 25.0}]}
{"t": 1776977024.50718, "events": [{"op": "set", "side": "bid", "price": 0.04, "size": 116.0}, {"op": "set", "side": "bid", "price": 0.02, "size": 72.0}]}
{"t": 1776977025.520211, "events": [{"op": "set", "side": "bid", "price": 0.06, "size": 434.0}, {"op": "set", "side": "bid", "price": 0.04, "size": 414.0}]}
{"t": 1776977026.53603, "events": [{"op": "set", "side": "bid", "price": 0.06, "size": 649.0}]}
{"t": 1776977027.54447, "events": [{"op": "delete", "side": "bid", "price": 0.06}, {"op": "set", "side": "bid", "price": 0.04, "size": 50.0}, {"op": "set", "side": "bid", "price": 0.02, "size": 25.0}, {"op": "set", "side": "ask", "price": 0.03, "size": 25.0}, {"op": "set", "side": "ask", "price": 0.74, "size": 150.0}, {"op": "set", "side": "ask", "price": 0.87, "size": 750.0}, {"op": "delete", "side": "ask", "price": 0.88}, {"op": "set", "side": "ask", "price": 0.54, "size": 37.0}, {"op": "set", "side": "ask", "price": 0.89, "size": 107.0}, {"op": "delete", "side": "ask", "price": 0.9}]}
{"t": 1776977028.556958, "events": [{"op": "set", "side": "bid", "price": 0.05, "size": 23.0}, {"op": "set", "side": "ask", "price": 0.9, "size": 39.0}]}
{"t": 1776977031.587998, "events": [{"op": "set", "side": "bid", "price": 0.05, "size": 429.0}, {"op": "set", "side": "bid", "price": 0.06, "size": 287.0}, {"op": "set", "side": "bid", "price": 0.03, "size": 2.0}, {"op": "set", "side": "bid", "price": 0.04, "size": 126.0}, {"op": "set", "side": "ask", "price": 0.74, "size": 293.0}, {"op": "set", "side": "ask", "price": 0.87, "size": 1227.0}, {"op": "set", "side": "ask", "price": 0.88, "size": 523.0}, {"op": "set", "side": "ask", "price": 0.89, "size": 297.0}]}
{"t": 1776977032.5981371, "events": [{"op": "set", "side": "bid", "price": 0.05, "size": 406.0}, {"op": "set", "side": "bid", "price": 0.01, "size": 1583.0}, {"op": "delete", "side": "ask", "price": 0.9}]}
{"t": 1776977033.6091561, "events": [{"op": "set", "side": "bid", "price": 0.06, "size": 311.0}, {"op": "set", "side": "ask", "price": 0.9, "size": 36.0}]}
{"t": 1776977036.641244, "events": [{"op": "set", "side": "bid", "price": 0.06, "size": 225.0}, {"op": "delete", "side": "bid", "price": 0.05}]}
{"t": 1776977037.65825, "events": [{"op": "set", "side": "bid", "price": 0.06, "size": 330.0}, {"op": "set", "side": "bid", "price": 0.04, "size": 229.0}, {"op": "set", "side": "ask", "price": 0.9, "size": 37.0}]}
{"t": 1776977052.744798, "events": [{"op": "set", "side": "bid", "price": 0.06, "size": 264.0}, {"op": "set", "side": "bid", "price": 0.01, "size": 1531.0}, {"op": "set", "side": "bid", "price": 0.04, "size": 126.0}, {"op": "set", "side": "ask", "price": 0.03, "size": 39.0}, {"op": "set", "side": "ask", "price": 0.02, "size": 100.0}, {"op": "delete", "side": "ask", "price": 0.9}]}
{"t": 1776977053.757576, "events": [{"op": "set", "side": "bid", "price": 0.06, "size": 395.0}, {"op": "set", "side": "bid", "price": 0.04, "size": 241.0}, {"op": "set", "side": "ask", "price": 0.9, "size": 37.0}]}
{"t": 1776977057.7837021, "events": [{"op": "set", "side": "bid", "price": 0.06, "size": 300.0}, {"op": "set", "side": "bid", "price": 0.04, "size": 126.0}, {"op": "delete", "side": "ask", "price": 0.9}]}
{"t": 1776977058.819532, "events": [{"op": "set", "side": "bid", "price": 0.06, "size": 447.0}, {"op": "set", "side": "bid", "price": 0.04, "size": 281.0}, {"op": "set", "side": "ask", "price": 0.9, "size": 37.0}]}
{"t": 1776977062.857884, "events": [{"op": "set", "side": "bid", "price": 0.02, "size": 72.0}, {"op": "set", "side": "ask", "price": 0.9, "size": 36.0}]}
{"t": 1776977075.923553, "events": [{"op": "set", "side": "bid", "price": 0.04, "size": 126.0}, {"op": "delete", "side": "ask", "price": 0.54}, {"op": "set", "side": "ask", "price": 0.02, "size": 144.0}]}
{"t": 1776977076.963868, "events": [{"op": "set", "side": "bid", "price": 0.06, "size": 337.0}]}
{"t": 1776977077.9874299, "events": [{"op": "set", "side": "ask", "price": 0.9, "size": 37.0}]}
{"t": 1776977079.006007, "events": [{"op": "set", "side": "bid", "price": 0.04, "size": 313.0}]}
{"t": 1776977080.016404, "events": [{"op": "set", "side": "bid", "price": 0.06, "size": 504.0}]}
{"t": 1776977083.058391, "events": [{"op": "set", "side": "ask", "price": 0.9, "size": 36.0}]}
{"t": 1776977088.161928, "events": [{"op": "set", "side": "bid", "price": 0.06, "size": 375.0}, {"op": "set", "side": "bid", "price": 0.04, "size": 348.0}, {"op": "set", "side": "bid", "price": 0.02, "size": 25.0}, {"op": "set", "side": "ask", "price": 0.9, "size": 37.0}]}
{"t": 1776977089.181201, "events": [{"op": "set", "side": "bid", "price": 0.06, "size": 562.0}]}
{"t": 1776977092.223785, "events": [{"op": "set", "side": "bid", "price": 0.02, "size": 73.0}, {"op": "delete", "side": "ask", "price": 0.9}]}
{"t": 1776977093.235487, "events": [{"op": "set", "side": "ask", "price": 0.9, "size": 36.0}]}
{"t": 1776977094.2532868, "events": [{"op": "set", "side": "bid", "price": 0.06, "size": 414.0}, {"op": "set", "side": "bid", "price": 0.04, "size": 126.0}]}
{"t": 1776977095.277729, "events": [{"op": "set", "side": "bid", "price": 0.06, "size": 621.0}, {"op": "set", "side": "bid", "price": 0.04, "size": 384.0}]}
{"t": 1776977102.3221838, "events": [{"op": "delete", "side": "ask", "price": 0.9}]}
{"t": 1776977103.330272, "events": [{"op": "set", "side": "ask", "price": 0.9, "size": 36.0}]}
