{"t": 1776975854.366905, "events": [{"op": "set", "side": "bid", "price": 0.08, "size": 25.0}]}
{"t": 1776975855.3857431, "events": [{"op": "delete", "side": "bid", "price": 0.07}]}
{"t": 1776975856.396708, "events": [{"op": "set", "side": "bid", "price": 0.08, "size": 44.0}]}
{"t": 1776975858.419916, "events": [{"op": "set", "side": "bid", "price": 0.08, "size": 19.0}, {"op": "set", "side": "bid", "price": 0.09, "size": 24.0}]}
{"t": 1776975859.432927, "events": [{"op": "delete", "side": "bid", "price": 0.08}]}
{"t": 1776975860.4405582, "events": [{"op": "set", "side": "bid", "price": 0.09, "size": 43.0}]}
{"t": 1776975863.466253, "events": [{"op": "set", "side": "bid", "price": 0.09, "size": 19.0}, {"op": "set", "side": "bid", "price": 0.07, "size": 26.0}]}
{"t": 1776975866.4869819, "events": [{"op": "delete", "side": "bid", "price": 0.09}, {"op": "set", "side": "bid", "price": 0.07, "size": 45.0}]}
{"t": 1776975868.5054138, "events": [{"op": "set", "side": "bid", "price": 0.07, "size": 19.0}]}
{"t": 1776975869.519797, "events": [{"op": "delete", "side": "bid", "price": 0.07}, {"op": "set", "side": "bid", "price": 0.08, "size": 25.0}]}
{"t": 1776975870.536895, "events": [{"op": "set", "side": "bid", "price": 0.08, "size": 44.0}]}
{"t": 1776975873.562508, "events": [{"op": "set", "side": "bid", "price": 0.08, "size": 19.0}, {"op": "set", "side": "bid", "price": 0.09, "size": 24.0}]}
{"t": 1776975878.59487, "events": [{"op": "set", "side": "bid", "price": 0.1, "size": 23.979999999999997}, {"op": "delete", "side": "bid", "price": 0.09}, {"op": "delete", "side": "bid", "price": 0.08}, {"op": "set", "side": "bid", "price": 0.06, "size": 100.0}, {"op": "set", "side": "bid", "price": 0.07, "size": 26.0}, {"op": "set", "side": "ask", "price": 0.74, "size": 270.27}, {"op": "set", "side": "ask", "price": 0.79, "size": 433.36}, {"op": "set", "side": "ask", "price": 0.82, "size": 130.14}]}
{"t": 1776975880.618389, "events": [{"op": "set", "side": "bid", "price": 0.1, "size": 44.98}, {"op": "set", "side": "bid", "price": 0.06, "size": 112.0}, {"op": "set", "side": "bid", "price": 0.07, "size": 45.0}, {"op": "set", "side": "ask", "price": 0.74, "size": 407.27}, {"op": "set", "side": "ask", "price": 0.79, "size": 736.36}, {"op": "set", "side": "ask", "price": 0.82, "size": 689.14}]}
{"t": 1776975883.6573179, "events": [{"op": "set", "side": "bid", "price": 0.07, "size": 19.0}, {"op": "set", "side": "bid", "price": 0.08, "size": 25.0}]}
{"t": 1776975889.700941, "events": [{"op": "set", "side": "bid", "price": 0.08, "size": 44.0}, {"op": "delete", "side": "bid", "price": 0.07}]}
{"t": 1776975893.74344, "events": [{"op": "set", "side": "bid", "price": 0.08, "size": 19.0}, {"op": "set", "side": "bid", "price": 0.09, "size": 24.0}]}
{"t": 1776975913.861079, "events": [{"op": "delete", "side": "bid", "price": 0.09}, {"op": "delete", "side": "bid", "price": 0.08}, {"op": "set", "side": "bid", "price": 0.07, "size": 26.0}]}
{"t": 1776975914.8911412, "events": [{"op": "set", "side": "bid", "price": 0.09, "size": 19.0}]}
{"t": 1776975916.9452019, "events": [{"op": "delete", "side": "bid", "price": 0.09}]}
{"t": 1776975917.960892, "events": [{"op": "set", "side": "bid", "price": 0.07, "size": 45.0}]}
{"t": 1776975918.9692569, "events": [{"op": "set", "side": "bid", "price": 0.07, "size": 19.0}, {"op": "set", "side": "bid", "price": 0.08, "size": 25.0}]}
{"t": 1776975940.061205, "events": [{"op": "set", "side": "bid", "price": 0.1, "size": 23.979999999999997}, {"op": "delete", "side": "bid", "price": 0.07}, {"op": "set", "side": "bid", "price": 0.06, "size": 100.0}, {"op": "set", "side": "ask", "price": 0.74, "size": 270.27}, {"op": "set", "side": "ask", "price": 0.79, "size": 433.36}, {"op": "set", "side": "ask", "price": 0.82, "size": 130.14}]}
{"t": 1776975942.095907, "events": [{"op": "set", "side": "bid", "price": 0.1, "size": 44.98}, {"op": "set", "side": "bid", "price": 0.08, "size": 44.0}, {"op": "set", "side": "bid", "price": 0.06, "size": 112.0}, {"op": "set", "side": "ask", "price": 0.74, "size": 407.27}, {"op": "set", "side": "ask", "price": 0.79, "size": 736.36}, {"op": "set", "side": "ask", "price": 0.82, "size": 689.14}]}
{"t": 1776975943.110956, "events": [{"op": "set", "side": "bid", "price": 0.08, "size": 19.0}]}
{"t": 1776975944.1347961, "events": [{"op": "set", "side": "bid", "price": 0.09, "size": 24.0}]}
{"t": 1776975945.176098, "events": [{"op": "delete", "side": "bid", "price": 0.08}]}
{"t": 1776975948.2322109, "events": [{"op": "set", "side": "bid", "price": 0.09, "size": 19.0}]}
{"t": 1776975949.255933, "events": [{"op": "set", "side": "bid", "price": 0.07, "size": 26.0}]}
{"t": 1776975951.2976189, "events": [{"op": "set", "side": "bid", "price": 0.1, "size": 23.979999999999997}, {"op": "delete", "side": "bid", "price": 0.09}, {"op": "set", "side": "bid", "price": 0.06, "size": 100.0}, {"op": "set", "side": "ask", "price": 0.74, "size": 270.27}, {"op": "set", "side": "ask", "price": 0.79, "size": 433.36}, {"op": "set", "side": "ask", "price": 0.82, "size": 130.14}]}
{"t": 1776975954.332581, "events": [{"op": "set", "side": "bid", "price": 0.1, "size": 44.98}, {"op": "set", "side": "bid", "price": 0.06, "size": 112.0}, {"op": "set", "side": "bid", "price": 0.07, "size": 45.0}, {"op": "set", "side": "ask", "price": 0.74, "size": 407.27}, {"op": "set", "side": "ask", "price": 0.79, "size": 736.36}, {"op": "set", "side": "ask", "price": 0.82, "size": 689.14}]}
{"t": 1776975959.372451, "events": [{"op": "set", "side": "bid", "price": 0.07, "size": 19.0}, {"op": "set", "side": "bid", "price": 0.08, "size": 25.0}]}
{"t": 1776975963.398977, "events": [{"op": "delete", "side": "bid", "price": 0.08}]}
{"t": 1776975964.407889, "events": [{"op": "set", "side": "bid", "price": 0.08, "size": 25.0}]}
{"t": 1776975971.450849, "events": [{"op": "delete", "side": "bid", "price": 0.07}]}
{"t": 1776975973.468818, "events": [{"op": "set", "side": "bid", "price": 0.08, "size": 19.0}]}
{"t": 1776975974.486274, "events": [{"op": "set", "side": "bid", "price": 0.09, "size": 24.0}]}
{"t": 1776975977.5051599, "events": [{"op": "delete", "side": "bid", "price": 0.08}]}
{"t": 1776975978.524107, "events": [{"op": "set", "side": "bid", "price": 0.09, "size": 19.0}]}
{"t": 1776975979.530004, "events": [{"op": "set", "side": "bid", "price": 0.07, "size": 26.0}]}
{"t": 1776975989.593303, "events": [{"op": "delete", "side": "bid", "price": 0.09}, {"op": "set", "side": "bid", "price": 0.06, "size": 119.0}, {"op": "set", "side": "bid", "price": 0.02, "size": 22.0}]}
{"t": 1776975993.639185, "events": [{"op": "delete", "side": "bid", "price": 0.07}]}
{"t": 1776975994.652439, "events": [{"op": "set", "side": "bid", "price": 0.07, "size": 26.0}]}
{"t": 1776976002.718677, "events": [{"op": "set", "side": "bid", "price": 0.06, "size": 112.0}, {"op": "set", "side": "bid", "price": 0.07, "size": 45.0}, {"op": "set", "side": "bid", "price": 0.02, "size": 10.0}]}
{"t": 1776976003.738184, "events": [{"op": "set", "side": "bid", "price": 0.07, "size": 19.0}, {"op": "set", "side": "bid", "price": 0.08, "size": 25.0}]}
{"t": 1776976005.821455, "events": [{"op": "set", "side": "bid", "price": 0.08, "size": 44.0}, {"op": "delete", "side": "bid", "price": 0.07}]}
{"t": 1776976008.8495371, "events": [{"op": "set", "side": "bid", "price": 0.08, "size": 19.0}, {"op": "set", "side": "bid", "price": 0.09, "size": 24.0}]}
{"t": 1776976011.8745532, "events": [{"op": "delete", "side": "bid", "price": 0.08}]}
{"t": 1776976013.8963861, "events": [{"op": "set", "side": "bid", "price": 0.09, "size": 19.0}, {"op": "set", "side": "bid", "price": 0.07, "size": 26.0}]}
{"t": 1776976021.967751, "events": [{"op": "delete", "side": "bid", "price": 0.09}, {"op": "set", "side": "bid", "price": 0.07, "size": 45.0}]}
{"t": 1776976023.989538, "events": [{"op": "set", "side": "bid", "price": 0.07, "size": 19.0}, {"op": "set", "side": "bid", "price": 0.08, "size": 25.0}]}
{"t": 1776976028.033005, "events": [{"op": "delete", "side": "bid", "price": 0.08}]}
{"t": 1776976029.046649, "events": [{"op": "set", "side": "bid", "price": 0.08, "size": 25.0}]}
{"t": 1776976030.0649989, "events": [{"op": "delete", "side": "bid", "price": 0.07}]}
{"t": 1776976031.0763671, "events": [{"op": "set", "side": "bid", "price": 0.08, "size": 44.0}]}
{"t": 1776976033.0979562, "events": [{"op": "set", "side": "bid", "price": 0.08, "size": 19.0}]}
{"t": 1776976034.1065989, "events": [{"op": "set", "side": "bid", "price": 0.09, "size": 24.0}]}
{"t": 1776976038.1259038, "events": [{"op": "delete", "side": "bid", "price": 0.09}, {"op": "set", "side": "ask", "price": 0.87, "size": 30.0}]}
{"t": 1776976039.130999, "events": [{"op": "delete", "side": "bid", "price": 0.08}, {"op": "set", "side": "bid", "price": 0.09, "size": 24.0}]}
{"t": 1776976040.136569, "events": [{"op": "set", "side": "bid", "price": 0.06, "size": 119.0}, {"op": "set", "side": "bid", "price": 0.02, "size": 22.0}]}
{"t": 1776976041.146323, "events": [{"op": "set", "side": "bid", "price": 0.06, "size": 112.0}, {"op": "set", "side": "bid", "price": 0.02, "size": 10.0}]}
{"t": 1776976042.1519518, "events": [{"op": "set", "side": "bid", "price": 0.09, "size": 43.0}]}
{"t": 1776976043.1629992, "events": [{"op": "set", "side": "bid", "price": 0.09, "size": 19.0}]}
{"t": 1776976044.185159, "events": [{"op": "set", "side": "bid", "price": 0.1, "size": 23.979999999999997}, {"op": "delete", "side": "bid", "price": 0.09}, {"op": "set", "side": "bid", "price": 0.06, "size": 100.0}, {"op": "set", "side": "bid", "price": 0.07, "size": 27.0}, {"op": "set", "side": "ask", "price": 0.74, "size": 270.27}, {"op": "set", "side": "ask", "price": 0.79, "size": 433.36}, {"op": "set", "side": "ask", "price": 0.82, "size": 130.14}]}
{"t": 1776976047.209746, "events": [{"op": "set", "side": "bid", "price": 0.1, "size": 44.98}, {"op": "set", "side": "bid", "price": 0.06, "size": 112.0}, {"op": "set", "side": "bid", "price": 0.07, "size": 46.0}, {"op": "set", "side": "ask", "price": 0.74, "size": 407.27}, {"op": "set", "side": "ask", "price": 0.79, "size": 736.36}, {"op": "set", "side": "ask", "price": 0.82, "size": 689.14}, {"op": "set", "side": "ask", "price": 0.87, "size": 52.0}]}
{"t": 1776976048.218187, "events": [{"op": "set", "side": "bid", "price": 0.07, "size": 19.0}]}
{"t": 1776976049.2295182, "events": [{"op": "delete", "side": "bid", "price": 0.07}, {"op": "set", "side": "bid", "price": 0.08, "size": 25.0}]}
{"t": 1776976050.238752, "events": [{"op": "set", "side": "bid", "price": 0.08, "size": 44.0}]}
{"t": 1776976053.276522, "events": [{"op": "set", "side": "bid", "price": 0.08, "size": 19.0}]}
{"t": 1776976054.2832232, "events": [{"op": "set", "side": "bid", "price": 0.09, "size": 24.0}]}
{"t": 1776976058.306615, "events": [{"op": "set", "side": "bid", "price": 0.1, "size": 23.979999999999997}, {"op": "delete", "side": "bid", "price": 0.09}, {"op": "delete", "side": "bid", "price": 0.08}, {"op": "set", "side": "bid", "price": 0.06, "size": 100.0}, {"op": "set", "side": "bid", "price": 0.07, "size": 26.0}, {"op": "set", "side": "ask", "price": 0.74, "size": 270.27}, {"op": "set", "side": "ask", "price": 0.79, "size": 433.36}, {"op": "set", "side": "ask", "price": 0.82, "size": 130.14}]}
{"t": 1776976061.337662, "events": [{"op": "set", "side": "bid", "price": 0.1, "size": 44.98}, {"op": "set", "side": "bid", "price": 0.06, "size": 112.0}, {"op": "set", "side": "bid", "price": 0.07, "size": 45.0}, {"op": "set", "side": "ask", "price": 0.74, "size": 407.27}, {"op": "set", "side": "ask", "price": 0.79, "size": 736.36}, {"op": "set", "side": "ask", "price": 0.82, "size": 689.14}]}
{"t": 1776976063.365494, "events": [{"op": "set", "side": "bid", "price": 0.07, "size": 19.0}]}
{"t": 1776976064.375992, "events": [{"op": "set", "side": "bid", "price": 0.08, "size": 25.0}]}
{"t": 1776976065.3873029, "events": [{"op": "delete", "side": "bid", "price": 0.07}]}
{"t": 1776976066.397533, "events": [{"op": "set", "side": "bid", "price": 0.08, "size": 44.0}]}
{"t": 1776976068.419334, "events": [{"op": "set", "side": "bid", "price": 0.08, "size": 19.0}]}
{"t": 1776976069.436353, "events": [{"op": "set", "side": "bid", "price": 0.09, "size": 24.0}]}
{"t": 1776976074.460224, "events": [{"op": "delete", "side": "bid", "price": 0.08}]}
{"t": 1776976075.471221, "events": [{"op": "set", "side": "bid", "price": 0.09, "size": 43.0}]}
{"t": 1776976078.494921, "events": [{"op": "set", "side": "bid", "price": 0.09, "size": 19.0}, {"op": "set", "side": "bid", "price": 0.07, "size": 26.0}]}
{"t": 1776976083.531923, "events": [{"op": "delete", "side": "bid", "price": 0.07}]}
{"t": 1776976084.54107, "events": [{"op": "set", "side": "bid", "price": 0.07, "size": 26.0}]}
{"t": 1776976085.548361, "events": [{"op": "set", "side": "bid", "price": 0.1, "size": 23.979999999999997}, {"op": "delete", "side": "bid", "price": 0.09}, {"op": "set", "side": "bid", "price": 0.06, "size": 100.0}, {"op": "set", "side": "ask", "price": 0.74, "size": 270.27}, {"op": "set", "side": "ask", "price": 0.79, "size": 433.36}, {"op": "set", "side": "ask", "price": 0.82, "size": 130.14}]}
{"t": 1776976089.58958, "events": [{"op": "set", "side": "bid", "price": 0.1, "size": 44.98}, {"op": "set", "side": "bid", "price": 0.06, "size": 112.0}, {"op": "set", "side": "bid", "price": 0.07, "size": 45.0}, {"op": "set", "side": "ask", "price": 0.74, "size": 407.27}, {"op": "set", "side": "ask", "price": 0.79, "size": 736.36}, {"op": "set", "side": "ask", "price": 0.82, "size": 689.14}]}
{"t": 1776976093.6152132, "events": [{"op": "set", "side": "bid", "price": 0.07, "size": 19.0}, {"op": "set", "side": "bid", "price": 0.08, "size": 25.0}]}
{"t": 1776976095.6349592, "events": [{"op": "delete", "side": "bid", "price": 0.07}]}
{"t": 1776976097.657048, "events": [{"op": "set", "side": "bid", "price": 0.08, "size": 44.0}]}
{"t": 1776976098.6700659, "events": [{"op": "set", "side": "bid", "price": 0.08, "size": 19.0}, {"op": "set", "side": "bid", "price": 0.09, "size": 24.0}]}
{"t": 1776976099.67869, "events": [{"op": "delete", "side": "bid", "price": 0.08}]}
{"t": 1776976100.698726, "events": [{"op": "set", "side": "bid", "price": 0.09, "size": 43.0}]}
{"t": 1776976103.7164748, "events": [{"op": "set", "side": "bid", "price": 0.09, "size": 19.0}, {"op": "set", "side": "bid", "price": 0.07, "size": 26.0}]}
{"t": 1776976113.775799, "events": [{"op": "delete", "side": "bid", "price": 0.09}, {"op": "set", "side": "bid", "price": 0.07, "size": 45.0}]}
{"t": 1776976118.820491, "events": [{"op": "set", "side": "bid", "price": 0.07, "size": 19.0}]}
{"t": 1776976119.83535, "events": [{"op": "set", "side": "bid", "price": 0.08, "size": 25.0}]}
{"t": 1776976128.8931751, "events": [{"op": "set", "side": "bid", "price": 0.08, "size": 19.0}, {"op": "delete", "side": "bid", "price": 0.07}, {"op": "set", "side": "bid", "price": 0.09, "size": 24.0}]}
{"t": 1776976130.9047801, "events": [{"op": "set", "side": "bid", "price": 0.09, "size": 43.0}, {"op": "delete", "side": "bid", "price": 0.08}]}
{"t": 1776976133.922157, "events": [{"op": "set", "side": "bid", "price": 0.09, "size": 19.0}, {"op": "set", "side": "bid", "price": 0.07, "size": 26.0}]}
{"t": 1776976135.934583, "events": [{"op": "set", "side": "bid", "price": 0.1, "size": 23.979999999999997}, {"op": "delete", "side": "bid", "price": 0.09}, {"op": "set", "side": "bid", "price": 0.06, "size": 100.0}, {"op": "set", "side": "ask", "price": 0.74, "size": 270.27}, {"op": "set", "side": "ask", "price": 0.79, "size": 433.36}, {"op": "set", "side": "ask", "price": 0.82, "size": 130.14}]}
{"t": 1776976137.96097, "events": [{"op": "delete", "side": "bid", "price": 0.07}]}
{"t": 1776976138.9725718, "events": [{"op": "set", "side": "bid", "price": 0.07, "size": 26.0}]}
{"t": 1776976139.976351, "events": [{"op": "set", "side": "bid", "price": 0.1, "size": 44.98}, {"op": "set", "side": "bid", "price": 0.06, "size": 112.0}, {"op": "set", "side": "bid", "price": 0.07, "size": 45.0}, {"op": "set", "side": "ask", "price": 0.74, "size": 407.27}, {"op": "set", "side": "ask", "price": 0.79, "size": 736.36}, {"op": "set", "side": "ask", "price": 0.82, "size": 689.14}]}
{"t": 1776976143.994279, "events": [{"op": "set", "side": "bid", "price": 0.07, "size": 19.0}, {"op": "set", "side": "bid", "price": 0.08, "size": 25.0}]}
{"t": 1776976152.035327, "events": [{"op": "set", "side": "bid", "price": 0.1, "size": 23.979999999999997}, {"op": "delete", "side": "bid", "price": 0.07}, {"op": "set", "side": "bid", "price": 0.06, "size": 100.0}, {"op": "set", "side": "ask", "price": 0.74, "size": 270.27}, {"op": "set", "side": "ask", "price": 0.79, "size": 433.36}, {"op": "set", "side": "ask", "price": 0.82, "size": 130.14}]}
{"t": 1776976154.063997, "events": [{"op": "set", "side": "bid", "price": 0.1, "size": 44.98}, {"op": "set", "side": "bid", "price": 0.08, "size": 19.0}, {"op": "set", "side": "bid", "price": 0.06, "size": 112.0}, {"op": "set", "side": "bid", "price": 0.07, "size": 26.0}, {"op": "set", "side": "ask", "price": 0.74, "size": 407.27}, {"op": "set", "side": "ask", "price": 0.79, "size": 736.36}, {"op": "set", "side": "ask", "price": 0.82, "size": 689.14}]}
{"t": 1776976159.129062, "events": [{"op": "delete", "side": "bid", "price": 0.07}, {"op": "set", "side": "bid", "price": 0.09, "size": 24.0}]}
{"t": 1776976163.1601741, "events": [{"op": "delete", "side": "bid", "price": 0.09}]}
{"t": 1776976164.1660988, "events": [{"op": "set", "side": "bid", "price": 0.09, "size": 24.0}]}
{"t": 1776976168.185441, "events": [{"op": "delete", "side": "bid", "price": 0.09}]}
{"t": 1776976169.201382, "events": [{"op": "set", "side": "bid", "price": 0.09, "size": 24.0}]}
{"t": 1776976172.213068, "events": [{"op": "set", "side": "bid", "price": 0.09, "size": 43.0}, {"op": "delete", "side": "bid", "price": 0.08}]}
{"t": 1776976173.230133, "events": [{"op": "set", "side": "bid", "price": 0.09, "size": 19.0}]}
{"t": 1776976174.237823, "events": [{"op": "set", "side": "bid", "price": 0.07, "size": 27.0}]}
{"t": 1776976175.24962, "events": [{"op": "delete", "side": "bid", "price": 0.09}]}
{"t": 1776976178.273995, "events": [{"op": "set", "side": "bid", "price": 0.07, "size": 19.0}]}
{"t": 1776976179.287406, "events": [{"op": "set", "side": "bid", "price": 0.08, "size": 25.0}]}
{"t": 1776976183.318472, "events": [{"op": "delete", "side": "bid", "price": 0.08}]}
{"t": 1776976184.330831, "events": [{"op": "set", "side": "bid", "price": 0.08, "size": 25.0}]}
{"t": 1776976188.349905, "events": [{"op": "delete", "side": "bid", "price": 0.08}]}
{"t": 1776976189.36215, "events": [{"op": "set", "side": "bid", "price": 0.08, "size": 25.0}]}
{"t": 1776976193.395335, "events": [{"op": "delete", "side": "bid", "price": 0.08}]}
{"t": 1776976194.405488, "events": [{"op": "set", "side": "bid", "price": 0.08, "size": 25.0}]}
{"t": 1776976197.420757, "events": [{"op": "delete", "side": "bid", "price": 0.07}]}
{"t": 1776976198.435571, "events": [{"op": "set", "side": "bid", "price": 0.08, "size": 19.0}, {"op": "set", "side": "bid", "price": 0.09, "size": 24.0}]}
{"t": 1776976203.4636748, "events": [{"op": "delete", "side": "bid", "price": 0.09}]}
{"t": 1776976204.476952, "events": [{"op": "set", "side": "bid", "price": 0.1, "size": 23.979999999999997}, {"op": "delete", "side": "bid", "price": 0.08}, {"op": "set", "side": "bid", "price": 0.06, "size": 100.0}, {"op": "set", "side": "bid", "price": 0.09, "size": 24.0}, {"op": "set", "side": "ask", "price": 0.74, "size": 270.27}, {"op": "set", "side": "ask", "price": 0.79, "size": 433.36}, {"op": "set", "side": "ask", "price": 0.82, "size": 130.14}]}
{"t": 1776976207.508864, "events": [{"op": "set", "side": "bid", "price": 0.1, "size": 44.98}, {"op": "set", "side": "bid", "price": 0.09, "size": 43.0}, {"op": "set", "side": "bid", "price": 0.06, "size": 112.0}, {"op": "set", "side": "ask", "price": 0.74, "size": 407.27}, {"op": "set", "side": "ask", "price": 0.79, "size": 736.36}, {"op": "set", "side": "ask", "price": 0.82, "size": 689.14}]}
{"t": 1776976208.525941, "events": [{"op": "set", "side": "bid", "price": 0.09, "size": 19.0}]}
{"t": 1776976209.539958, "events": [{"op": "set", "side": "bid", "price": 0.07, "size": 27.0}]}
{"t": 1776976214.569775, "events": [{"op": "delete", "side": "bid", "price": 0.09}]}
{"t": 1776976215.5757089, "events": [{"op": "set", "side": "bid", "price": 0.07, "size": 46.0}]}
{"t": 1776976218.6080482, "events": [{"op": "set", "side": "bid", "price": 0.07, "size": 19.0}, {"op": "set", "side": "bid", "price": 0.08, "size": 25.0}]}
{"t": 1776976220.6215591, "events": [{"op": "delete", "side": "bid", "price": 0.07}]}
{"t": 1776976222.6332319, "events": [{"op": "set", "side": "bid", "price": 0.08, "size": 44.0}]}
{"t": 1776976223.6436858, "events": [{"op": "set", "side": "bid", "price": 0.08, "size": 19.0}, {"op": "set", "side": "bid", "price": 0.09, "size": 24.0}]}
{"t": 1776976238.714187, "events": [{"op": "delete", "side": "bid", "price": 0.09}]}
{"t": 1776976239.7258828, "events": [{"op": "set", "side": "bid", "price": 0.09, "size": 24.0}]}
{"t": 1776976253.8076642, "events": [{"op": "delete", "side": "bid", "price": 0.09}]}
{"t": 1776976254.822479, "events": [{"op": "delete", "side": "bid", "price": 0.08}, {"op": "set", "side": "bid", "price": 0.09, "size": 24.0}]}
{"t": 1776976255.835129, "events": [{"op": "set", "side": "bid", "price": 0.09, "size": 43.0}]}
{"t": 1776976258.864931, "events": [{"op": "set", "side": "bid", "price": 0.09, "size": 19.0}, {"op": "set", "side": "bid", "price": 0.07, "size": 27.0}]}
{"t": 1776976259.875783, "events": [{"op": "delete", "side": "bid", "price": 0.09}, {"op": "set", "side": "bid", "price": 0.07, "size": 46.0}]}
{"t": 1776976263.909769, "events": [{"op": "set", "side": "bid", "price": 0.07, "size": 19.0}, {"op": "set", "side": "bid", "price": 0.08, "size": 25.0}]}
{"t": 1776976268.9457762, "events": [{"op": "delete", "side": "bid", "price": 0.08}, {"op": "set", "side": "bid", "price": 0.09, "size": 24.0}]}
{"t": 1776976273.996962, "events": [{"op": "delete", "side": "bid", "price": 0.09}, {"op": "set", "side": "bid", "price": 0.08, "size": 25.0}]}
{"t": 1776976276.0147579, "events": [{"op": "delete", "side": "bid", "price": 0.07}]}
{"t": 1776976277.039475, "events": [{"op": "set", "side": "bid", "price": 0.08, "size": 44.0}]}
{"t": 1776976279.0620182, "events": [{"op": "set", "side": "bid", "price": 0.08, "size": 19.0}, {"op": "set", "side": "bid", "price": 0.09, "size": 24.0}]}
{"t": 1776976280.070851, "events": [{"op": "delete", "side": "bid", "price": 0.08}]}
{"t": 1776976281.087897, "events": [{"op": "set", "side": "bid", "price": 0.09, "size": 43.0}]}
{"t": 1776976284.125754, "events": [{"op": "set", "side": "bid", "price": 0.09, "size": 19.0}, {"op": "set", "side": "bid", "price": 0.07, "size": 26.0}]}
{"t": 1776976285.139929, "events": [{"op": "set", "side": "bid", "price": 0.1, "size": 23.979999999999997}, {"op": "delete", "side": "bid", "price": 0.09}, {"op": "set", "side": "bid", "price": 0.06, "size": 100.0}, {"op": "set", "side": "ask", "price": 0.74, "size": 270.27}, {"op": "set", "side": "ask", "price": 0.79, "size": 433.36}, {"op": "set", "side": "ask", "price": 0.82, "size": 130.14}]}
{"t": 1776976287.161626, "events": [{"op": "set", "side": "bid", "price": 0.1, "size": 44.98}, {"op": "set", "side": "bid", "price": 0.06, "size": 112.0}, {"op": "set", "side": "bid", "price": 0.07, "size": 45.0}, {"op": "set", "side": "ask", "price": 0.74, "size": 407.27}, {"op": "set", "side": "ask", "price": 0.79, "size": 736.36}, {"op": "set", "side": "ask", "price": 0.82, "size": 689.14}]}
{"t": 1776976289.1844962, "events": [{"op": "set", "side": "bid", "price": 0.07, "size": 19.0}]}
{"t": 1776976290.196137, "events": [{"op": "set", "side": "bid", "price": 0.08, "size": 26.0}]}
{"t": 1776976301.276474, "events": [{"op": "set", "side": "bid", "price": 0.1, "size": 23.979999999999997}, {"op": "delete", "side": "bid", "price": 0.07}, {"op": "set", "side": "bid", "price": 0.06, "size": 100.0}, {"op": "set", "side": "ask", "price": 0.74, "size": 270.27}, {"op": "set", "side": "ask", "price": 0.79, "size": 433.36}, {"op": "set", "side": "ask", "price": 0.82, "size": 130.14}]}
{"t": 1776976303.3065321, "events": [{"op": "delete", "side": "bid", "price": 0.08}]}
{"t": 1776976304.313708, "events": [{"op": "set", "side": "bid", "price": 0.1, "size": 44.98}, {"op": "set", "side": "bid", "price": 0.06, "size": 119.0}, {"op": "set", "side": "bid", "price": 0.07, "size": 26.0}, {"op": "set", "side": "bid", "price": 0.02, "size": 22.0}, {"op": "set", "side": "ask", "price": 0.74, "size": 407.27}, {"op": "set", "side": "ask", "price": 0.79, "size": 736.36}, {"op": "set", "side": "ask", "price": 0.82, "size": 689.14}]}
{"t": 1776976306.360851, "events": [{"op": "set", "side": "bid", "price": 0.02, "size": 10.0}]}
{"t": 1776976307.3653572, "events": [{"op": "set", "side": "bid", "price": 0.06, "size": 112.0}, {"op": "set", "side": "bid", "price": 0.07, "size": 45.0}]}
{"t": 1776976308.374354, "events": [{"op": "set", "side": "bid", "price": 0.07, "size": 19.0}]}
{"t": 1776976309.386129, "events": [{"op": "set", "side": "bid", "price": 0.08, "size": 25.0}]}
{"t": 1776976313.409361, "events": [{"op": "delete", "side": "bid", "price": 0.08}]}
{"t": 1776976314.4200819, "events": [{"op": "set", "side": "bid", "price": 0.08, "size": 25.0}]}
{"t": 1776976318.442741, "events": [{"op": "delete", "side": "bid", "price": 0.08}]}
{"t": 1776976319.457519, "events": [{"op": "set", "side": "bid", "price": 0.08, "size": 25.0}]}
{"t": 1776976323.4797351, "events": [{"op": "delete", "side": "bid", "price": 0.07}]}
{"t": 1776976324.50117, "events": [{"op": "set", "side": "bid", "price": 0.08, "size": 44.0}]}
{"t": 1776976325.519989, "events": [{"op": "set", "side": "bid", "price": 0.08, "size": 19.0}, {"op": "set", "side": "bid", "price": 0.09, "size": 24.0}]}
{"t": 1776976332.56369, "events": [{"op": "delete", "side": "bid", "price": 0.08}]}
{"t": 1776976333.587355, "events": [{"op": "set", "side": "bid", "price": 0.09, "size": 19.0}]}
{"t": 1776976334.603316, "events": [{"op": "delete", "side": "bid", "price": 0.09}, {"op": "set", "side": "bid", "price": 0.07, "size": 26.0}]}
{"t": 1776976336.625223, "events": [{"op": "set", "side": "bid", "price": 0.06, "size": 119.0}, {"op": "set", "side": "bid", "price": 0.02, "size": 22.0}]}
{"t": 1776976339.6474261, "events": [{"op": "set", "side": "bid", "price": 0.06, "size": 112.0}, {"op": "delete", "side": "bid", "price": 0.07}, {"op": "set", "side": "bid", "price": 0.02, "size": 10.0}]}
{"t": 1776976340.6580539, "events": [{"op": "set", "side": "bid", "price": 0.1, "size": 23.979999999999997}, {"op": "set", "side": "bid", "price": 0.06, "size": 100.0}, {"op": "set", "side": "bid", "price": 0.07, "size": 46.0}, {"op": "set", "side": "ask", "price": 0.74, "size": 270.27}, {"op": "set", "side": "ask", "price": 0.79, "size": 433.36}, {"op": "set", "side": "ask", "price": 0.82, "size": 130.14}]}
{"t": 1776976344.703347, "events": [{"op": "delete", "side": "bid", "price": 0.07}, {"op": "set", "side": "bid", "price": 0.08, "size": 26.0}]}
{"t": 1776976349.756854, "events": [{"op": "set", "side": "bid", "price": 0.1, "size": 44.98}, {"op": "set", "side": "bid", "price": 0.08, "size": 45.0}, {"op": "set", "side": "bid", "price": 0.06, "size": 112.0}, {"op": "set", "side": "ask", "price": 0.74, "size": 407.27}, {"op": "set", "side": "ask", "price": 0.79, "size": 736.36}, {"op": "set", "side": "ask", "price": 0.82, "size": 689.14}]}
{"t": 1776976350.768629, "events": [{"op": "set", "side": "bid", "price": 0.08, "size": 19.0}]}
{"t": 1776976351.775647, "events": [{"op": "set", "side": "bid", "price": 0.1, "size": 23.979999999999997}, {"op": "delete", "side": "bid", "price": 0.08}, {"op": "set", "side": "bid", "price": 0.06, "size": 100.0}, {"op": "set", "side": "ask", "price": 0.74, "size": 270.27}, {"op": "set", "side": "ask", "price": 0.79, "size": 433.36}, {"op": "set", "side": "ask", "price": 0.82, "size": 130.14}]}
{"t": 1776976352.80179, "events": [{"op": "set", "side": "bid", "price": 0.07, "size": 26.0}, {"op": "set", "side": "ask", "price": 0.87, "size": 30.0}]}
{"t": 1776976355.830212, "events": [{"op": "set", "side": "bid", "price": 0.1, "size": 44.98}, {"op": "set", "side": "bid", "price": 0.06, "size": 112.0}, {"op": "set", "side": "bid", "price": 0.07, "size": 19.0}, {"op": "set", "side": "ask", "price": 0.74, "size": 407.27}, {"op": "set", "side": "ask", "price": 0.79, "size": 736.36}, {"op": "set", "side": "ask", "price": 0.82, "size": 689.14}]}
{"t": 1776976356.839608, "events": [{"op": "set", "side": "bid", "price": 0.08, "size": 26.0}]}
{"t": 1776976359.87871, "events": [{"op": "delete", "side": "bid", "price": 0.07}]}
{"t": 1776976360.895073, "events": [{"op": "set", "side": "bid", "price": 0.08, "size": 19.0}]}
{"t": 1776976361.903726, "events": [{"op": "set", "side": "bid", "price": 0.09, "size": 24.0}]}
{"t": 1776976362.91397, "events": [{"op": "delete", "side": "bid", "price": 0.08}]}
{"t": 1776976363.930155, "events": [{"op": "set", "side": "bid", "price": 0.09, "size": 43.0}]}
{"t": 1776976364.937811, "events": [{"op": "set", "side": "bid", "price": 0.09, "size": 19.0}]}
{"t": 1776976365.9445639, "events": [{"op": "set", "side": "bid", "price": 0.07, "size": 27.0}]}
{"t": 1776976370.9749482, "events": [{"op": "delete", "side": "bid", "price": 0.07}]}
{"t": 1776976371.985274, "events": [{"op": "set", "side": "bid", "price": 0.07, "size": 27.0}]}
{"t": 1776976375.010626, "events": [{"op": "delete", "side": "bid", "price": 0.07}]}
{"t": 1776976376.01981, "events": [{"op": "set", "side": "bid", "price": 0.07, "size": 27.0}]}
{"t": 1776976378.028401, "events": [{"op": "set", "side": "ask", "price": 0.87, "size": 52.0}]}
{"t": 1776976385.0620549, "events": [{"op": "delete", "side": "bid", "price": 0.07}]}
{"t": 1776976386.068693, "events": [{"op": "set", "side": "bid", "price": 0.07, "size": 26.0}]}
{"t": 1776976390.085834, "events": [{"op": "delete", "side": "bid", "price": 0.09}, {"op": "set", "side": "bid", "price": 0.07, "size": 19.0}]}
{"t": 1776976391.098208, "events": [{"op": "set", "side": "bid", "price": 0.08, "size": 25.0}]}
{"t": 1776976393.108543, "events": [{"op": "delete", "side": "bid", "price": 0.07}]}
{"t": 1776976394.119156, "events": [{"op": "set", "side": "bid", "price": 0.08, "size": 44.0}]}
{"t": 1776976395.125777, "events": [{"op": "set", "side": "bid", "price": 0.08, "size": 19.0}]}
{"t": 1776976396.130979, "events": [{"op": "set", "side": "bid", "price": 0.09, "size": 24.0}]}
{"t": 1776976400.151349, "events": [{"op": "delete", "side": "bid", "price": 0.09}]}
{"t": 1776976401.163003, "events": [{"op": "set", "side": "bid", "price": 0.09, "size": 24.0}]}
{"t": 1776976405.183253, "events": [{"op": "delete", "side": "bid", "price": 0.09}]}
{"t": 1776976406.18958, "events": [{"op": "set", "side": "bid", "price": 0.09, "size": 24.0}]}
{"t": 1776976415.243485, "events": [{"op": "delete", "side": "bid", "price": 0.09}, {"op": "delete", "side": "bid", "price": 0.08}]}
{"t": 1776976416.25911, "events": [{"op": "set", "side": "bid", "price": 0.09, "size": 19.0}, {"op": "set", "side": "bid", "price": 0.07, "size": 26.0}]}
{"t": 1776976420.296268, "events": [{"op": "delete", "side": "bid", "price": 0.07}]}
{"t": 1776976421.30323, "events": [{"op": "set", "side": "bid", "price": 0.07, "size": 26.0}]}
{"t": 1776976423.3098712, "events": [{"op": "delete", "side": "bid", "price": 0.09}, {"op": "set", "side": "bid", "price": 0.07, "size": 45.0}]}
{"t": 1776976425.340163, "events": [{"op": "set", "side": "bid", "price": 0.1, "size": 23.979999999999997}, {"op": "set", "side": "bid", "price": 0.06, "size": 100.0}, {"op": "set", "side": "bid", "price": 0.07, "size": 26.0}, {"op": "set", "side": "ask", "price": 0.74, "size": 270.27}, {"op": "set", "side": "ask", "price": 0.79, "size": 433.36}, {"op": "set", "side": "ask", "price": 0.82, "size": 130.14}]}
{"t": 1776976428.364198, "events": [{"op": "set", "side": "bid", "price": 0.1, "size": 44.98}, {"op": "set", "side": "bid", "price": 0.06, "size": 112.0}, {"op": "set", "side": "bid", "price": 0.07, "size": 45.0}, {"op": "set", "side": "ask", "price": 0.74, "size": 407.27}, {"op": "set", "side": "ask", "price": 0.79, "size": 736.36}, {"op": "set", "side": "ask", "price": 0.82, "size": 689.14}]}
{"t": 1776976430.376935, "events": [{"op": "set", "side": "bid", "price": 0.07, "size": 19.0}]}
{"t": 1776976431.391558, "events": [{"op": "set", "side": "bid", "price": 0.08, "size": 25.0}]}
{"t": 1776976435.41402, "events": [{"op": "delete", "side": "bid", "price": 0.08}]}
{"t": 1776976436.4190028, "events": [{"op": "delete", "side": "bid", "price": 0.07}, {"op": "set", "side": "bid", "price": 0.08, "size": 25.0}]}
{"t": 1776976437.425882, "events": [{"op": "set", "side": "bid", "price": 0.06, "size": 119.0}, {"op": "set", "side": "bid", "price": 0.02, "size": 22.0}]}
{"t": 1776976438.4467258, "events": [{"op": "set", "side": "bid", "price": 0.06, "size": 112.0}, {"op": "set", "side": "bid", "price": 0.02, "size": 10.0}]}
{"t": 1776976439.456811, "events": [{"op": "set", "side": "bid", "price": 0.08, "size": 44.0}]}
{"t": 1776976440.468045, "events": [{"op": "set", "side": "bid", "price": 0.08, "size": 19.0}, {"op": "set", "side": "bid", "price": 0.09, "size": 24.0}]}
{"t": 1776976442.480271, "events": [{"op": "set", "side": "bid", "price": 0.09, "size": 43.0}, {"op": "delete", "side": "bid", "price": 0.08}]}
{"t": 1776976445.5077739, "events": [{"op": "set", "side": "bid", "price": 0.09, "size": 19.0}, {"op": "set", "side": "bid", "price": 0.07, "size": 27.0}]}
{"t": 1776976451.535392, "events": [{"op": "delete", "side": "bid", "price": 0.09}]}
{"t": 1776976452.543754, "events": [{"op": "set", "side": "bid", "price": 0.06, "size": 119.0}, {"op": "set", "side": "bid", "price": 0.02, "size": 22.0}]}
{"t": 1776976454.565593, "events": [{"op": "set", "side": "bid", "price": 0.06, "size": 112.0}, {"op": "set", "side": "bid", "price": 0.02, "size": 10.0}]}
{"t": 1776976455.5719721, "events": [{"op": "set", "side": "bid", "price": 0.07, "size": 19.0}, {"op": "set", "side": "bid", "price": 0.08, "size": 25.0}]}
{"t": 1776976458.60728, "events": [{"op": "delete", "side": "bid", "price": 0.07}]}
{"t": 1776976459.62, "events": [{"op": "set", "side": "bid", "price": 0.08, "size": 44.0}]}
{"t": 1776976460.625124, "events": [{"op": "set", "side": "bid", "price": 0.08, "size": 19.0}, {"op": "set", "side": "bid", "price": 0.09, "size": 24.0}]}
{"t": 1776976461.631319, "events": [{"op": "delete", "side": "bid", "price": 0.08}]}
{"t": 1776976462.638276, "events": [{"op": "set", "side": "bid", "price": 0.09, "size": 43.0}]}
{"t": 1776976465.66493, "events": [{"op": "set", "side": "bid", "price": 0.1, "size": 23.979999999999997}, {"op": "delete", "side": "bid", "price": 0.09}, {"op": "set", "side": "bid", "price": 0.06, "size": 100.0}, {"op": "set", "side": "bid", "price": 0.07, "size": 26.0}, {"op": "set", "side": "ask", "price": 0.74, "size": 270.27}, {"op": "set", "side": "ask", "price": 0.79, "size": 433.36}, {"op": "set", "side": "ask", "price": 0.82, "size": 130.14}]}
{"t": 1776976467.6886039, "events": [{"op": "set", "side": "bid", "price": 0.1, "size": 44.98}, {"op": "set", "side": "bid", "price": 0.06, "size": 112.0}, {"op": "set", "side": "bid", "price": 0.07, "size": 45.0}, {"op": "set", "side": "ask", "price": 0.74, "size": 407.27}, {"op": "set", "side": "ask", "price": 0.79, "size": 736.36}, {"op": "set", "side": "ask", "price": 0.82, "size": 689.14}]}
{"t": 1776976470.713255, "events": [{"op": "set", "side": "bid", "price": 0.07, "size": 19.0}, {"op": "set", "side": "bid", "price": 0.08, "size": 26.0}]}
{"t": 1776976472.725442, "events": [{"op": "set", "side": "bid", "price": 0.08, "size": 45.0}, {"op": "delete", "side": "bid", "price": 0.07}]}
{"t": 1776976474.742902, "events": [{"op": "set", "side": "bid", "price": 0.08, "size": 19.0}]}
{"t": 1776976475.752197, "events": [{"op": "set", "side": "bid", "price": 0.09, "size": 24.0}]}
{"t": 1776976477.761339, "events": [{"op": "set", "side": "bid", "price": 0.1, "size": 23.979999999999997}, {"op": "delete", "side": "bid", "price": 0.08}, {"op": "set", "side": "bid", "price": 0.06, "size": 100.0}, {"op": "set", "side": "ask", "price": 0.74, "size": 270.27}, {"op": "set", "side": "ask", "price": 0.79, "size": 433.36}, {"op": "set", "side": "ask", "price": 0.82, "size": 130.14}]}
{"t": 1776976479.7830348, "events": [{"op": "delete", "side": "bid", "price": 0.09}]}
{"t": 1776976480.793513, "events": [{"op": "set", "side": "bid", "price": 0.1, "size": 44.98}, {"op": "set", "side": "bid", "price": 0.06, "size": 119.0}, {"op": "set", "side": "bid", "price": 0.07, "size": 26.0}, {"op": "set", "side": "bid", "price": 0.02, "size": 22.0}, {"op": "set", "side": "ask", "price": 0.74, "size": 407.27}, {"op": "set", "side": "ask", "price": 0.79, "size": 736.36}, {"op": "set", "side": "ask", "price": 0.82, "size": 689.14}]}
{"t": 1776976484.820907, "events": [{"op": "set", "side": "bid", "price": 0.06, "size": 112.0}, {"op": "set", "side": "bid", "price": 0.02, "size": 10.0}]}
{"t": 1776976485.858399, "events": [{"op": "set", "side": "bid", "price": 0.07, "size": 19.0}, {"op": "set", "side": "bid", "price": 0.08, "size": 26.0}]}
{"t": 1776976488.8840268, "events": [{"op": "set", "side": "ask", "price": 0.87, "size": 30.0}]}
{"t": 1776976489.887844, "events": [{"op": "delete", "side": "bid", "price": 0.08}]}
{"t": 1776976490.901129, "events": [{"op": "delete", "side": "bid", "price": 0.07}, {"op": "set", "side": "bid", "price": 0.08, "size": 26.0}]}
{"t": 1776976491.914994, "events": [{"op": "set", "side": "bid", "price": 0.06, "size": 119.0}, {"op": "set", "side": "bid", "price": 0.02, "size": 22.0}]}
{"t": 1776976495.9455118, "events": [{"op": "delete", "side": "bid", "price": 0.08}, {"op": "set", "side": "bid", "price": 0.07, "size": 27.0}]}
{"t": 1776976499.969461, "events": [{"op": "delete", "side": "bid", "price": 0.07}]}
{"t": 1776976500.976686, "events": [{"op": "set", "side": "bid", "price": 0.07, "size": 26.0}, {"op": "set", "side": "ask", "price": 0.87, "size": 52.0}]}
{"t": 1776976504.995602, "events": [{"op": "set", "side": "bid", "price": 0.06, "size": 112.0}, {"op": "delete", "side": "bid", "price": 0.07}, {"op": "set", "side": "bid", "price": 0.02, "size": 10.0}]}
{"t": 1776976506.004798, "events": [{"op": "set", "side": "bid", "price": 0.07, "size": 45.0}]}
{"t": 1776976510.0364318, "events": [{"op": "set", "side": "bid", "price": 0.07, "size": 19.0}]}
{"t": 1776976511.044847, "events": [{"op": "set", "side": "bid", "price": 0.08, "size": 25.0}]}
{"t": 1776976519.114893, "events": [{"op": "set", "side": "bid", "price": 0.01, "size": 1006.0}, {"op": "delete", "side": "ask", "price": 0.26}, {"op": "delete", "side": "ask", "price": 0.27}, {"op": "set", "side": "ask", "price": 0.03, "size": 71.0}, {"op": "set", "side": "ask", "price": 0.28, "size": 7.0}, {"op": "set", "side": "ask", "price": 0.02, "size": 114.0}, {"op": "set", "side": "ask", "price": 0.29, "size": 3765.0}]}
{"t": 1776976520.122738, "events": [{"op": "delete", "side": "bid", "price": 0.08}]}
{"t": 1776976521.1357608, "events": [{"op": "set", "side": "bid", "price": 0.06, "size": 119.0}, {"op": "delete", "side": "bid", "price": 0.07}, {"op": "set", "side": "bid", "price": 0.08, "size": 25.0}, {"op": "set", "side": "bid", "price": 0.02, "size": 22.0}]}
{"t": 1776976525.156095, "events": [{"op": "delete", "side": "bid", "price": 0.08}]}
{"t": 1776976526.162179, "events": [{"op": "set", "side": "bid", "price": 0.07, "size": 26.0}]}
{"t": 1776976535.199321, "events": [{"op": "delete", "side": "bid", "price": 0.07}]}
{"t": 1776976536.203557, "events": [{"op": "set", "side": "bid", "price": 0.1, "size": 23.979999999999997}, {"op": "set", "side": "bid", "price": 0.06, "size": 100.0}, {"op": "set", "side": "bid", "price": 0.07, "size": 26.0}, {"op": "set", "side": "bid", "price": 0.02, "size": 10.0}, {"op": "set", "side": "ask", "price": 0.74, "size": 270.27}, {"op": "set", "side": "ask", "price": 0.79, "size": 433.36}, {"op": "set", "side": "ask", "price": 0.82, "size": 130.14}]}
{"t": 1776976537.216504, "events": [{"op": "set", "side": "bid", "price": 0.1, "size": 44.98}, {"op": "set", "side": "bid", "price": 0.06, "size": 112.0}, {"op": "set", "side": "bid", "price": 0.07, "size": 45.0}, {"op": "set", "side": "ask", "price": 0.74, "size": 407.27}, {"op": "set", "side": "ask", "price": 0.79, "size": 736.36}, {"op": "set", "side": "ask", "price": 0.82, "size": 689.14}]}
{"t": 1776976540.237312, "events": [{"op": "set", "side": "bid", "price": 0.07, "size": 19.0}]}
{"t": 1776976541.245595, "events": [{"op": "set", "side": "bid", "price": 0.08, "size": 26.0}]}
{"t": 1776976545.305117, "events": [{"op": "delete", "side": "bid", "price": 0.07}]}
{"t": 1776976547.325418, "events": [{"op": "set", "side": "bid", "price": 0.08, "size": 45.0}]}
{"t": 1776976550.374534, "events": [{"op": "set", "side": "bid", "price": 0.08, "size": 19.0}, {"op": "set", "side": "bid", "price": 0.09, "size": 24.0}]}
{"t": 1776976552.38733, "events": [{"op": "set", "side": "bid", "price": 0.09, "size": 43.0}, {"op": "delete", "side": "bid", "price": 0.08}]}
{"t": 1776976555.404792, "events": [{"op": "set", "side": "bid", "price": 0.09, "size": 19.0}]}
{"t": 1776976556.4166641, "events": [{"op": "set", "side": "bid", "price": 0.07, "size": 27.0}]}
{"t": 1776976560.430049, "events": [{"op": "delete", "side": "bid", "price": 0.09}, {"op": "delete", "side": "bid", "price": 0.07}]}
{"t": 1776976561.438821, "events": [{"op": "set", "side": "bid", "price": 0.08, "size": 26.0}, {"op": "set", "side": "bid", "price": 0.07, "size": 19.0}]}
{"t": 1776976565.468847, "events": [{"op": "set", "side": "bid", "price": 0.08, "size": 19.0}, {"op": "set", "side": "bid", "price": 0.07, "size": 27.0}]}
{"t": 1776976569.49947, "events": [{"op": "set", "side": "bid", "price": 0.1, "size": 23.979999999999997}, {"op": "delete", "side": "bid", "price": 0.08}, {"op": "set", "side": "bid", "price": 0.06, "size": 100.0}, {"op": "set", "side": "ask", "price": 0.74, "size": 270.27}, {"op": "set", "side": "ask", "price": 0.79, "size": 433.36}, {"op": "set", "side": "ask", "price": 0.82, "size": 130.14}]}
{"t": 1776976570.521151, "events": [{"op": "set", "side": "bid", "price": 0.07, "size": 26.0}, {"op": "set", "side": "ask", "price": 0.03, "size": 20.0}, {"op": "set", "side": "ask", "price": 0.3, "size": 43.0}, {"op": "set", "side": "ask", "price": 0.02, "size": 100.0}]}
{"t": 1776976571.5276349, "events": [{"op": "set", "side": "bid", "price": 0.1, "size": 44.98}, {"op": "set", "side": "bid", "price": 0.06, "size": 112.0}, {"op": "set", "side": "bid", "price": 0.07, "size": 45.0}, {"op": "set", "side": "ask", "price": 0.74, "size": 407.27}, {"op": "set", "side": "ask", "price": 0.79, "size": 736.36}, {"op": "set", "side": "ask", "price": 0.82, "size": 689.14}]}
{"t": 1776976575.5694778, "events": [{"op": "set", "side": "bid", "price": 0.07, "size": 19.0}, {"op": "set", "side": "ask", "price": 0.03, "size": 45.0}]}
{"t": 1776976576.575867, "events": [{"op": "delete", "side": "bid", "price": 0.07}, {"op": "set", "side": "bid", "price": 0.08, "size": 26.0}]}
{"t": 1776976578.5899022, "events": [{"op": "set", "side": "bid", "price": 0.08, "size": 45.0}]}
{"t": 1776976580.610691, "events": [{"op": "set", "side": "bid", "price": 0.08, "size": 19.0}, {"op": "set", "side": "bid", "price": 0.09, "size": 24.0}]}
{"t": 1776976582.626801, "events": [{"op": "set", "side": "bid", "price": 0.09, "size": 43.0}, {"op": "delete", "side": "bid", "price": 0.08}]}
{"t": 1776976585.646488, "events": [{"op": "set", "side": "bid", "price": 0.09, "size": 19.0}, {"op": "set", "side": "bid", "price": 0.07, "size": 27.0}]}
{"t": 1776976587.65838, "events": [{"op": "delete", "side": "bid", "price": 0.09}, {"op": "set", "side": "bid", "price": 0.07, "size": 46.0}]}
{"t": 1776976590.681835, "events": [{"op": "set", "side": "bid", "price": 0.07, "size": 19.0}, {"op": "set", "side": "bid", "price": 0.08, "size": 25.0}]}
{"t": 1776976592.712306, "events": [{"op": "set", "side": "bid", "price": 0.08, "size": 44.0}, {"op": "delete", "side": "bid", "price": 0.07}]}
{"t": 1776976595.7320058, "events": [{"op": "set", "side": "bid", "price": 0.08, "size": 19.0}, {"op": "set", "side": "bid", "price": 0.09, "size": 24.0}]}
{"t": 1776976605.780865, "events": [{"op": "set", "side": "bid", "price": 0.09, "size": 19.0}, {"op": "delete", "side": "bid", "price": 0.08}, {"op": "set", "side": "bid", "price": 0.07, "size": 26.0}]}
{"t": 1776976607.800011, "events": [{"op": "delete", "side": "bid", "price": 0.09}, {"op": "set", "side": "bid", "price": 0.07, "size": 45.0}]}
{"t": 1776976610.818959, "events": [{"op": "set", "side": "bid", "price": 0.07, "size": 19.0}, {"op": "set", "side": "bid", "price": 0.08, "size": 25.0}]}
{"t": 1776976619.87493, "events": [{"op": "delete", "side": "bid", "price": 0.08}]}
{"t": 1776976620.890514, "events": [{"op": "set", "side": "bid", "price": 0.08, "size": 25.0}]}
{"t": 1776976623.9121861, "events": [{"op": "delete", "side": "bid", "price": 0.07}]}
{"t": 1776976624.9222841, "events": [{"op": "set", "side": "bid", "price": 0.08, "size": 44.0}]}
{"t": 1776976625.935311, "events": [{"op": "set", "side": "bid", "price": 0.08, "size": 19.0}, {"op": "set", "side": "bid", "price": 0.09, "size": 24.0}]}
{"t": 1776976627.946018, "events": [{"op": "set", "side": "bid", "price": 0.1, "size": 23.979999999999997}, {"op": "delete", "side": "bid", "price": 0.08}, {"op": "set", "side": "bid", "price": 0.06, "size": 100.0}, {"op": "set", "side": "ask", "price": 0.74, "size": 270.27}, {"op": "set", "side": "ask", "price": 0.79, "size": 433.36}, {"op": "set", "side": "ask", "price": 0.82, "size": 130.14}]}
{"t": 1776976629.966581, "events": [{"op": "delete", "side": "bid", "price": 0.09}]}
{"t": 1776976630.9735959, "events": [{"op": "set", "side": "bid", "price": 0.1, "size": 44.98}, {"op": "set", "side": "bid", "price": 0.06, "size": 112.0}, {"op": "set", "side": "bid", "price": 0.09, "size": 19.0}, {"op": "set", "side": "bid", "price": 0.07, "size": 26.0}, {"op": "set", "side": "ask", "price": 0.74, "size": 407.27}, {"op": "set", "side": "ask", "price": 0.79, "size": 736.36}, {"op": "set", "side": "ask", "price": 0.82, "size": 689.14}]}
{"t": 1776976636.012798, "events": [{"op": "delete", "side": "bid", "price": 0.09}, {"op": "set", "side": "bid", "price": 0.07, "size": 27.0}]}
{"t": 1776976637.021386, "events": [{"op": "set", "side": "bid", "price": 0.07, "size": 46.0}]}
{"t": 1776976640.0406752, "events": [{"op": "set", "side": "bid", "price": 0.07, "size": 19.0}]}
{"t": 1776976641.045354, "events": [{"op": "set", "side": "bid", "price": 0.08, "size": 26.0}]}
{"t": 1776976648.087174, "events": [{"op": "set", "side": "bid", "price": 0.08, "size": 45.0}, {"op": "delete", "side": "bid", "price": 0.07}]}
{"t": 1776976650.106755, "events": [{"op": "set", "side": "bid", "price": 0.08, "size": 19.0}]}
{"t": 1776976651.118593, "events": [{"op": "set", "side": "bid", "price": 0.09, "size": 24.0}]}
{"t": 1776976653.130749, "events": [{"op": "set", "side": "bid", "price": 0.09, "size": 43.0}, {"op": "delete", "side": "bid", "price": 0.08}]}
{"t": 1776976655.139762, "events": [{"op": "set", "side": "bid", "price": 0.09, "size": 19.0}]}
{"t": 1776976656.145735, "events": [{"op": "set", "side": "bid", "price": 0.07, "size": 27.0}]}
{"t": 1776976660.164791, "events": [{"op": "delete", "side": "bid", "price": 0.09}, {"op": "set", "side": "bid", "price": 0.07, "size": 46.0}]}
{"t": 1776976661.1799512, "events": [{"op": "set", "side": "bid", "price": 0.07, "size": 19.0}]}
{"t": 1776976662.1883461, "events": [{"op": "set", "side": "bid", "price": 0.08, "size": 25.0}]}
{"t": 1776976665.228876, "events": [{"op": "delete", "side": "bid", "price": 0.08}]}
{"t": 1776976666.242671, "events": [{"op": "set", "side": "bid", "price": 0.08, "size": 25.0}]}
{"t": 1776976670.27538, "events": [{"op": "delete", "side": "bid", "price": 0.08}]}
{"t": 1776976671.281625, "events": [{"op": "set", "side": "bid", "price": 0.08, "size": 25.0}]}
{"t": 1776976675.3047261, "events": [{"op": "delete", "side": "bid", "price": 0.08}]}
{"t": 1776976676.313505, "events": [{"op": "set", "side": "bid", "price": 0.08, "size": 25.0}]}
{"t": 1776976680.334271, "events": [{"op": "delete", "side": "bid", "price": 0.08}]}
{"t": 1776976681.3585122, "events": [{"op": "set", "side": "bid", "price": 0.08, "size": 25.0}]}
{"t": 1776976688.379301, "events": [{"op": "delete", "side": "bid", "price": 0.07}]}
{"t": 1776976689.3868952, "events": [{"op": "set", "side": "bid", "price": 0.08, "size": 44.0}]}
{"t": 1776976690.397115, "events": [{"op": "set", "side": "bid", "price": 0.08, "size": 19.0}]}
{"t": 1776976691.417778, "events": [{"op": "set", "side": "bid", "price": 0.09, "size": 24.0}]}
{"t": 1776976694.6291242, "events": [{"op": "set", "side": "bid", "price": 0.1, "size": 23.979999999999997}, {"op": "delete", "side": "bid", "price": 0.08}, {"op": "set", "side": "bid", "price": 0.06, "size": 100.0}, {"op": "set", "side": "ask", "price": 0.74, "size": 270.27}, {"op": "set", "side": "ask", "price": 0.79, "size": 433.36}, {"op": "set", "side": "ask", "price": 0.82, "size": 130.14}]}
{"t": 1776976695.801642, "events": [{"op": "delete", "side": "bid", "price": 0.09}, {"op": "set", "side": "bid", "price": 0.07, "size": 26.0}]}
{"t": 1776976697.8306718, "events": [{"op": "set", "side": "bid", "price": 0.1, "size": 44.98}, {"op": "set", "side": "bid", "price": 0.06, "size": 112.0}, {"op": "set", "side": "bid", "price": 0.07, "size": 45.0}, {"op": "set", "side": "ask", "price": 0.74, "size": 407.27}, {"op": "set", "side": "ask", "price": 0.79, "size": 736.36}, {"op": "set", "side": "ask", "price": 0.82, "size": 689.14}]}
{"t": 1776976702.870096, "events": [{"op": "delete", "side": "bid", "price": 0.07}]}
{"t": 1776976703.879584, "events": [{"op": "set", "side": "bid", "price": 0.06, "size": 119.0}, {"op": "set", "side": "bid", "price": 0.07, "size": 27.0}, {"op": "set", "side": "bid", "price": 0.02, "size": 22.0}]}
{"t": 1776976720.0040588, "events": [{"op": "set", "side": "bid", "price": 0.06, "size": 112.0}, {"op": "set", "side": "bid", "price": 0.02, "size": 10.0}]}
{"t": 1776976721.023626, "events": [{"op": "set", "side": "bid", "price": 0.07, "size": 46.0}]}
{"t": 1776976724.061188, "events": [{"op": "set", "side": "ask", "price": 0.87, "size": 30.0}]}
{"t": 1776976725.0786262, "events": [{"op": "set", "side": "bid", "price": 0.07, "size": 19.0}]}
{"t": 1776976727.112159, "events": [{"op": "set", "side": "bid", "price": 0.08, "size": 26.0}]}
{"t": 1776976729.136172, "events": [{"op": "delete", "side": "bid", "price": 0.07}]}
{"t": 1776976730.1580229, "events": [{"op": "set", "side": "bid", "price": 0.08, "size": 45.0}]}
{"t": 1776976732.18078, "events": [{"op": "set", "side": "bid", "price": 0.08, "size": 19.0}]}
{"t": 1776976736.203402, "events": [{"op": "set", "side": "bid", "price": 0.09, "size": 24.0}]}
{"t": 1776976738.2212422, "events": [{"op": "delete", "side": "bid", "price": 0.08}, {"op": "set", "side": "ask", "price": 0.87, "size": 52.0}]}
{"t": 1776976739.229032, "events": [{"op": "set", "side": "bid", "price": 0.09, "size": 43.0}]}
{"t": 1776976741.2510169, "events": [{"op": "delete", "side": "ask", "price": 0.83}]}
{"t": 1776976746.492167, "events": [{"op": "set", "side": "bid", "price": 0.09, "size": 19.0}]}
{"t": 1776976751.5377312, "events": [{"op": "set", "side": "bid", "price": 0.07, "size": 27.0}]}
{"t": 1776976752.540415, "events": [{"op": "delete", "side": "bid", "price": 0.09}, {"op": "set", "side": "bid", "price": 0.06, "size": 119.0}, {"op": "set", "side": "bid", "price": 0.07, "size": 26.0}, {"op": "set", "side": "bid", "price": 0.02, "size": 22.0}]}
{"t": 1776976755.570341, "events": [{"op": "delete", "side": "bid", "price": 0.07}]}
{"t": 1776976756.580106, "events": [{"op": "set", "side": "bid", "price": 0.07, "size": 26.0}]}
{"t": 1776976760.616456, "events": [{"op": "set", "side": "bid", "price": 0.06, "size": 112.0}, {"op": "set", "side": "bid", "price": 0.07, "size": 19.0}, {"op": "set", "side": "bid", "price": 0.08, "size": 25.0}, {"op": "set", "side": "bid", "price": 0.02, "size": 10.0}]}
{"t": 1776976765.655814, "events": [{"op": "delete", "side": "bid", "price": 0.08}]}
{"t": 1776976766.6620412, "events": [{"op": "set", "side": "bid", "price": 0.08, "size": 25.0}]}
{"t": 1776976768.680994, "events": [{"op": "delete", "side": "ask", "price": 0.87}]}
{"t": 1776976769.6871839, "events": [{"op": "delete", "side": "bid", "price": 0.07}]}
{"t": 1776976770.703775, "events": [{"op": "set", "side": "bid", "price": 0.08, "size": 19.0}]}
{"t": 1776976771.725236, "events": [{"op": "set", "side": "bid", "price": 0.09, "size": 24.0}, {"op": "set", "side": "ask", "price": 0.83, "size": 42.0}]}
{"t": 1776976772.744343, "events": [{"op": "delete", "side": "bid", "price": 0.08}]}
{"t": 1776976773.7583098, "events": [{"op": "set", "side": "bid", "price": 0.09, "size": 43.0}]}
{"t": 1776976775.7824068, "events": [{"op": "set", "side": "bid", "price": 0.09, "size": 19.0}, {"op": "set", "side": "bid", "price": 0.07, "size": 27.0}]}
{"t": 1776976777.800158, "events": [{"op": "set", "side": "bid", "price": 0.11, "size": 75.0}, {"op": "set", "side": "ask", "price": 0.87, "size": 5.0}]}
{"t": 1776976780.8084228, "events": [{"op": "delete", "side": "bid", "price": 0.07}, {"op": "delete", "side": "ask", "price": 0.83}]}
{"t": 1776976781.81758, "events": [{"op": "set", "side": "bid", "price": 0.1, "size": 68.97999999999999}, {"op": "set", "side": "ask", "price": 0.83, "size": 41.0}]}
{"t": 1776976785.8373, "events": [{"op": "set", "side": "bid", "price": 0.1, "size": 44.97999999999999}, {"op": "delete", "side": "ask", "price": 0.83}]}
{"t": 1776976786.846972, "events": [{"op": "set", "side": "bid", "price": 0.1, "size": 68.97999999999999}, {"op": "delete", "side": "ask", "price": 0.28}, {"op": "set", "side": "ask", "price": 0.31, "size": 6.0}, {"op": "set", "side": "ask", "price": 0.83, "size": 41.0}]}
{"t": 1776976789.882459, "events": [{"op": "delete", "side": "bid", "price": 0.09}]}
{"t": 1776976790.891396, "events": [{"op": "set", "side": "bid", "price": 0.11, "size": 144.0}, {"op": "set", "side": "bid", "price": 0.1, "size": 84.97999999999999}, {"op": "set", "side": "bid", "price": 0.06, "size": 138.0}, {"op": "delete", "side": "ask", "price": 0.83}]}
{"t": 1776976791.9012082, "events": [{"op": "set", "side": "bid", "price": 0.07, "size": 27.0}, {"op": "set", "side": "ask", "price": 0.83, "size": 41.0}]}
{"t": 1776976792.913603, "events": [{"op": "set", "side": "bid", "price": 0.06, "size": 100.0}, {"op": "set", "side": "bid", "price": 0.02, "size": 47.0}, {"op": "set", "side": "ask", "price": 0.03, "size": 20.0}, {"op": "set", "side": "ask", "price": 0.31, "size": 34.0}, {"op": "set", "side": "ask", "price": 0.86, "size": 450.93}]}
{"t": 1776976793.92892, "events": [{"op": "set", "side": "bid", "price": 0.07, "size": 65.0}]}
{"t": 1776976795.9431622, "events": [{"op": "set", "side": "bid", "price": 0.07, "size": 38.0}, {"op": "set", "side": "bid", "price": 0.08, "size": 27.0}]}
{"t": 1776976798.966105, "events": [{"op": "set", "side": "bid", "price": 0.11, "size": 75.0}, {"op": "set", "side": "bid", "price": 0.1, "size": 23.97999999999999}, {"op": "delete", "side": "bid", "price": 0.07}, {"op": "set", "side": "ask", "price": 0.74, "size": 270.27}, {"op": "set", "side": "ask", "price": 0.79, "size": 433.36}, {"op": "set", "side": "ask", "price": 0.82, "size": 130.14}]}
{"t": 1776976802.004491, "events": [{"op": "delete", "side": "bid", "price": 0.08}, {"op": "set", "side": "bid", "price": 0.07, "size": 27.0}, {"op": "delete", "side": "ask", "price": 0.83}, {"op": "set", "side": "ask", "price": 0.87, "size": 38.0}]}
{"t": 1776976803.02252, "events": [{"op": "set", "side": "bid", "price": 0.11, "size": 144.0}, {"op": "set", "side": "bid", "price": 0.1, "size": 84.97999999999999}, {"op": "set", "side": "bid", "price": 0.08, "size": 38.0}, {"op": "set", "side": "ask", "price": 0.74, "size": 407.27}, {"op": "set", "side": "ask", "price": 0.79, "size": 736.36}, {"op": "set", "side": "ask", "price": 0.82, "size": 689.14}]}
{"t": 1776976806.063827, "events": [{"op": "delete", "side": "bid", "price": 0.08}, {"op": "delete", "side": "bid", "price": 0.07}, {"op": "set", "side": "bid", "price": 0.01, "size": 1019.0}]}
{"t": 1776976807.082735, "events": [{"op": "set", "side": "bid", "price": 0.11, "size": 166.0}]}
{"t": 1776976809.098349, "events": [{"op": "set", "side": "bid", "price": 0.07, "size": 38.0}]}
{"t": 1776976812.1601799, "events": [{"op": "delete", "side": "bid", "price": 0.07}]}
{"t": 1776976813.173311, "events": [{"op": "set", "side": "bid", "price": 0.11, "size": 187.0}, {"op": "set", "side": "bid", "price": 0.1, "size": 102.97999999999999}, {"op": "set", "side": "bid", "price": 0.06, "size": 149.0}, {"op": "set", "side": "ask", "price": 0.86, "size": 428.93}]}
{"t": 1776976823.281095, "events": [{"op": "set", "side": "bid", "price": 0.11, "size": 97.0}, {"op": "set", "side": "bid", "price": 0.1, "size": 23.97999999999999}, {"op": "set", "side": "bid", "price": 0.06, "size": 100.0}, {"op": "set", "side": "ask", "price": 0.74, "size": 270.27}, {"op": "set", "side": "ask", "price": 0.79, "size": 433.36}, {"op": "delete", "side": "ask", "price": 0.82}, {"op": "delete", "side": "ask", "price": 0.86}, {"op": "delete", "side": "ask", "price": 0.87}]}
{"t": 1776976825.307746, "events": [{"op": "set", "side": "bid", "price": 0.02, "size": 10.0}, {"op": "set", "side": "ask", "price": 0.8, "size": 40.0}, {"op": "set", "side": "ask", "price": 0.81, "size": 23.14}]}
{"t": 1776976826.322222, "events": [{"op": "set", "side": "bid", "price": 0.11, "size": 187.0}, {"op": "set", "side": "bid", "price": 0.1, "size": 102.97999999999999}, {"op": "set", "side": "bid", "price": 0.06, "size": 149.0}, {"op": "set", "side": "bid", "price": 0.01, "size": 1006.0}, {"op": "set", "side": "ask", "price": 0.74, "size": 544.27}, {"op": "set", "side": "ask", "price": 0.79, "size": 1159.3600000000001}]}
{"t": 1776976829.35049, "events": [{"op": "set", "side": "bid", "price": 0.02, "size": 57.0}, {"op": "set", "side": "ask", "price": 0.82, "size": 22.0}]}
{"t": 1776976830.3663218, "events": [{"op": "set", "side": "ask", "price": 0.74, "size": 407.27}, {"op": "set", "side": "ask", "price": 0.79, "size": 736.3600000000001}]}
{"t": 1776976831.380969, "events": [{"op": "set", "side": "ask", "price": 0.8, "size": 559.0}, {"op": "set", "side": "ask", "price": 0.81, "size": 40.0}]}
{"t": 1776976834.404785, "events": [{"op": "delete", "side": "ask", "price": 0.8}]}
{"t": 1776976836.4244428, "events": [{"op": "set", "side": "ask", "price": 0.81, "size": 559.0}, {"op": "set", "side": "ask", "price": 0.82, "size": 44.86}]}
{"t": 1776976837.434342, "events": [{"op": "set", "side": "ask", "price": 0.82, "size": 22.0}, {"op": "set", "side": "ask", "price": 0.83, "size": 37.0}]}
{"t": 1776976839.444206, "events": [{"op": "set", "side": "bid", "price": 0.11, "size": 112.0}, {"op": "delete", "side": "ask", "price": 0.81}]}
{"t": 1776976840.4514198, "events": [{"op": "set", "side": "bid", "price": 0.11, "size": 90.0}, {"op": "set", "side": "bid", "price": 0.13, "size": 22.0}, {"op": "set", "side": "bid", "price": 0.12, "size": 70.0}, {"op": "set", "side": "ask", "price": 0.82, "size": 581.0}, {"op": "set", "side": "ask", "price": 0.83, "size": 59.59}]}
{"t": 1776976841.461482, "events": [{"op": "set", "side": "bid", "price": 0.07, "size": 6.0}, {"op": "set", "side": "ask", "price": 0.31, "size": 28.0}, {"op": "set", "side": "ask", "price": 0.32, "size": 6.0}]}
{"t": 1776976842.471614, "events": [{"op": "set", "side": "ask", "price": 0.82, "size": 559.0}]}
{"t": 1776976843.4774091, "events": [{"op": "delete", "side": "bid", "price": 0.11}, {"op": "set", "side": "bid", "price": 0.06, "size": 100.0}, {"op": "delete", "side": "ask", "price": 0.82}, {"op": "set", "side": "ask", "price": 0.83, "size": 59.0}]}
{"t": 1776976844.4879239, "events": [{"op": "set", "side": "bid", "price": 0.13, "size": 43.0}, {"op": "set", "side": "bid", "price": 0.12, "size": 88.0}, {"op": "set", "side": "bid", "price": 0.1, "size": 35.97999999999999}, {"op": "set", "side": "ask", "price": 0.83, "size": 618.0}]}
{"t": 1776976856.5596192, "events": [{"op": "set", "side": "bid", "price": 0.12, "size": 87.0}, {"op": "set", "side": "bid", "price": 0.1, "size": 31.97999999999999}, {"op": "set", "side": "ask", "price": 0.83, "size": 477.0}]}
{"t": 1776976857.581012, "events": [{"op": "set", "side": "bid", "price": 0.13, "size": 53.0}, {"op": "set", "side": "ask", "price": 0.74, "size": 492.27}, {"op": "set", "side": "ask", "price": 0.79, "size": 794.3600000000001}]}
{"t": 1776976861.608445, "events": [{"op": "set", "side": "bid", "price": 0.13, "size": 31.0}, {"op": "set", "side": "ask", "price": 0.83, "size": 440.0}, {"op": "set", "side": "ask", "price": 0.84, "size": 144.0}]}
{"t": 1776976862.621618, "events": [{"op": "delete", "side": "bid", "price": 0.13}, {"op": "set", "side": "bid", "price": 0.11, "size": 25.0}, {"op": "set", "side": "bid", "price": 0.02, "size": 10.0}, {"op": "set", "side": "ask", "price": 0.85, "size": 33.0}]}
{"t": 1776976863.631295, "events": [{"op": "set", "side": "ask", "price": 0.83, "size": 418.0}]}
{"t": 1776976864.6476958, "events": [{"op": "set", "side": "bid", "price": 0.12, "size": 166.0}, {"op": "set", "side": "bid", "price": 0.1, "size": 76.97999999999999}, {"op": "set", "side": "bid", "price": 0.07, "size": 30.0}]}
{"t": 1776976867.673836, "events": [{"op": "set", "side": "bid", "price": 0.02, "size": 54.0}]}
{"t": 1776976873.730138, "events": [{"op": "set", "side": "bid", "price": 0.12, "size": 70.0}, {"op": "set", "side": "bid", "price": 0.1, "size": 23.97999999999999}, {"op": "set", "side": "bid", "price": 0.07, "size": 6.0}, {"op": "set", "side": "ask", "price": 0.74, "size": 270.27}, {"op": "set", "side": "ask", "price": 0.79, "size": 433.3600000000001}, {"op": "delete", "side": "ask", "price": 0.83}]}
{"t": 1776976875.765492, "events": [{"op": "set", "side": "bid", "price": 0.11, "size": 78.0}, {"op": "set", "side": "bid", "price": 0.1, "size": 47.97999999999999}, {"op": "set", "side": "ask", "price": 0.85, "size": 55.0}]}
{"t": 1776976876.771445, "events": [{"op": "set", "side": "bid", "price": 0.12, "size": 189.0}, {"op": "set", "side": "bid", "price": 0.11, "size": 53.0}, {"op": "set", "side": "ask", "price": 0.74, "size": 492.27}, {"op": "set", "side": "ask", "price": 0.79, "size": 794.3600000000001}, {"op": "set", "side": "ask", "price": 0.84, "size": 562.0}]}
{"t": 1776976879.8108459, "events": [{"op": "set", "side": "ask", "price": 0.85, "size": 33.0}]}
{"t": 1776976880.821571, "events": [{"op": "set", "side": "bid", "price": 0.12, "size": 221.0}, {"op": "delete", "side": "bid", "price": 0.11}, {"op": "set", "side": "bid", "price": 0.1, "size": 93.97999999999999}, {"op": "set", "side": "bid", "price": 0.07, "size": 38.0}]}
{"t": 1776976889.923457, "events": [{"op": "set", "side": "ask", "price": 0.85, "size": 55.0}]}
{"t": 1776976920.486104, "events": [{"op": "set", "side": "bid", "price": 0.07, "size": 32.0}]}
{"t": 1776976921.492095, "events": [{"op": "set", "side": "bid", "price": 0.09, "size": 6.0}, {"op": "set", "side": "ask", "price": 0.82, "size": 1.0}]}
{"t": 1776976929.578751, "events": [{"op": "delete", "side": "bid", "price": 0.07}, {"op": "set", "side": "ask", "price": 0.84, "size": 144.0}]}
{"t": 1776976930.605024, "events": [{"op": "set", "side": "bid", "price": 0.09, "size": 38.0}, {"op": "set", "side": "ask", "price": 0.82, "size": 419.0}]}
{"t": 1776976943.753908, "events": [{"op": "set", "side": "bid", "price": 0.03, "size": 10.0}]}
{"t": 1776976944.764436, "events": [{"op": "set", "side": "bid", "price": 0.03, "size": 20.0}]}
{"t": 1776976951.80752, "events": [{"op": "set", "side": "bid", "price": 0.03, "size": 70.0}]}
{"t": 1776976952.8141499, "events": [{"op": "set", "side": "bid", "price": 0.04, "size": 30.0}]}
{"t": 1776976954.828237, "events": [{"op": "set", "side": "ask", "price": 0.8, "size": 30.0}]}
{"t": 1776976969.9200552, "events": [{"op": "set", "side": "ask", "price": 0.82, "size": 1.0}]}
{"t": 1776976970.939878, "events": [{"op": "set", "side": "ask", "price": 0.8, "size": 448.0}, {"op": "set", "side": "ask", "price": 0.81, "size": 50.0}]}
{"t": 1776976999.238602, "events": [{"op": "set", "side": "bid", "price": 0.09, "size": 32.0}, {"op": "set", "side": "bid", "price": 0.02, "size": 79.0}]}
{"t": 1776977000.277825, "events": [{"op": "set", "side": "bid", "price": 0.1, "size": 99.97999999999999}]}
{"t": 1776977009.313969, "events": [{"op": "set", "side": "bid", "price": 0.06, "size": 132.0}, {"op": "delete", "side": "bid", "price": 0.09}]}
{"t": 1776977027.54447, "events": [{"op": "set", "side": "bid", "price": 0.12, "size": 93.0}, {"op": "set", "side": "bid", "price": 0.1, "size": 29.97999999999999}, {"op": "set", "side": "bid", "price": 0.06, "size": 100.0}, {"op": "set", "side": "bid", "price": 0.02, "size": 35.0}, {"op": "set", "side": "ask", "price": 0.31, "size": 78.0}, {"op": "set", "side": "ask", "price": 0.74, "size": 270.27}, {"op": "set", "side": "ask", "price": 0.79, "size": 433.3600000000001}, {"op": "set", "side": "ask", "price": 0.8, "size": 30.0}]}
{"t": 1776977032.5981371, "events": [{"op": "set", "side": "bid", "price": 0.12, "size": 221.0}, {"op": "set", "side": "bid", "price": 0.1, "size": 99.97999999999999}, {"op": "set", "side": "bid", "price": 0.06, "size": 132.0}, {"op": "delete", "side": "ask", "price": 0.3}, {"op": "set", "side": "ask", "price": 0.31, "size": 28.0}, {"op": "set", "side": "ask", "price": 0.32, "size": 39.0}, {"op": "set", "side": "ask", "price": 0.74, "size": 492.27}, {"op": "set", "side": "ask", "price": 0.79, "size": 794.3600000000001}, {"op": "set", "side": "ask", "price": 0.8, "size": 448.0}]}
{"t": 1776977033.6091561, "events": [{"op": "set", "side": "bid", "price": 0.07, "size": 50.0}, {"op": "set", "side": "ask", "price": 0.82, "size": 17.0}, {"op": "set", "side": "ask", "price": 0.85, "size": 33.0}]}
{"t": 1776977036.641244, "events": [{"op": "set", "side": "bid", "price": 0.06, "size": 100.0}, {"op": "set", "side": "bid", "price": 0.02, "size": 85.0}]}
{"t": 1776977037.65825, "events": [{"op": "set", "side": "bid", "price": 0.07, "size": 82.0}]}
{"t": 1776977049.7190678, "events": [{"op": "set", "side": "ask", "price": 0.85, "size": 55.0}]}
{"t": 1776977076.963868, "events": [{"op": "set", "side": "bid", "price": 0.1, "size": 93.97999999999999}, {"op": "set", "side": "bid", "price": 0.09, "size": 6.0}, {"op": "set", "side": "ask", "price": 0.82, "size": 16.0}]}
{"t": 1776977080.016404, "events": [{"op": "delete", "side": "ask", "price": 0.82}]}
{"t": 1776977088.161928, "events": [{"op": "set", "side": "bid", "price": 0.07, "size": 50.0}, {"op": "set", "side": "bid", "price": 0.09, "size": 38.0}]}
{"t": 1776977122.517152, "events": [{"op": "set", "side": "bid", "price": 0.03, "size": 50.0}]}
{"t": 1776977130.577865, "events": [{"op": "set", "side": "bid", "price": 0.12, "size": 93.0}, {"op": "set", "side": "bid", "price": 0.1, "size": 23.97999999999999}, {"op": "set", "side": "bid", "price": 0.09, "size": 6.0}, {"op": "delete", "side": "bid", "price": 0.03}, {"op": "delete", "side": "bid", "price": 0.04}, {"op": "set", "side": "ask", "price": 0.74, "size": 270.27}, {"op": "set", "side": "ask", "price": 0.79, "size": 433.3600000000001}, {"op": "delete", "side": "ask", "price": 0.8}]}
{"t": 1776977139.678973, "events": [{"op": "delete", "side": "bid", "price": 0.12}, {"op": "set", "side": "bid", "price": 0.02, "size": 35.0}]}
{"t": 1776977140.685889, "events": [{"op": "set", "side": "bid", "price": 0.08, "size": 27.0}]}
{"t": 1776977142.697314, "events": [{"op": "delete", "side": "bid", "price": 0.08}]}
{"t": 1776977143.710815, "events": [{"op": "set", "side": "bid", "price": 0.08, "size": 27.0}]}
{"t": 1776977162.883772, "events": [{"op": "delete", "side": "bid", "price": 0.08}]}
{"t": 1776977163.902998, "events": [{"op": "set", "side": "bid", "price": 0.08, "size": 27.0}]}
{"t": 1776977172.967772, "events": [{"op": "delete", "side": "bid", "price": 0.08}]}
{"t": 1776977173.988137, "events": [{"op": "set", "side": "bid", "price": 0.08, "size": 27.0}]}
{"t": 1776977178.0147588, "events": [{"op": "delete", "side": "bid", "price": 0.08}]}
{"t": 1776977179.031447, "events": [{"op": "set", "side": "bid", "price": 0.08, "size": 27.0}]}
{"t": 1776977188.102825, "events": [{"op": "delete", "side": "bid", "price": 0.08}]}
{"t": 1776977189.113677, "events": [{"op": "set", "side": "bid", "price": 0.08, "size": 27.0}]}
{"t": 1776977193.131026, "events": [{"op": "delete", "side": "bid", "price": 0.08}]}
{"t": 1776977194.136759, "events": [{"op": "set", "side": "bid", "price": 0.08, "size": 27.0}]}
{"t": 1776977196.146487, "events": [{"op": "delete", "side": "bid", "price": 0.07}, {"op": "delete", "side": "ask", "price": 0.81}]}
{"t": 1776977198.152189, "events": [{"op": "delete", "side": "bid", "price": 0.08}, {"op": "set", "side": "bid", "price": 0.07, "size": 27.0}]}
{"t": 1776977222.433148, "events": [{"op": "set", "side": "bid", "price": 0.02, "size": 10.0}]}
{"t": 1776977223.440479, "events": [{"op": "set", "side": "bid", "price": 0.03, "size": 17.0}]}
{"t": 1776977267.688226, "events": [{"op": "delete", "side": "bid", "price": 0.07}]}
{"t": 1776977268.70748, "events": [{"op": "set", "side": "bid", "price": 0.07, "size": 27.0}]}
{"t": 1776977272.737962, "events": [{"op": "delete", "side": "bid", "price": 0.07}]}
{"t": 1776977273.756143, "events": [{"op": "set", "side": "bid", "price": 0.07, "size": 27.0}]}
{"t": 1776977277.790047, "events": [{"op": "delete", "side": "bid", "price": 0.07}]}
{"t": 1776977278.801497, "events": [{"op": "set", "side": "bid", "price": 0.07, "size": 27.0}]}
{"t": 1776977282.825737, "events": [{"op": "delete", "side": "bid", "price": 0.07}]}
{"t": 1776977283.8374531, "events": [{"op": "set", "side": "bid", "price": 0.07, "size": 27.0}]}
{"t": 1776977287.8663838, "events": [{"op": "delete", "side": "bid", "price": 0.07}]}
{"t": 1776977288.873503, "events": [{"op": "set", "side": "bid", "price": 0.07, "size": 27.0}]}
{"t": 1776977302.961094, "events": [{"op": "delete", "side": "bid", "price": 0.07}]}
{"t": 1776977303.9781928, "events": [{"op": "set", "side": "bid", "price": 0.07, "size": 27.0}]}
{"t": 1776977308.005868, "events": [{"op": "delete", "side": "bid", "price": 0.07}]}
{"t": 1776977309.012993, "events": [{"op": "set", "side": "bid", "price": 0.07, "size": 27.0}]}
{"t": 1776977318.0772748, "events": [{"op": "delete", "side": "bid", "price": 0.07}]}
{"t": 1776977319.093371, "events": [{"op": "set", "side": "bid", "price": 0.07, "size": 27.0}]}
{"t": 1776977323.1296482, "events": [{"op": "delete", "side": "bid", "price": 0.07}]}
{"t": 1776977324.143703, "events": [{"op": "set", "side": "bid", "price": 0.07, "size": 27.0}]}
{"t": 1776977333.203201, "events": [{"op": "delete", "side": "bid", "price": 0.07}]}
{"t": 1776977334.2134001, "events": [{"op": "set", "side": "bid", "price": 0.07, "size": 27.0}]}
{"t": 1776977351.295446, "events": [{"op": "set", "side": "ask", "price": 0.85, "size": 33.0}]}
{"t": 1776977353.314181, "events": [{"op": "set", "side": "bid", "price": 0.07, "size": 28.0}]}
{"t":1776978857.7338,"e":[[1,0,0.02,10.0],[0,1,0.75]]}
{"t":1776978858.741338,"e":[[1,0,0.16,22.0],[1,0,0.15,20.0],[1,0,0.18,498.0],[1,0,0.17,114.0],[1,0,0.02,57.0],[1,1,0.74,515.27],[1,1,0.79,914.02],[1,1,0.8,68.0],[1,1,0.77,7.0]]}
{"t":1776978859.757362,"e":[[1,0,0.18,521.0]]}
{"t":1776978862.78689,"e":[[1,0,0.18,228.0],[0,0,0.16],[0,0,0.17],[1,1,0.74,270.27],[1,1,0.79,753.02]]}
{"t":1776978863.79263,"e":[[1,0,0.18,524.0],[1,0,0.1,73.98],[1,0,0.15,120.0],[1,1,0.77,310.0],[1,1,0.8,222.0],[1,1,0.81,1.51]]}
{"t":1776978869.856717,"e":[[0,0,0.18],[1,0,0.1,23.980000000000004],[1,0,0.15,6.0],[1,0,0.02,10.0],[1,1,0.77,7.0],[1,1,0.79,540.02],[1,1,0.8,33.0],[1,1,0.81,0.51]]}
{"t":1776978870.8758981,"e":[[1,0,0.07,29.0]]}
{"t":1776978873.903151,"e":[[1,0,0.15,12.0],[1,0,0.1,27.980000000000004],[0,0,0.07],[1,0,0.17,522.0],[1,0,0.16,102.0],[1,0,0.02,60.0],[1,1,0.77,333.0],[1,1,0.79,840.02],[1,1,0.8,70.0]]}
{"t":1776978880.958843,"e":[[1,0,0.17,293.0],[0,0,0.16],[1,1,0.77,311.0],[1,1,0.79,784.02]]}
{"t":1776978881.977016,"e":[[1,0,0.17,269.0],[1,0,0.1,113.98],[1,0,0.15,185.0],[1,0,0.18,200.0],[1,0,0.16,25.0],[1,1,0.8,276.0],[1,1,0.81,1.51]]}
{"t":1776978883.9935749,"e":[[0,0,0.16]]}
{"t":1776978885.000291,"e":[[1,0,0.16,25.0]]}
{"t":1776978892.061598,"e":[[1,0,0.18,168.0],[1,0,0.1,23.980000000000004],[1,0,0.15,35.0],[1,0,0.17,29.0],[1,1,0.8,70.0]]}
{"t":1776978893.067925,"e":[[1,0,0.16,80.0],[1,1,0.8,333.0]]}
{"t":1776978894.083298,"e":[[1,0,0.18,76.0],[1,0,0.16,23.0],[1,0,0.15,20.0],[1,0,0.17,57.0],[1,1,0.77,343.0],[1,1,0.79,821.02]]}
{"t":1776978901.116956,"e":[[1,0,0.18,26.0],[0,0,0.16],[1,0,0.15,12.0],[1,0,0.17,51.0],[1,1,0.77,303.0]]}
{"t":1776978902.12876,"e":[[1,0,0.1,29.980000000000004],[1,0,0.15,141.0],[1,0,0.17,289.0],[1,0,0.02,10.0],[1,1,0.79,801.02],[1,1,0.81,1.0]]}
{"t":1776978903.141529,"e":[[1,0,0.15,140.0],[1,0,0.02,61.0]]}
{"t":1776978904.1533298,"e":[[1,0,0.17,267.0]]}
{"t":1776978905.168921,"e":[[1,0,0.1,23.980000000000004],[1,0,0.17,29.0],[1,0,0.16,25.0],[1,1,0.79,784.02]]}
{"t":1776978906.199552,"e":[[1,0,0.18,105.0],[1,0,0.16,64.0],[1,0,0.15,27.0],[1,1,0.77,327.0],[1,1,0.79,813.02]]}
{"t":1776978909.223537,"e":[[0,0,0.18],[1,0,0.16,24.0],[1,0,0.15,5.0],[0,0,0.17],[1,1,0.77,7.0],[1,1,0.79,540.02],[1,1,0.8,33.0],[0,1,0.81]]}
{"t":1776978910.24915,"e":[[1,0,0.17,4.0],[1,0,0.02,10.0],[1,1,0.77,47.0],[1,1,0.79,577.02]]}
{"t":1776978913.274387,"e":[[1,0,0.08,1.0]]}
{"t":1776978914.3329191,"e":[[1,0,0.17,73.0],[1,0,0.16,23.0],[1,0,0.18,521.0],[1,0,0.02,57.0],[1,1,0.77,631.0],[1,1,0.79,1289.02],[1,1,0.8,35.0]]}
{"t":1776978924.409956,"e":[[1,0,0.18,460.0],[0,0,0.16],[1,0,0.1,73.98],[1,0,0.15,106.0],[0,0,0.17],[1,0,0.19,200.0],[1,1,0.77,329.0],[1,1,0.79,814.02],[1,1,0.8,409.0]]}
{"t":1776978925.425715,"e":[[1,0,0.16,26.0]]}
{"t":1776978929.4566789,"e":[[0,0,0.19],[1,0,0.1,23.980000000000004],[1,1,0.8,408.0]]}
{"t":1776978930.468961,"e":[[1,0,0.18,112.0],[1,0,0.15,28.0],[1,0,0.16,67.0],[1,0,0.17,29.0],[1,1,0.77,327.0],[1,1,0.79,813.02],[1,1,0.8,333.0],[1,1,0.81,1.0]]}
{"t":1776978933.487251,"e":[[0,0,0.18],[0,0,0.16],[1,0,0.15,5.0],[0,0,0.17],[1,0,0.02,10.0],[1,1,0.77,7.0],[1,1,0.79,540.02],[1,1,0.8,33.0],[0,1,0.81]]}
{"t":1776978934.500247,"e":[[1,0,0.15,20.0],[1,0,0.18,522.0],[1,0,0.16,23.0],[1,0,0.17,85.0],[1,0,0.02,49.0],[1,1,0.77,350.0],[1,1,0.79,840.02],[1,1,0.8,71.0]]}
{"t":1776978935.520254,"e":[[0,0,0.08]]}
{"t":1776978937.528013,"e":[[1,0,0.18,224.0],[0,0,0.16],[1,0,0.1,73.98],[1,0,0.15,118.0],[0,0,0.17],[1,0,0.19,289.0],[1,1,0.77,317.0],[1,1,0.79,788.02],[1,1,0.8,283.0]]}
{"t":1776978939.546706,"e":[[0,0,0.19],[0,0,0.18],[1,0,0.16,26.0],[1,1,0.8,282.0]]}
{"t":1776978940.554606,"e":[[1,0,0.16,77.0],[1,0,0.1,46.980000000000004],[1,0,0.15,38.0],[1,0,0.17,88.0],[1,1,0.77,327.0],[1,1,0.79,813.02],[1,1,0.8,333.0],[1,1,0.81,1.0]]}
{"t":1776978942.8010938,"e":[[1,0,0.17,41.0],[1,0,0.1,23.980000000000004],[1,0,0.15,5.0],[1,0,0.16,54.0],[1,1,0.77,317.0],[1,1,0.79,788.02],[1,1,0.8,35.0],[0,1,0.81]]}
{"t":1776978943.870709,"e":[[1,0,0.17,64.0],[1,0,0.16,28.0],[1,0,0.18,71.0],[1,1,0.77,631.0],[1,1,0.79,1289.02]]}
{"t":1776978944.886556,"e":[[1,0,0.18,27.0],[0,0,0.16],[1,1,0.77,333.0],[1,1,0.79,815.02]]}
{"t":1776978945.9015749,"e":[[1,0,0.1,30.980000000000004],[1,0,0.15,19.0],[1,0,0.17,401.0],[1,0,0.09,1.0],[1,1,0.8,408.0],[1,1,0.81,1.0]]}
{"t":1776978948.94264,"e":[[1,0,0.17,378.0]]}
{"t":1776978949.955148,"e":[[1,0,0.16,25.0]]}
{"t":1776978951.96692,"e":[[0,0,0.09]]}
{"t":1776978958.996638,"e":[[1,0,0.1,23.980000000000004],[1,0,0.17,41.0]]}
{"t":1776978960.003504,"e":[[1,0,0.18,45.0],[1,0,0.16,50.0],[1,0,0.17,29.0],[1,0,0.02,10.0],[1,1,0.77,331.0],[1,1,0.8,333.0]]}
{"t":1776978963.0350468,"e":[[1,0,0.18,27.0],[1,0,0.15,5.0],[1,0,0.02,55.0],[1,1,0.77,317.0],[1,1,0.79,788.02],[1,1,0.8,35.0],[0,1,0.81]]}
{"t":1776978964.042811,"e":[[1,0,0.18,54.0],[1,0,0.16,47.0],[1,0,0.17,35.0],[1,1,0.77,631.0],[1,1,0.79,1289.02]]}
{"t":1776978965.0576031,"e":[[1,0,0.09,1.0]]}
{"t":1776978975.102098,"e":[[1,0,0.18,60.0],[1,0,0.17,33.0]]}
{"t":1776978979.146398,"e":[[0,0,0.18],[0,0,0.16],[0,0,0.17],[1,1,0.77,7.0],[1,1,0.79,540.02],[1,1,0.8,33.0]]}
{"t":1776978980.1624022,"e":[[1,0,0.07,29.0],[1,0,0.02,10.0]]}
{"t":1776978982.174557,"e":[[1,0,0.15,10.0],[1,0,0.17,499.0],[1,0,0.16,36.0],[1,0,0.02,53.0],[1,1,0.77,631.0],[1,1,0.79,1289.02],[1,1,0.8,35.0]]}
{"t":1776978983.1908631,"e":[[0,0,0.09]]}
{"t":1776978984.203895,"e":[[1,0,0.17,523.0],[0,0,0.07],[1,0,0.01,1006.0]]}
{"t":1776978985.210424,"e":[[1,0,0.03,9.0]]}
{"t":1776978987.2190342,"e":[[1,0,0.17,339.0],[0,0,0.16],[1,1,0.77,335.0],[1,1,0.79,817.02]]}
{"t":1776978988.237164,"e":[[1,0,0.1,73.98],[1,0,0.15,175.0],[1,0,0.18,200.0],[1,1,0.8,408.0],[1,1,0.81,1.0]]}
{"t":1776978989.257904,"e":[[1,0,0.17,315.0],[1,0,0.16,25.0]]}
{"t":1776978995.287495,"e":[[1,0,0.18,145.0],[1,0,0.1,23.980000000000004],[1,0,0.15,30.0],[1,0,0.17,29.0],[1,1,0.77,333.0],[1,1,0.79,816.02],[1,1,0.8,333.0]]}
{"t":1776978996.2944121,"e":[[1,0,0.16,71.0]]}
{"t":1776978998.314678,"e":[[1,0,0.15,5.0],[0,1,0.77]]}
{"t":1776978999.3208299,"e":[[1,0,0.18,70.0],[1,0,0.16,48.0],[1,0,0.17,38.0],[1,1,0.79,1102.02],[1,1,0.8,290.0]]}
{"t":1776979001.330666,"e":[[1,0,0.18,61.0],[1,0,0.16,47.0],[1,0,0.17,33.0],[1,0,0.08,1.0],[1,1,0.79,1131.02],[1,1,0.8,408.0]]}
{"t":1776979005.3668659,"e":[[1,0,0.18,60.0],[1,0,0.17,29.0],[1,1,0.79,823.02]]}
{"t":1776979006.375099,"e":[[0,0,0.18],[0,0,0.16],[0,0,0.15],[0,0,0.17],[1,0,0.02,10.0],[1,1,0.79,547.02],[1,1,0.8,33.0],[0,1,0.81]]}
{"t":1776979009.408774,"e":[[1,0,0.1,50.980000000000004],[1,0,0.12,498.0],[1,0,0.11,75.0],[1,0,0.07,29.0],[1,1,0.79,1134.02],[1,1,0.8,62.0]]}
{"t":1776979012.437783,"e":[[1,0,0.12,68.0],[1,0,0.11,39.0],[0,0,0.08],[1,0,0.02,53.0],[1,1,0.79,1139.02],[1,1,0.8,301.0],[1,1,0.81,1.0]]}
{"t":1776979013.4490461,"e":[[1,1,0.79,1134.02],[1,1,0.8,62.0]]}
{"t":1776979014.457608,"e":[[1,0,0.12,70.0],[1,0,0.11,40.0],[1,0,0.07,28.0],[1,1,0.79,1151.02],[1,1,0.8,375.0],[1,1,0.81,2.0],[1,1,0.82,750.0]]}
{"t":1776979015.468698,"e":[[1,0,0.02,153.0],[1,1,0.79,1134.02],[1,1,0.8,346.0],[1,1,0.81,1.0],[1,1,0.83,38.0]]}
{"t":1776979016.473633,"e":[[1,1,0.79,1171.02],[0,1,0.8],[0,1,0.81],[1,1,0.82,1499.0],[1,1,0.83,41.0]]}
{"t":1776979021.503144,"e":[[0,0,0.12],[0,0,0.11],[1,0,0.1,23.980000000000004],[1,0,0.02,110.0],[1,1,0.79,547.02],[1,1,0.82,750.0],[1,1,0.83,38.0]]}
{"t":1776979023.5258439,"e":[[1,0,0.1,50.980000000000004],[1,0,0.12,498.0],[1,0,0.11,50.0],[1,0,0.02,10.0],[1,1,0.79,1171.02],[1,1,0.82,1499.0],[1,1,0.83,41.0]]}
{"t":1776979024.5338361,"e":[[1,0,0.11,76.0],[0,0,0.07]]}
{"t":1776979026.555629,"e":[[1,0,0.13,21.0],[1,0,0.02,59.0],[1,1,0.83,46.0]]}
{"t":1776979028.569408,"e":[[1,0,0.11,50.0],[1,0,0.02,159.0]]}
{"t":1776979029.587926,"e":[[1,0,0.13,5.0],[0,0,0.12],[1,0,0.11,26.0],[1,0,0.1,23.980000000000004]]}
{"t":1776979030.603501,"e":[[1,0,0.13,30.0],[1,0,0.15,66.0],[1,0,0.14,37.0],[1,0,0.02,110.0]]}
{"t":1776979032.6179898,"e":[[1,0,0.13,14.0]]}
{"t":1776979033.631568,"e":[[1,0,0.15,28.0],[1,0,0.14,13.0],[0,0,0.11],[1,0,0.02,158.0]]}
{"t":1776979034.644863,"e":[[1,0,0.11,26.0]]}
{"t":1776979038.681684,"e":[[0,0,0.11]]}
{"t":1776979039.688419,"e":[[1,0,0.15,17.0],[1,0,0.13,11.0],[1,0,0.11,26.0],[1,0,0.07,16.0]]}
{"t":1776979040.7005498,"e":[[1,0,0.14,10.0]]}
{"t":1776979041.708986,"e":[[0,0,0.15],[0,0,0.14]]}
{"t":1776979042.716481,"e":[[1,0,0.13,20.0],[1,0,0.11,42.0],[1,1,0.79,548.02],[1,1,0.82,1000.0],[1,1,0.83,381.0],[1,1,0.84,747.0]]}
{"t":1776979043.7256699,"e":[[1,0,0.11,16.0],[1,0,0.08,27.0],[1,1,0.85,37.0]]}
{"t":1776979046.756191,"e":[[1,0,0.13,11.0],[0,0,0.11]]}
{"t":1776979047.772817,"e":[[1,0,0.13,26.0],[1,0,0.1,37.980000000000004]]}
{"t":1776979048.783055,"e":[[1,0,0.13,11.0],[0,0,0.08]]}
{"t":1776979049.796087,"e":[[1,0,0.13,31.0],[1,0,0.1,42.980000000000004],[1,0,0.08,27.0]]}
{"t":1776979050.810624,"e":[[1,0,0.13,36.0],[1,0,0.1,46.980000000000004]]}
{"t":1776979058.879385,"e":[[0,0,0.08]]}
{"t":1776979059.897089,"e":[[1,0,0.11,24.0]]}
{"t":1776979063.923606,"e":[[1,0,0.13,11.0],[0,0,0.11],[1,0,0.1,23.980000000000004],[1,0,0.08,27.0]]}
{"t":1776979064.9312482,"e":[[1,0,0.13,40.0],[1,0,0.11,27.0]]}
{"t":1776979066.949738,"e":[[0,0,0.11]]}
{"t":1776979067.955457,"e":[[1,0,0.1,54.980000000000004]]}
{"t":1776979068.960734,"e":[[1,0,0.13,11.0],[0,0,0.08],[1,0,0.11,24.0]]}
{"t":1776979069.968309,"e":[[1,0,0.13,46.0]]}
{"t":1776979073.985497,"e":[[0,0,0.11]]}
{"t":1776979074.997067,"e":[[1,0,0.13,11.0],[1,0,0.1,23.980000000000004],[1,0,0.11,24.0]]}
{"t":1776979076.0149,"e":[[1,0,0.13,49.0],[1,0,0.11,60.0]]}
{"t":1776979077.01964,"e":[[1,0,0.13,11.0]]}
{"t":1776979078.0877068,"e":[[1,0,0.13,54.0],[1,0,0.11,62.0]]}
{"t":1776979079.104359,"e":[[1,0,0.13,11.0],[1,0,0.11,60.0]]}
{"t":1776979080.118677,"e":[[1,0,0.13,57.0],[1,0,0.11,66.0]]}
{"t":1776979081.134896,"e":[[1,0,0.13,5.0],[1,0,0.11,24.0],[1,1,0.79,547.02],[1,1,0.82,750.0],[1,1,0.83,5.0],[0,1,0.84]]}
{"t":1776979082.147449,"e":[[1,0,0.13,54.0],[1,0,0.11,33.0],[1,0,0.02,110.0],[1,1,0.83,44.0],[0,1,0.85]]}
{"t":1776979084.171616,"e":[[1,0,0.13,42.0],[1,0,0.11,66.0],[1,1,0.79,548.02],[1,1,0.82,1000.0],[1,1,0.83,381.0],[1,1,0.84,747.0]]}
{"t":1776979085.186368,"e":[[1,1,0.85,36.0]]}
{"t":1776979086.203367,"e":[[1,0,0.13,36.31]]}
{"t":1776979087.206999,"e":[[0,0,0.13],[1,0,0.11,33.0]]}
{"t":1776979088.2138398,"e":[[1,0,0.11,107.0],[1,0,0.1,93.98],[0,0,0.07]]}
{"t":1776979095.268043,"e":[[1,0,0.12,70.0],[1,0,0.02,153.0]]}
{"t":1776979096.274104,"e":[[1,0,0.11,24.0]]}
{"t":1776979097.281425,"e":[[1,0,0.12,275.0],[1,0,0.1,223.98000000000002],[1,0,0.13,1.0]]}
{"t":1776979099.301047,"e":[[1,0,0.11,25.0]]}
{"t":1776979101.320009,"e":[[1,1,0.31,30.0],[0,1,0.32]]}
{"t":1776979102.3232388,"e":[[0,0,0.13],[1,0,0.12,70.0],[1,0,0.1,23.980000000000018],[1,0,0.02,53.0],[1,1,0.79,547.02],[1,1,0.82,750.0],[1,1,0.83,5.0],[0,1,0.84]]}
{"t":1776979103.338912,"e":[[1,1,0.83,43.0],[0,1,0.85]]}
{"t":1776979107.379297,"e":[[1,0,0.12,569.0],[1,0,0.11,225.0],[1,0,0.13,2.0],[1,1,0.79,548.02],[1,1,0.82,1000.0],[1,1,0.83,381.0],[1,1,0.84,747.0],[1,1,0.85,33.0]]}
{"t":1776979109.390201,"e":[[1,0,0.12,593.0],[1,0,0.11,200.0]]}
{"t":1776979111.404879,"e":[[0,0,0.13],[1,0,0.12,94.0],[0,0,0.11],[1,1,0.79,547.02],[1,1,0.82,750.0],[1,1,0.83,43.0],[0,1,0.84],[0,1,0.85]]}
{"t":1776979113.428629,"e":[[1,0,0.12,593.0],[1,0,0.1,290.98],[1,0,0.13,2.0],[1,1,0.79,548.02],[1,1,0.82,1000.0],[1,1,0.83,419.0],[1,1,0.84,747.0]]}
{"t":1776979114.437589,"e":[[1,1,0.83,381.0],[1,1,0.85,33.0]]}
{"t":1776979118.460242,"e":[[1,0,0.1,439.98]]}
{"t":1776979130.556236,"e":[[0,0,0.13],[1,0,0.12,94.0],[1,0,0.1,23.980000000000018],[1,0,0.02,10.0],[1,1,0.79,547.02],[1,1,0.82,750.0],[1,1,0.83,5.0],[0,1,0.84],[0,1,0.85]]}
{"t":1776979132.568574,"e":[[1,0,0.12,593.0],[1,0,0.1,290.98],[1,0,0.13,2.0],[1,0,0.02,53.0],[1,1,0.79,548.02],[1,1,0.82,1000.0],[1,1,0.83,381.0],[1,1,0.8,42.0],[1,1,0.84,747.0]]}
{"t":1776979134.59286,"e":[[0,1,0.8],[1,1,0.83,419.0]]}
{"t":1776979135.5978959,"e":[[0,0,0.13],[1,0,0.12,94.0],[1,0,0.1,23.980000000000018],[1,1,0.79,547.02],[1,1,0.82,750.0],[1,1,0.83,43.0],[0,1,0.84]]}
{"t":1776979136.619719,"e":[[1,1,0.79,540.02]]}
{"t":1776979137.622473,"e":[[1,1,0.81,7.0]]}
{"t":1776979138.624363,"e":[[1,0,0.12,593.0],[1,0,0.1,290.98],[1,0,0.13,2.0],[1,1,0.79,541.02],[1,1,0.81,257.0],[1,1,0.82,1124.0],[1,1,0.83,49.0]]}
{"t":1776979147.682015,"e":[[1,0,0.1,439.98],[1,1,0.83,148.0]]}
{"t":1776979162.765724,"e":[[0,0,0.13],[1,0,0.12,94.0],[1,0,0.1,23.980000000000018],[1,1,0.79,540.02],[1,1,0.81,7.0],[1,1,0.82,750.0],[1,1,0.83,43.0]]}
{"t":1776979165.8170938,"e":[[1,0,0.12,593.0],[1,0,0.1,290.98],[1,0,0.13,2.0],[1,1,0.79,541.02],[1,1,0.81,257.0],[1,1,0.82,1124.0],[1,1,0.83,49.0]]}
{"t":1776979169.900068,"e":[[1,0,0.1,439.98],[1,1,0.83,148.0]]}
{"t":1776979208.261129,"e":[[0,0,0.13],[1,0,0.12,94.0],[1,0,0.1,23.980000000000018],[1,1,0.79,540.02],[1,1,0.81,7.0],[1,1,0.82,750.0],[1,1,0.83,43.0]]}
{"t":1776979210.3045912,"e":[[1,0,0.12,593.0],[1,0,0.1,290.98],[1,0,0.03,51.0],[1,0,0.13,2.0],[1,0,0.02,10.0],[1,1,0.79,541.02],[1,1,0.81,257.0],[1,1,0.82,1124.0],[1,1,0.83,49.0]]}
{"t":1776979213.3565571,"e":[[1,0,0.1,439.98],[1,1,0.83,148.0]]}
{"t":1776979235.5862029,"e":[[1,0,0.03,42.0]]}
{"t":1776979236.599736,"e":[[0,0,0.03],[1,0,0.04,6.0],[1,0,0.02,57.0]]}
{"t":1776979250.753281,"e":[[0,0,0.13],[1,0,0.12,94.0],[1,0,0.1,23.980000000000018],[1,1,0.79,540.02],[1,1,0.81,7.0],[1,1,0.82,750.0],[1,1,0.83,43.0]]}
{"t":1776979251.799284,"e":[[1,0,0.12,101.0],[1,0,0.14,2.0],[1,0,0.13,498.0],[1,1,0.79,541.02],[1,1,0.81,257.0],[1,1,0.82,1124.0],[1,1,0.83,211.0]]}
{"t":1776979252.8169029,"e":[[1,0,0.13,522.0],[1,0,0.12,77.0],[1,1,0.83,227.0]]}
{"t":1776979255.8658319,"e":[[1,0,0.14,1.0],[1,0,0.13,317.0],[1,1,0.83,164.0]]}
{"t":1776979256.887512,"e":[[1,0,0.12,486.0]]}
{"t":1776979260.946314,"e":[[1,0,0.12,315.0]]}
{"t":1776979261.959753,"e":[[1,0,0.13,398.0]]}
{"t":1776979262.975913,"e":[[1,0,0.13,373.0],[1,0,0.12,77.0]]}
{"t":1776979263.983315,"e":[[1,0,0.12,382.0]]}
{"t":1776979277.085877,"e":[[1,0,0.13,394.0],[1,0,0.12,361.0]]}
{"t":1776979279.118171,"e":[[1,1,0.81,250.0]]}
{"t":1776979280.12364,"e":[[1,1,0.69,19.0]]}
{"t":1776979286.150522,"e":[[0,0,0.14],[1,0,0.13,24.0],[1,0,0.12,70.0],[1,1,0.79,540.02],[0,1,0.81],[1,1,0.82,750.0],[1,1,0.83,59.0]]}
{"t":1776979288.1660001,"e":[[1,0,0.13,522.0],[1,0,0.12,140.0],[1,0,0.06,101.0],[1,0,0.14,2.0],[1,0,0.02,10.0],[1,1,0.69,22.0],[1,1,0.74,1018.27],[1,1,0.79,791.02],[1,1,0.8,498.0]]}
{"t":1776979297.236424,"e":[[1,0,0.14,1.0],[1,0,0.13,349.0],[1,0,0.02,58.0],[1,1,0.69,19.0],[1,1,0.74,271.27]]}
{"t":1776979298.2418702,"e":[[1,0,0.12,486.0],[1,1,0.8,501.0],[1,1,0.81,747.0]]}
{"t":1776979305.292248,"e":[[1,0,0.13,398.0],[1,0,0.12,341.0],[1,1,0.69,22.0],[1,1,0.74,1018.27],[1,1,0.8,498.0],[0,1,0.81]]}
{"t":1776979308.3388212,"e":[[1,0,0.12,140.0],[1,1,0.69,19.0],[1,1,0.74,271.27]]}
{"t":1776979309.357186,"e":[[1,0,0.13,387.0],[1,0,0.12,382.0],[1,1,0.8,501.0],[1,1,0.81,747.0]]}
{"t":1776979317.421278,"e":[[1,0,0.13,349.0],[1,1,0.8,498.0],[0,1,0.81]]}
{"t":1776979318.4339468,"e":[[1,0,0.13,398.0],[1,0,0.12,373.0],[1,1,0.69,22.0],[1,1,0.74,1018.27]]}
{"t":1776979319.449306,"e":[[1,0,0.12,140.0],[1,1,0.69,19.0],[1,1,0.74,271.27]]}
{"t":1776979320.462201,"e":[[1,0,0.12,382.0],[1,1,0.8,501.0],[1,1,0.81,748.0]]}
{"t":1776979322.47595,"e":[[0,0,0.14],[1,0,0.13,24.0],[1,0,0.12,70.0],[1,1,0.74,270.27],[1,1,0.79,540.02],[0,1,0.8],[0,1,0.81]]}
{"t":1776979327.535894,"e":[[1,0,0.13,522.0],[1,0,0.12,140.0],[1,0,0.14,2.0],[1,0,0.02,10.0],[1,1,0.69,21.0],[1,1,0.74,1018.27],[1,1,0.79,791.02],[1,1,0.83,43.0],[1,1,0.8,498.0]]}
{"t":1776979333.597672,"e":[[1,0,0.02,60.0],[1,1,0.69,19.0]]}
{"t":1776979334.6102242,"e":[[1,0,0.14,1.0],[1,0,0.13,349.0],[1,0,0.12,486.0],[1,1,0.74,271.27],[1,1,0.8,501.0],[1,1,0.81,748.0]]}
{"t":1776979336.631683,"e":[[1,0,0.12,341.0],[1,1,0.8,498.0],[0,1,0.81]]}
{"t":1776979337.6378639,"e":[[1,0,0.13,398.0],[1,1,0.69,21.0],[1,1,0.74,1018.27]]}
{"t":1776979341.685932,"e":[[1,0,0.14,17.0],[1,0,0.13,387.0],[1,0,0.12,382.0],[1,1,0.69,19.0],[1,1,0.74,271.27],[1,1,0.8,501.0],[1,1,0.81,748.0]]}
{"t":1776979355.772204,"e":[[1,0,0.14,308.0],[1,0,0.13,74.0],[1,0,0.12,70.0],[1,0,0.15,1.0],[1,1,0.69,21.0],[1,1,0.74,1018.27],[1,1,0.8,498.0],[0,1,0.81]]}
{"t":1776979356.792733,"e":[[1,0,0.14,332.0],[1,0,0.13,50.0]]}
{"t":1776979357.799739,"e":[[0,0,0.15],[1,0,0.14,24.0],[0,0,0.13],[1,1,0.69,19.0],[1,1,0.74,270.27],[1,1,0.79,540.02],[0,1,0.8]]}
{"t":1776979358.815964,"e":[[1,0,0.14,523.0],[1,0,0.12,142.0],[1,0,0.15,2.0],[1,0,0.02,10.0],[1,1,0.69,21.0],[1,1,0.74,1018.27],[1,1,0.79,791.02],[1,1,0.8,498.0]]}
{"t":1776979360.8311691,"e":[[1,0,0.15,1.0],[1,0,0.14,350.0],[1,0,0.02,57.0],[1,1,0.69,19.0],[1,1,0.74,271.27]]}
{"t":1776979361.842939,"e":[[1,0,0.12,485.0],[1,1,0.8,501.0],[1,1,0.81,748.0]]}
{"t":1776979373.992595,"e":[[0,0,0.15],[0,0,0.14],[1,0,0.12,70.0],[1,0,0.11,26.0],[1,1,0.74,270.27],[1,1,0.79,540.02],[0,1,0.8],[0,1,0.81]]}
{"t":1776979376.0314162,"e":[[1,0,0.06,100.0]]}
{"t":1776979377.03843,"e":[[1,0,0.12,569.0],[1,0,0.11,227.0],[1,0,0.13,2.0],[1,1,0.69,21.0],[1,1,0.74,1018.27],[1,1,0.79,791.02],[1,1,0.8,498.0]]}
{"t":1776979379.0686111,"e":[[1,0,0.13,26.0],[1,0,0.11,201.0]]}
{"t":1776979382.096734,"e":[[0,0,0.11],[1,1,0.69,19.0]]}
{"t":1776979383.121564,"e":[[1,0,0.13,315.0],[1,0,0.12,141.0],[1,0,0.14,1.0],[1,1,0.74,271.27],[1,1,0.8,501.0],[1,1,0.81,748.0]]}
{"t":1776979385.153574,"e":[[1,1,0.8,498.0],[0,1,0.81]]}
{"t":1776979386.1697469,"e":[[1,0,0.13,246.0],[1,0,0.12,314.0],[1,1,0.69,21.0],[1,1,0.74,1018.27]]}
{"t":1776979389.2100039,"e":[[1,0,0.13,26.0],[1,1,0.69,19.0],[1,1,0.74,271.27]]}
{"t":1776979390.232039,"e":[[1,0,0.13,298.0],[1,0,0.12,257.0],[1,1,0.8,501.0],[1,1,0.81,748.0]]}
{"t":1776979391.2484758,"e":[[1,0,0.13,295.0],[1,0,0.12,141.0],[1,1,0.8,498.0],[0,1,0.81]]}
{"t":1776979392.2631328,"e":[[1,0,0.12,300.0],[1,1,0.69,21.0],[1,1,0.74,1018.27]]}
{"t":1776979393.279681,"e":[[0,0,0.14],[1,0,0.13,24.0],[1,0,0.12,70.0],[1,1,0.69,19.0],[1,1,0.74,270.27],[1,1,0.79,540.02],[0,1,0.8]]}
{"t":1776979395.304557,"e":[[0,0,0.13],[0,0,0.12],[1,0,0.02,10.0]]}
{"t":1776979396.311556,"e":[[1,0,0.1,522.98],[1,0,0.06,167.0],[1,0,0.11,27.0],[1,1,0.69,21.0],[1,1,0.74,1018.27],[1,1,0.79,791.02],[1,1,0.8,498.0]]}
{"t":1776979399.3492742,"e":[[1,0,0.1,95.98000000000002],[1,0,0.06,100.0],[1,0,0.02,59.0],[1,1,0.69,19.0],[1,1,0.74,271.27]]}
{"t":1776979400.3651772,"e":[[1,0,0.11,285.0],[1,0,0.12,1.0],[1,1,0.8,501.0],[1,1,0.81,748.0]]}
{"t":1776979401.3824892,"e":[[0,1,0.81]]}
{"t":1776979402.4014459,"e":[[1,0,0.11,233.0],[1,0,0.1,241.98000000000002],[1,1,0.69,21.0],[1,1,0.74,1019.27],[1,1,0.8,499.0]]}
{"t":1776979404.426751,"e":[[0,0,0.12],[1,0,0.11,25.0],[1,0,0.1,23.980000000000018],[1,1,0.69,19.0],[1,1,0.74,270.27],[1,1,0.79,540.02],[0,1,0.8]]}
{"t":1776979407.472841,"e":[[1,0,0.11,524.0],[1,0,0.1,95.98000000000002],[1,0,0.12,1.0],[1,0,0.02,10.0],[1,1,0.69,21.0],[1,1,0.74,1019.27],[1,1,0.79,791.02],[1,1,0.8,499.0]]}
{"t":1776979411.523812,"e":[[1,0,0.11,353.0],[1,0,0.02,58.0],[1,1,0.69,19.0],[1,1,0.74,271.27]]}
{"t":1776979412.536916,"e":[[1,0,0.1,439.98],[1,1,0.8,501.0],[1,1,0.81,748.0]]}
{"t":1776979413.552841,"e":[[1,0,0.1,298.98],[1,1,0.8,499.0],[0,1,0.81]]}
{"t":1776979414.5676858,"e":[[1,0,0.11,399.0],[1,1,0.69,21.0],[1,1,0.74,1019.27],[1,1,0.83,65.0]]}
{"t":1776979415.581123,"e":[[1,0,0.11,391.0],[1,0,0.1,95.98000000000002],[1,1,0.69,19.0],[1,1,0.74,271.27]]}
{"t":1776979416.597232,"e":[[1,0,0.1,335.98],[1,1,0.8,501.0],[1,1,0.81,748.0]]}
{"t":1776979417.614811,"e":[[1,0,0.11,399.0],[1,0,0.1,329.98],[1,1,0.69,21.0],[1,1,0.74,1019.27],[1,1,0.8,499.0],[0,1,0.81]]}
{"t":1776979419.641139,"e":[[1,0,0.1,335.98],[1,1,0.69,19.0],[1,1,0.74,271.27],[1,1,0.8,501.0],[1,1,0.81,748.0]]}
{"t":1776979421.670975,"e":[[0,0,0.12],[1,0,0.11,25.0],[1,0,0.1,23.980000000000018],[1,0,0.02,10.0],[1,1,0.69,21.0],[1,1,0.74,1018.27],[1,1,0.79,540.02],[0,1,0.8],[0,1,0.81]]}
{"t":1776979423.803242,"e":[[1,0,0.05,1.0],[1,1,0.69,19.0]]}
{"t":1776979424.820554,"e":[[1,1,0.74,271.27]]}
{"t":1776979425.853899,"e":[[1,0,0.11,524.0],[1,0,0.1,95.98000000000002],[1,0,0.12,1.0],[1,1,0.79,791.02],[1,1,0.8,501.0],[1,1,0.81,748.0]]}
{"t":1776979427.8736582,"e":[[1,0,0.11,353.0],[1,0,0.02,57.0],[1,1,0.8,499.0],[0,1,0.81]]}
{"t":1776979428.889528,"e":[[1,0,0.1,439.98],[1,1,0.69,21.0],[1,1,0.74,1019.27]]}
{"t":1776979431.929939,"e":[[0,0,0.04]]}
{"t":1776979432.936235,"e":[[1,0,0.01,1107.0]]}
{"t":1776979440.0022578,"e":[[0,0,0.12],[1,0,0.11,25.0],[1,0,0.1,23.980000000000018],[1,1,0.69,19.0],[1,1,0.74,270.27],[1,1,0.79,540.02],[0,1,0.8]]}
{"t":1776979444.0454779,"e":[[1,0,0.11,524.0],[1,0,0.1,95.98000000000002],[1,0,0.12,1.0],[1,1,0.69,21.0],[1,1,0.74,1019.27],[1,1,0.79,791.02],[1,1,0.8,499.0]]}
{"t":1776979447.071342,"e":[[1,0,0.11,353.0],[1,1,0.69,19.0],[1,1,0.74,271.27]]}
{"t":1776979448.087373,"e":[[1,0,0.1,439.98],[1,1,0.8,501.0],[1,1,0.81,748.0]]}
{"t":1776979456.160528,"e":[[1,0,0.12,17.0],[1,0,0.11,399.0],[1,0,0.1,298.98],[1,1,0.69,21.0],[1,1,0.74,1019.27],[1,1,0.8,499.0],[0,1,0.81]]}
{"t":1776979459.1927302,"e":[[1,0,0.11,353.0],[1,0,0.1,23.980000000000018],[1,1,0.69,19.0],[1,1,0.74,271.27]]}
{"t":1776979460.207338,"e":[[1,0,0.12,296.0],[1,0,0.11,47.0],[1,0,0.13,24.0],[1,0,0.02,10.0],[1,1,0.8,501.0],[1,1,0.81,748.0]]}
{"t":1776979464.24783,"e":[[1,0,0.13,202.0],[1,0,0.12,67.0],[0,0,0.11],[1,0,0.02,55.0],[1,1,0.69,21.0],[1,1,0.74,1019.27],[1,1,0.8,499.0],[0,1,0.81]]}
{"t":1776979470.303412,"e":[[1,0,0.13,194.0],[0,0,0.12],[1,1,0.69,19.0],[1,1,0.74,271.27]]}
{"t":1776979471.320408,"e":[[1,0,0.1,174.98000000000002],[1,1,0.8,501.0],[1,1,0.81,748.0]]}
{"t":1776979473.350267,"e":[[1,0,0.13,24.0],[1,1,0.8,499.0],[0,1,0.81]]}
{"t":1776979474.363505,"e":[[1,0,0.13,200.0],[1,0,0.1,167.98000000000002],[1,0,0.14,1.0],[1,0,0.11,25.0],[1,1,0.69,21.0],[1,1,0.74,1019.27]]}
{"t":1776979479.396012,"e":[[1,0,0.11,27.0]]}
{"t":1776979480.4028952,"e":[[0,0,0.14],[0,0,0.13],[1,0,0.1,101.98000000000002],[1,1,0.69,19.0],[1,1,0.74,271.27]]}
{"t":1776979481.411958,"e":[[1,0,0.11,184.0],[0,0,0.05],[1,1,0.8,501.0],[1,1,0.81,748.0]]}
{"t":1776979499.5889611,"e":[[1,0,0.11,27.0],[1,0,0.1,23.980000000000018],[1,1,0.74,270.27],[1,1,0.79,540.02],[0,1,0.8],[0,1,0.81]]}
{"t":1776979503.652458,"e":[[1,0,0.11,526.0],[1,0,0.1,101.98000000000002],[1,0,0.12,1.0],[1,0,0.02,10.0],[1,1,0.69,21.0],[1,1,0.74,1019.27],[1,1,0.79,791.02],[1,1,0.8,499.0]]}
{"t":1776979517.7607381,"e":[[1,0,0.11,361.0],[1,0,0.1,439.98],[1,0,0.02,58.0],[1,1,0.69,19.0],[1,1,0.74,271.27],[1,1,0.8,501.0],[1,1,0.81,748.0]]}
{"t":1776979528.87501,"e":[[1,0,0.11,401.0],[1,0,0.1,303.98],[1,1,0.69,21.0],[1,1,0.74,1019.27],[1,1,0.8,499.0],[0,1,0.81]]}
{"t":1776979529.893357,"e":[[1,0,0.12,17.0]]}
{"t":1776979533.9308631,"e":[[1,0,0.11,74.0],[1,0,0.1,23.980000000000018],[1,0,0.02,10.0],[1,1,0.69,19.0],[1,1,0.74,271.27]]}
{"t":1776979534.9474502,"e":[[1,0,0.12,299.0],[1,0,0.11,47.0],[1,0,0.13,24.0],[1,1,0.8,501.0],[1,1,0.81,748.0]]}
{"t":1776979543.091128,"e":[[1,0,0.12,67.0],[0,0,0.11],[1,0,0.02,59.0],[1,1,0.8,499.0],[0,1,0.81]]}
{"t":1776979544.107719,"e":[[1,0,0.13,204.0],[1,1,0.69,21.0],[1,1,0.74,1019.27]]}
{"t":1776979546.136721,"e":[[1,0,0.13,196.0],[0,0,0.12],[1,0,0.1,175.98000000000002],[1,0,0.07,16.0],[1,1,0.69,19.0],[1,1,0.74,271.27],[1,1,0.8,501.0],[1,1,0.81,748.0]]}
{"t":1776979549.182074,"e":[[1,0,0.13,1.0],[1,0,0.1,169.98000000000002],[0,0,0.07],[1,0,0.11,25.0],[1,1,0.8,499.0],[0,1,0.81]]}
{"t":1776979550.200215,"e":[[1,0,0.13,202.0],[1,0,0.14,1.0],[1,1,0.69,21.0],[1,1,0.74,1019.27]]}
{"t":1776979554.23376,"e":[[1,0,0.11,26.0]]}
{"t":1776979559.26842,"e":[[0,0,0.11]]}
{"t":1776979560.28576,"e":[[1,0,0.11,26.0]]}
{"t":1776979569.348961,"e":[[0,0,0.11]]}
{"t":1776979570.357358,"e":[[0,0,0.14],[0,0,0.13],[1,0,0.1,99.98000000000002],[1,0,0.11,26.0],[1,0,0.02,10.0],[1,1,0.69,19.0],[1,1,0.74,271.27]]}
{"t":1776979571.382963,"e":[[1,0,0.11,183.0],[1,1,0.8,501.0],[1,1,0.81,748.0]]}
{"t":1776979573.410888,"e":[[1,0,0.11,187.0],[1,0,0.1,155.98000000000002],[1,0,0.03,16.0],[1,0,0.02,44.0],[1,1,0.69,21.0],[1,1,0.74,1019.27],[1,1,0.8,499.0],[0,1,0.81]]}
{"t":1776979579.4658911,"e":[[1,0,0.11,217.0],[1,0,0.1,159.98000000000002],[1,1,0.69,19.0],[1,1,0.74,271.27],[1,1,0.8,501.0],[1,1,0.81,748.0]]}
{"t":1776979589.551562,"e":[[1,0,0.11,234.0],[1,0,0.1,184.98000000000002],[1,0,0.12,1.0],[1,1,0.69,21.0],[1,1,0.74,1019.27],[1,1,0.8,499.0],[0,1,0.81]]}
{"t":1776979597.63286,"e":[[1,0,0.11,255.0],[1,0,0.1,198.98000000000002],[1,1,0.69,19.0],[1,1,0.74,271.27],[1,1,0.8,501.0],[1,1,0.81,748.0]]}
{"t":1776979622.876734,"e":[[1,0,0.11,183.0],[1,0,0.1,99.98000000000002],[1,1,0.8,499.0],[0,1,0.81]]}
{"t":1776979623.896275,"e":[[1,0,0.11,273.0],[1,0,0.1,215.98000000000002],[1,1,0.69,21.0],[1,1,0.74,1019.27]]}
{"t":1776979636.021319,"e":[[0,0,0.12],[1,0,0.11,26.0],[1,0,0.1,23.980000000000018],[1,1,0.69,19.0],[1,1,0.74,270.27],[1,1,0.79,540.02],[0,1,0.8]]}
{"t":1776979637.049831,"e":[[1,0,0.11,525.0],[1,0,0.1,99.98000000000002],[0,0,0.03],[1,0,0.12,1.0],[1,0,0.02,10.0],[1,1,0.69,21.0],[1,1,0.74,1019.27],[1,1,0.79,791.02],[1,1,0.8,499.0]]}
{"t":1776979640.0975099,"e":[[1,0,0.02,56.0],[1,1,0.69,19.0]]}
{"t":1776979641.110275,"e":[[0,0,0.12],[1,0,0.11,26.0],[1,0,0.1,23.980000000000018],[1,0,0.01,1006.0],[1,0,0.02,10.0],[1,1,0.74,270.27],[1,1,0.79,540.02],[0,1,0.8]]}
{"t":1776979642.12699,"e":[[1,0,0.1,363.98],[1,0,0.03,8.0],[1,1,0.8,2.0],[1,1,0.81,748.0]]}
{"t":1776979645.163307,"e":[[1,0,0.1,99.98000000000002],[1,0,0.02,52.0],[0,1,0.81]]}
{"t":1776979646.186614,"e":[[1,0,0.11,311.0],[1,0,0.12,1.0],[1,1,0.69,21.0],[1,1,0.74,1019.27],[1,1,0.79,791.02],[1,1,0.8,499.0]]}
{"t":1776979655.26619,"e":[[1,0,0.12,26.0],[1,0,0.11,225.0],[1,0,0.1,262.98],[1,1,0.69,19.0],[1,1,0.74,271.27],[1,1,0.8,501.0],[1,1,0.81,748.0]]}
{"t":1776979656.2835588,"e":[[1,0,0.13,6.0]]}
{"t":1776979661.3273442,"e":[[1,0,0.13,130.0],[1,0,0.12,18.0],[0,0,0.11],[1,0,0.1,23.980000000000018],[1,0,0.07,28.0],[1,1,0.69,21.0],[1,1,0.74,1019.27],[1,1,0.8,499.0],[0,1,0.81]]}
{"t":1776979664.359363,"e":[[0,0,0.13],[0,0,0.12],[1,0,0.02,10.0],[1,1,0.69,19.0],[1,1,0.74,271.27],[1,1,0.8,2.0]]}
{"t":1776979665.382648,"e":[[1,0,0.1,522.98],[1,0,0.07,95.0],[1,0,0.11,1.0],[1,1,0.8,501.0],[1,1,0.81,748.0]]}
{"t":1776979666.401193,"e":[[1,0,0.11,17.0],[1,0,0.1,345.98],[1,0,0.02,58.0],[1,1,0.8,499.0],[0,1,0.81]]}
{"t":1776979667.4168692,"e":[[1,0,0.07,444.0],[1,0,0.12,18.0],[1,1,0.69,21.0],[1,1,0.74,1019.27]]}
{"t":1776979669.4522712,"e":[[1,0,0.12,192.0],[1,0,0.11,52.0],[1,0,0.1,23.980000000000018],[0,0,0.07],[1,0,0.13,23.0],[1,0,0.02,10.0],[1,1,0.69,19.0],[1,1,0.74,271.27],[1,1,0.8,501.0],[1,1,0.81,748.0]]}
{"t":1776979672.485158,"e":[[1,0,0.13,522.0],[0,0,0.12],[0,0,0.11],[1,0,0.1,90.98000000000002],[1,0,0.14,1.0],[1,1,0.69,21.0],[1,1,0.74,1019.27],[1,1,0.8,499.0],[0,1,0.81]]}
{"t":1776979673.505915,"e":[[0,0,0.14],[1,0,0.13,23.0],[1,0,0.1,23.980000000000018],[1,1,0.69,19.0],[1,1,0.74,270.27],[1,1,0.79,540.02],[0,1,0.8]]}
{"t":1776979674.526389,"e":[[0,0,0.13],[1,0,0.07,28.0]]}
{"t":1776979677.5577102,"e":[[1,0,0.1,522.98],[1,0,0.07,95.0],[1,0,0.11,1.0],[1,1,0.69,21.0],[1,1,0.74,1019.27],[1,1,0.79,791.02],[1,1,0.8,499.0]]}
{"t":1776979679.589112,"e":[[1,0,0.11,27.0],[1,0,0.07,67.0],[1,0,0.02,57.0]]}
{"t":1776979680.596479,"e":[[1,0,0.12,18.0]]}
{"t":1776979689.638497,"e":[[1,0,0.12,279.0],[1,0,0.11,77.0],[1,0,0.1,23.980000000000018],[0,0,0.07],[1,0,0.13,1.0],[1,1,0.69,19.0],[1,1,0.74,271.27],[1,1,0.8,501.0],[1,1,0.81,748.0]]}
{"t":1776979690.648934,"e":[[1,0,0.13,18.0]]}
{"t":1776979694.7016919,"e":[[1,0,0.13,58.0],[1,0,0.11,52.0]]}
{"t":1776979695.718125,"e":[[1,0,0.13,41.0]]}
{"t":1776979700.771796,"e":[[1,0,0.13,91.0],[0,0,0.12],[0,0,0.11],[1,0,0.1,138.98000000000002],[1,0,0.02,10.0],[1,1,0.69,21.0],[1,1,0.74,1019.27],[1,1,0.8,499.0],[0,1,0.81]]}
{"t":1776979701.788845,"e":[[1,0,0.11,26.0]]}
{"t":1776979703.80163,"e":[[0,0,0.11],[1,0,0.02,47.0]]}
{"t":1776979704.815827,"e":[[1,0,0.11,26.0]]}
{"t":1776979708.8517609,"e":[[0,0,0.11]]}
{"t":1776979709.871108,"e":[[1,0,0.11,26.0]]}
{"t":1776979713.918507,"e":[[0,0,0.11]]}
{"t":1776979714.936487,"e":[[0,0,0.13],[1,0,0.1,23.980000000000018],[1,0,0.11,26.0],[1,0,0.02,10.0],[1,1,0.69,19.0],[1,1,0.74,270.27],[1,1,0.79,540.02],[0,1,0.8]]}
{"t":1776979717.9742022,"e":[[1,0,0.06,101.0]]}
{"t":1776979720.003347,"e":[[1,0,0.11,525.0],[1,0,0.1,99.98000000000002],[1,0,0.12,1.0],[1,1,0.69,21.0],[1,1,0.74,1019.27],[1,1,0.79,791.02],[1,1,0.8,499.0]]}
{"t":1776979723.0563111,"e":[[1,0,0.02,51.0],[1,1,0.69,19.0]]}
