{"t": 1776975854.366905, "events": [{"op": "set", "side": "bid", "price": 0.27, "size": 855.0}, {"op": "set", "side": "ask", "price": 0.7, "size": 238.0}]}
{"t": 1776975855.3857431, "events": [{"op": "set", "side": "bid", "price": 0.27, "size": 299.0}, {"op": "delete", "side": "bid", "price": 0.26}]}
{"t": 1776975856.396708, "events": [{"op": "set", "side": "bid", "price": 0.27, "size": 1110.0}, {"op": "set", "side": "ask", "price": 0.69, "size": 513.0}, {"op": "set", "side": "ask", "price": 0.7, "size": 264.0}, {"op": "set", "side": "ask", "price": 0.71, "size": 1.0}]}
{"t": 1776975858.419916, "events": [{"op": "set", "side": "ask", "price": 0.7, "size": 263.0}]}
{"t": 1776975859.432927, "events": [{"op": "set", "side": "bid", "price": 0.27, "size": 4.0}, {"op": "set", "side": "bid", "price": 0.23, "size": 70.0}, {"op": "set", "side": "ask", "price": 0.69, "size": 512.0}]}
{"t": 1776975860.4405582, "events": [{"op": "set", "side": "bid", "price": 0.27, "size": 1644.0}, {"op": "set", "side": "bid", "price": 0.24, "size": 24.0}]}
{"t": 1776975863.466253, "events": [{"op": "set", "side": "bid", "price": 0.24, "size": 27.0}]}
{"t": 1776975866.4869819, "events": [{"op": "delete", "side": "bid", "price": 0.27}, {"op": "set", "side": "bid", "price": 0.24, "size": 54.0}, {"op": "set", "side": "bid", "price": 0.26, "size": 664.0}, {"op": "set", "side": "bid", "price": 0.25, "size": 51.0}, {"op": "set", "side": "ask", "price": 0.69, "size": 514.0}, {"op": "delete", "side": "ask", "price": 0.71}]}
{"t": 1776975867.501479, "events": [{"op": "delete", "side": "bid", "price": 0.21}]}
{"t": 1776975868.5054138, "events": [{"op": "set", "side": "bid", "price": 0.24, "size": 27.0}, {"op": "set", "side": "ask", "price": 0.7, "size": 229.0}]}
{"t": 1776975869.519797, "events": [{"op": "set", "side": "bid", "price": 0.26, "size": 687.0}, {"op": "delete", "side": "bid", "price": 0.25}, {"op": "delete", "side": "bid", "price": 0.24}, {"op": "set", "side": "ask", "price": 0.7, "size": 203.0}, {"op": "set", "side": "ask", "price": 0.71, "size": 34.0}]}
{"t": 1776975870.536895, "events": [{"op": "set", "side": "bid", "price": 0.26, "size": 243.0}, {"op": "set", "side": "bid", "price": 0.23, "size": 71.0}, {"op": "set", "side": "bid", "price": 0.27, "size": 832.0}, {"op": "set", "side": "ask", "price": 0.69, "size": 499.0}]}
{"t": 1776975873.562508, "events": [{"op": "set", "side": "bid", "price": 0.27, "size": 855.0}, {"op": "set", "side": "bid", "price": 0.26, "size": 220.0}, {"op": "set", "side": "ask", "price": 0.7, "size": 238.0}, {"op": "delete", "side": "ask", "price": 0.71}]}
{"t": 1776975878.59487, "events": [{"op": "delete", "side": "bid", "price": 0.27}, {"op": "delete", "side": "bid", "price": 0.26}, {"op": "set", "side": "bid", "price": 0.23, "size": 70.0}, {"op": "set", "side": "bid", "price": 0.24, "size": 23.0}, {"op": "set", "side": "ask", "price": 0.69, "size": 100.0}, {"op": "set", "side": "ask", "price": 0.7, "size": 115.0}, {"op": "set", "side": "ask", "price": 0.73, "size": 35.0}]}
{"t": 1776975880.618389, "events": [{"op": "set", "side": "bid", "price": 0.24, "size": 46.0}, {"op": "set", "side": "bid", "price": 0.26, "size": 664.0}, {"op": "set", "side": "bid", "price": 0.25, "size": 45.0}, {"op": "set", "side": "ask", "price": 0.69, "size": 502.0}, {"op": "set", "side": "ask", "price": 0.7, "size": 203.0}]}
{"t": 1776975883.6573179, "events": [{"op": "set", "side": "bid", "price": 0.26, "size": 688.0}, {"op": "set", "side": "bid", "price": 0.24, "size": 23.0}, {"op": "set", "side": "ask", "price": 0.71, "size": 33.0}, {"op": "delete", "side": "ask", "price": 0.73}]}
{"t": 1776975888.692513, "events": [{"op": "delete", "side": "bid", "price": 0.23}]}
{"t": 1776975889.700941, "events": [{"op": "set", "side": "bid", "price": 0.26, "size": 244.0}, {"op": "delete", "side": "bid", "price": 0.25}, {"op": "set", "side": "bid", "price": 0.2, "size": 122.0}, {"op": "delete", "side": "bid", "price": 0.24}, {"op": "set", "side": "bid", "price": 0.27, "size": 810.0}, {"op": "set", "side": "ask", "price": 0.69, "size": 500.0}]}
{"t": 1776975890.720798, "events": [{"op": "set", "side": "bid", "price": 0.27, "size": 833.0}, {"op": "set", "side": "bid", "price": 0.26, "size": 220.0}]}
{"t": 1776975893.74344, "events": [{"op": "set", "side": "ask", "price": 0.7, "size": 238.0}, {"op": "delete", "side": "ask", "price": 0.71}]}
{"t": 1776975913.861079, "events": [{"op": "set", "side": "bid", "price": 0.27, "size": 270.0}, {"op": "delete", "side": "bid", "price": 0.26}, {"op": "set", "side": "bid", "price": 0.21, "size": 28.0}, {"op": "set", "side": "ask", "price": 0.7, "size": 203.0}, {"op": "set", "side": "ask", "price": 0.71, "size": 33.0}]}
{"t": 1776975914.8911412, "events": [{"op": "set", "side": "bid", "price": 0.27, "size": 668.0}, {"op": "set", "side": "ask", "price": 0.69, "size": 517.0}, {"op": "set", "side": "ask", "price": 0.7, "size": 229.0}]}
{"t": 1776975915.9392462, "events": [{"op": "set", "side": "bid", "price": 0.27, "size": 1070.0}]}
{"t": 1776975916.9452019, "events": [{"op": "delete", "side": "bid", "price": 0.27}, {"op": "set", "side": "bid", "price": 0.2, "size": 121.0}, {"op": "set", "side": "ask", "price": 0.69, "size": 506.0}, {"op": "set", "side": "ask", "price": 0.7, "size": 203.0}]}
{"t": 1776975917.960892, "events": [{"op": "set", "side": "bid", "price": 0.21, "size": 56.0}, {"op": "set", "side": "bid", "price": 0.23, "size": 55.0}, {"op": "set", "side": "bid", "price": 0.22, "size": 41.0}, {"op": "set", "side": "ask", "price": 0.72, "size": 179.37}]}
{"t": 1776975918.9692569, "events": [{"op": "set", "side": "bid", "price": 0.21, "size": 28.0}, {"op": "set", "side": "bid", "price": 0.24, "size": 22.0}, {"op": "delete", "side": "ask", "price": 0.71}, {"op": "set", "side": "ask", "price": 0.73, "size": 35.0}]}
{"t": 1776975923.995276, "events": [{"op": "set", "side": "ask", "price": 0.72, "size": 158.37}]}
{"t": 1776975924.9996219, "events": [{"op": "set", "side": "ask", "price": 0.73, "size": 56.0}]}
{"t": 1776975940.061205, "events": [{"op": "delete", "side": "bid", "price": 0.24}, {"op": "delete", "side": "bid", "price": 0.22}, {"op": "delete", "side": "bid", "price": 0.23}, {"op": "delete", "side": "bid", "price": 0.21}, {"op": "set", "side": "bid", "price": 0.13, "size": 28.980000000000004}, {"op": "set", "side": "bid", "price": 0.06, "size": 68.0}, {"op": "set", "side": "ask", "price": 0.69, "size": 100.0}, {"op": "set", "side": "ask", "price": 0.7, "size": 115.0}]}
{"t": 1776975941.0863051, "events": [{"op": "set", "side": "bid", "price": 0.21, "size": 26.0}]}
{"t": 1776975942.095907, "events": [{"op": "set", "side": "bid", "price": 0.21, "size": 52.0}, {"op": "set", "side": "bid", "price": 0.23, "size": 664.0}, {"op": "set", "side": "bid", "price": 0.22, "size": 46.0}, {"op": "set", "side": "ask", "price": 0.69, "size": 510.0}, {"op": "set", "side": "ask", "price": 0.7, "size": 203.0}]}
{"t": 1776975943.110956, "events": [{"op": "set", "side": "bid", "price": 0.21, "size": 26.0}, {"op": "set", "side": "bid", "price": 0.17, "size": 1.0}]}
{"t": 1776975944.1347961, "events": [{"op": "set", "side": "bid", "price": 0.24, "size": 24.0}]}
{"t": 1776975945.176098, "events": [{"op": "delete", "side": "bid", "price": 0.22}, {"op": "delete", "side": "bid", "price": 0.23}, {"op": "delete", "side": "bid", "price": 0.21}]}
{"t": 1776975948.2322109, "events": [{"op": "set", "side": "bid", "price": 0.26, "size": 664.0}, {"op": "set", "side": "bid", "price": 0.25, "size": 46.0}, {"op": "set", "side": "ask", "price": 0.69, "size": 511.0}, {"op": "set", "side": "ask", "price": 0.71, "size": 33.0}, {"op": "set", "side": "ask", "price": 0.73, "size": 21.0}]}
{"t": 1776975949.255933, "events": [{"op": "set", "side": "bid", "price": 0.26, "size": 688.0}]}
{"t": 1776975951.2976189, "events": [{"op": "set", "side": "bid", "price": 0.26, "size": 24.0}, {"op": "delete", "side": "bid", "price": 0.25}, {"op": "delete", "side": "bid", "price": 0.24}, {"op": "set", "side": "ask", "price": 0.69, "size": 100.0}, {"op": "set", "side": "ask", "price": 0.7, "size": 115.0}, {"op": "delete", "side": "ask", "price": 0.73}]}
{"t": 1776975953.32274, "events": [{"op": "set", "side": "bid", "price": 0.21, "size": 26.0}, {"op": "set", "side": "ask", "price": 0.69, "size": 507.0}, {"op": "set", "side": "ask", "price": 0.7, "size": 203.0}, {"op": "delete", "side": "ask", "price": 0.71}, {"op": "set", "side": "ask", "price": 0.73, "size": 38.0}]}
{"t": 1776975954.332581, "events": [{"op": "set", "side": "bid", "price": 0.26, "size": 736.0}]}
{"t": 1776975959.372451, "events": [{"op": "delete", "side": "bid", "price": 0.26}, {"op": "set", "side": "bid", "price": 0.24, "size": 25.0}, {"op": "set", "side": "bid", "price": 0.22, "size": 47.0}, {"op": "set", "side": "bid", "price": 0.23, "size": 664.0}, {"op": "set", "side": "ask", "price": 0.69, "size": 512.0}]}
{"t": 1776975960.382571, "events": [{"op": "set", "side": "ask", "price": 0.73, "size": 59.0}]}
{"t": 1776975964.407889, "events": [{"op": "delete", "side": "bid", "price": 0.17}]}
{"t": 1776975971.450849, "events": [{"op": "delete", "side": "bid", "price": 0.24}, {"op": "delete", "side": "bid", "price": 0.22}, {"op": "delete", "side": "bid", "price": 0.23}, {"op": "delete", "side": "bid", "price": 0.21}, {"op": "set", "side": "ask", "price": 0.69, "size": 507.0}]}
{"t": 1776975972.4612129, "events": [{"op": "set", "side": "bid", "price": 0.21, "size": 26.0}]}
{"t": 1776975973.468818, "events": [{"op": "delete", "side": "bid", "price": 0.21}, {"op": "set", "side": "bid", "price": 0.13, "size": 96.98}, {"op": "delete", "side": "bid", "price": 0.06}, {"op": "set", "side": "bid", "price": 0.26, "size": 664.0}, {"op": "set", "side": "bid", "price": 0.25, "size": 47.0}, {"op": "set", "side": "bid", "price": 0.24, "size": 25.0}, {"op": "set", "side": "ask", "price": 0.69, "size": 514.0}, {"op": "set", "side": "ask", "price": 0.73, "size": 21.0}]}
{"t": 1776975974.486274, "events": [{"op": "set", "side": "bid", "price": 0.26, "size": 688.0}, {"op": "set", "side": "ask", "price": 0.71, "size": 33.0}]}
{"t": 1776975977.5051599, "events": [{"op": "delete", "side": "bid", "price": 0.25}, {"op": "delete", "side": "bid", "price": 0.24}, {"op": "set", "side": "ask", "price": 0.69, "size": 507.0}]}
{"t": 1776975978.524107, "events": [{"op": "set", "side": "bid", "price": 0.26, "size": 553.0}, {"op": "set", "side": "bid", "price": 0.2, "size": 122.0}, {"op": "set", "side": "bid", "price": 0.27, "size": 464.0}, {"op": "set", "side": "ask", "price": 0.69, "size": 527.0}, {"op": "delete", "side": "ask", "price": 0.71}, {"op": "delete", "side": "ask", "price": 0.73}]}
{"t": 1776975979.530004, "events": [{"op": "set", "side": "bid", "price": 0.27, "size": 487.0}, {"op": "set", "side": "ask", "price": 0.71, "size": 30.0}]}
{"t": 1776975989.593303, "events": [{"op": "set", "side": "bid", "price": 0.27, "size": 408.0}, {"op": "delete", "side": "bid", "price": 0.26}, {"op": "set", "side": "ask", "price": 0.69, "size": 497.0}]}
{"t": 1776975990.615396, "events": [{"op": "set", "side": "bid", "price": 0.27, "size": 640.0}, {"op": "set", "side": "bid", "price": 0.21, "size": 29.0}]}
{"t": 1776975993.639185, "events": [{"op": "delete", "side": "bid", "price": 0.21}, {"op": "delete", "side": "ask", "price": 0.71}]}
{"t": 1776975994.652439, "events": [{"op": "set", "side": "bid", "price": 0.21, "size": 29.0}, {"op": "set", "side": "ask", "price": 0.7, "size": 238.0}]}
{"t": 1776976002.718677, "events": [{"op": "delete", "side": "bid", "price": 0.27}, {"op": "set", "side": "bid", "price": 0.21, "size": 58.0}, {"op": "set", "side": "bid", "price": 0.2, "size": 121.0}, {"op": "set", "side": "bid", "price": 0.23, "size": 57.0}, {"op": "set", "side": "bid", "price": 0.22, "size": 43.0}, {"op": "set", "side": "ask", "price": 0.69, "size": 526.0}, {"op": "set", "side": "ask", "price": 0.7, "size": 264.0}]}
{"t": 1776976003.738184, "events": [{"op": "set", "side": "bid", "price": 0.21, "size": 29.0}, {"op": "set", "side": "bid", "price": 0.24, "size": 23.0}, {"op": "set", "side": "ask", "price": 0.7, "size": 229.0}, {"op": "set", "side": "ask", "price": 0.73, "size": 35.0}]}
{"t": 1776976004.7654002, "events": [{"op": "set", "side": "ask", "price": 0.73, "size": 56.0}]}
{"t": 1776976005.821455, "events": [{"op": "set", "side": "bid", "price": 0.24, "size": 46.0}, {"op": "delete", "side": "bid", "price": 0.22}, {"op": "delete", "side": "bid", "price": 0.23}, {"op": "delete", "side": "bid", "price": 0.21}, {"op": "set", "side": "bid", "price": 0.26, "size": 664.0}, {"op": "set", "side": "bid", "price": 0.25, "size": 43.0}, {"op": "set", "side": "ask", "price": 0.69, "size": 517.0}, {"op": "set", "side": "ask", "price": 0.7, "size": 203.0}]}
{"t": 1776976008.8495371, "events": [{"op": "set", "side": "bid", "price": 0.26, "size": 688.0}, {"op": "set", "side": "bid", "price": 0.24, "size": 23.0}, {"op": "set", "side": "ask", "price": 0.71, "size": 34.0}, {"op": "set", "side": "ask", "price": 0.73, "size": 21.0}]}
{"t": 1776976009.860466, "events": [{"op": "delete", "side": "ask", "price": 0.73}]}
{"t": 1776976011.8745532, "events": [{"op": "set", "side": "bid", "price": 0.26, "size": 244.0}, {"op": "delete", "side": "bid", "price": 0.25}, {"op": "delete", "side": "bid", "price": 0.24}, {"op": "set", "side": "ask", "price": 0.69, "size": 514.0}]}
{"t": 1776976012.8924701, "events": [{"op": "set", "side": "bid", "price": 0.2, "size": 122.0}, {"op": "set", "side": "bid", "price": 0.27, "size": 334.0}]}
{"t": 1776976013.8963861, "events": [{"op": "set", "side": "bid", "price": 0.27, "size": 833.0}, {"op": "set", "side": "bid", "price": 0.26, "size": 220.0}, {"op": "set", "side": "ask", "price": 0.7, "size": 237.0}, {"op": "delete", "side": "ask", "price": 0.71}]}
{"t": 1776976021.967751, "events": [{"op": "set", "side": "bid", "price": 0.27, "size": 293.0}, {"op": "delete", "side": "bid", "price": 0.26}, {"op": "set", "side": "ask", "price": 0.69, "size": 524.0}, {"op": "set", "side": "ask", "price": 0.7, "size": 263.0}]}
{"t": 1776976022.983882, "events": [{"op": "set", "side": "bid", "price": 0.27, "size": 1094.0}]}
{"t": 1776976028.033005, "events": [{"op": "set", "side": "ask", "price": 0.7, "size": 229.0}]}
{"t": 1776976029.046649, "events": [{"op": "set", "side": "ask", "price": 0.7, "size": 263.0}]}
{"t": 1776976030.0649989, "events": [{"op": "set", "side": "bid", "price": 0.27, "size": 27.0}, {"op": "set", "side": "bid", "price": 0.2, "size": 121.0}, {"op": "set", "side": "ask", "price": 0.69, "size": 497.0}]}
{"t": 1776976031.0763671, "events": [{"op": "set", "side": "bid", "price": 0.27, "size": 1649.0}, {"op": "set", "side": "bid", "price": 0.21, "size": 29.0}, {"op": "set", "side": "ask", "price": 0.69, "size": 525.0}]}
{"t": 1776976033.0979562, "events": [{"op": "delete", "side": "bid", "price": 0.21}, {"op": "set", "side": "ask", "price": 0.7, "size": 229.0}]}
{"t": 1776976034.1065989, "events": [{"op": "set", "side": "bid", "price": 0.21, "size": 29.0}, {"op": "set", "side": "ask", "price": 0.7, "size": 262.0}]}
{"t": 1776976038.1259038, "events": [{"op": "delete", "side": "bid", "price": 0.21}, {"op": "set", "side": "ask", "price": 0.7, "size": 229.0}]}
{"t": 1776976039.130999, "events": [{"op": "delete", "side": "bid", "price": 0.27}, {"op": "set", "side": "bid", "price": 0.21, "size": 29.0}, {"op": "set", "side": "ask", "price": 0.69, "size": 503.0}, {"op": "set", "side": "ask", "price": 0.7, "size": 236.0}]}
{"t": 1776976040.136569, "events": [{"op": "set", "side": "bid", "price": 0.21, "size": 210.0}, {"op": "set", "side": "bid", "price": 0.13, "size": 28.980000000000004}, {"op": "set", "side": "bid", "price": 0.2, "size": 239.0}, {"op": "set", "side": "bid", "price": 0.22, "size": 665.0}, {"op": "set", "side": "bid", "price": 0.06, "size": 64.0}]}
{"t": 1776976041.146323, "events": [{"op": "set", "side": "bid", "price": 0.2, "size": 121.0}, {"op": "set", "side": "ask", "price": 0.69, "size": 497.0}]}
{"t": 1776976042.1519518, "events": [{"op": "set", "side": "bid", "price": 0.22, "size": 92.0}, {"op": "set", "side": "bid", "price": 0.21, "size": 90.0}, {"op": "set", "side": "bid", "price": 0.23, "size": 190.0}, {"op": "set", "side": "ask", "price": 0.69, "size": 529.0}, {"op": "set", "side": "ask", "price": 0.7, "size": 261.0}]}
{"t": 1776976043.1629992, "events": [{"op": "set", "side": "bid", "price": 0.21, "size": 61.0}, {"op": "set", "side": "ask", "price": 0.7, "size": 228.0}]}
{"t": 1776976044.185159, "events": [{"op": "delete", "side": "bid", "price": 0.23}, {"op": "delete", "side": "bid", "price": 0.22}, {"op": "delete", "side": "bid", "price": 0.21}, {"op": "set", "side": "bid", "price": 0.24, "size": 24.0}, {"op": "set", "side": "ask", "price": 0.69, "size": 100.0}, {"op": "set", "side": "ask", "price": 0.7, "size": 115.0}, {"op": "set", "side": "ask", "price": 0.73, "size": 33.0}]}
{"t": 1776976047.209746, "events": [{"op": "set", "side": "ask", "price": 0.73, "size": 54.0}]}
{"t": 1776976048.218187, "events": [{"op": "set", "side": "bid", "price": 0.26, "size": 665.0}, {"op": "set", "side": "bid", "price": 0.25, "size": 44.0}, {"op": "set", "side": "ask", "price": 0.69, "size": 522.0}, {"op": "set", "side": "ask", "price": 0.7, "size": 203.0}, {"op": "set", "side": "ask", "price": 0.73, "size": 21.0}]}
{"t": 1776976049.2295182, "events": [{"op": "set", "side": "bid", "price": 0.26, "size": 689.0}, {"op": "delete", "side": "bid", "price": 0.25}, {"op": "delete", "side": "bid", "price": 0.24}, {"op": "set", "side": "ask", "price": 0.71, "size": 33.0}]}
{"t": 1776976050.238752, "events": [{"op": "set", "side": "bid", "price": 0.26, "size": 244.0}, {"op": "set", "side": "bid", "price": 0.2, "size": 122.0}, {"op": "set", "side": "bid", "price": 0.27, "size": 333.0}, {"op": "set", "side": "ask", "price": 0.69, "size": 528.0}, {"op": "delete", "side": "ask", "price": 0.73}]}
{"t": 1776976051.266421, "events": [{"op": "set", "side": "bid", "price": 0.27, "size": 798.0}]}
{"t": 1776976053.276522, "events": [{"op": "set", "side": "bid", "price": 0.26, "size": 220.0}, {"op": "delete", "side": "ask", "price": 0.71}]}
{"t": 1776976054.2832232, "events": [{"op": "set", "side": "bid", "price": 0.27, "size": 821.0}, {"op": "set", "side": "ask", "price": 0.7, "size": 238.0}]}
{"t": 1776976058.306615, "events": [{"op": "delete", "side": "bid", "price": 0.27}, {"op": "delete", "side": "bid", "price": 0.26}, {"op": "set", "side": "bid", "price": 0.2, "size": 121.0}, {"op": "set", "side": "ask", "price": 0.69, "size": 100.0}, {"op": "set", "side": "ask", "price": 0.7, "size": 115.0}, {"op": "set", "side": "ask", "price": 0.73, "size": 38.0}]}
{"t": 1776976059.3257349, "events": [{"op": "set", "side": "bid", "price": 0.21, "size": 26.0}]}
{"t": 1776976061.337662, "events": [{"op": "set", "side": "bid", "price": 0.21, "size": 52.0}, {"op": "set", "side": "bid", "price": 0.23, "size": 665.0}, {"op": "set", "side": "bid", "price": 0.22, "size": 45.0}, {"op": "set", "side": "ask", "price": 0.69, "size": 524.0}, {"op": "set", "side": "ask", "price": 0.7, "size": 203.0}]}
{"t": 1776976063.365494, "events": [{"op": "set", "side": "bid", "price": 0.13, "size": 97.98}, {"op": "set", "side": "bid", "price": 0.21, "size": 26.0}, {"op": "delete", "side": "bid", "price": 0.06}]}
{"t": 1776976064.375992, "events": [{"op": "set", "side": "bid", "price": 0.24, "size": 25.0}]}
{"t": 1776976065.3873029, "events": [{"op": "delete", "side": "bid", "price": 0.22}, {"op": "delete", "side": "bid", "price": 0.23}, {"op": "delete", "side": "bid", "price": 0.21}, {"op": "set", "side": "ask", "price": 0.69, "size": 523.0}]}
{"t": 1776976066.397533, "events": [{"op": "set", "side": "bid", "price": 0.24, "size": 50.0}, {"op": "set", "side": "bid", "price": 0.26, "size": 665.0}, {"op": "set", "side": "bid", "price": 0.25, "size": 45.0}, {"op": "set", "side": "ask", "price": 0.71, "size": 33.0}, {"op": "delete", "side": "ask", "price": 0.73}]}
{"t": 1776976068.419334, "events": [{"op": "set", "side": "bid", "price": 0.24, "size": 25.0}, {"op": "delete", "side": "ask", "price": 0.71}]}
{"t": 1776976069.436353, "events": [{"op": "set", "side": "bid", "price": 0.26, "size": 689.0}, {"op": "set", "side": "ask", "price": 0.71, "size": 33.0}]}
{"t": 1776976074.460224, "events": [{"op": "set", "side": "bid", "price": 0.26, "size": 244.0}, {"op": "delete", "side": "bid", "price": 0.25}, {"op": "delete", "side": "bid", "price": 0.24}, {"op": "set", "side": "ask", "price": 0.69, "size": 522.0}]}
{"t": 1776976075.471221, "events": [{"op": "set", "side": "bid", "price": 0.26, "size": 220.0}, {"op": "set", "side": "bid", "price": 0.2, "size": 122.0}, {"op": "set", "side": "bid", "price": 0.27, "size": 835.0}]}
{"t": 1776976077.482344, "events": [{"op": "set", "side": "bid", "price": 0.27, "size": 292.0}, {"op": "delete", "side": "bid", "price": 0.26}, {"op": "set", "side": "ask", "price": 0.69, "size": 521.0}]}
{"t": 1776976078.494921, "events": [{"op": "set", "side": "bid", "price": 0.27, "size": 1095.0}, {"op": "set", "side": "ask", "price": 0.7, "size": 237.0}, {"op": "delete", "side": "ask", "price": 0.71}]}
{"t": 1776976083.531923, "events": [{"op": "set", "side": "ask", "price": 0.7, "size": 203.0}]}
{"t": 1776976084.54107, "events": [{"op": "set", "side": "ask", "price": 0.7, "size": 237.0}]}
{"t": 1776976085.548361, "events": [{"op": "delete", "side": "bid", "price": 0.27}, {"op": "set", "side": "bid", "price": 0.13, "size": 28.980000000000004}, {"op": "set", "side": "bid", "price": 0.2, "size": 121.0}, {"op": "set", "side": "bid", "price": 0.06, "size": 67.0}, {"op": "set", "side": "ask", "price": 0.69, "size": 100.0}, {"op": "set", "side": "ask", "price": 0.7, "size": 149.0}]}
{"t": 1776976086.5729961, "events": [{"op": "set", "side": "bid", "price": 0.21, "size": 26.0}]}
{"t": 1776976088.582797, "events": [{"op": "set", "side": "bid", "price": 0.24, "size": 25.0}, {"op": "set", "side": "bid", "price": 0.22, "size": 46.0}, {"op": "set", "side": "bid", "price": 0.23, "size": 665.0}, {"op": "set", "side": "ask", "price": 0.69, "size": 534.0}, {"op": "set", "side": "ask", "price": 0.7, "size": 229.0}, {"op": "set", "side": "ask", "price": 0.71, "size": 37.0}]}
{"t": 1776976091.599458, "events": [{"op": "delete", "side": "bid", "price": 0.22}, {"op": "delete", "side": "bid", "price": 0.23}, {"op": "delete", "side": "bid", "price": 0.21}]}
{"t": 1776976092.6074328, "events": [{"op": "set", "side": "bid", "price": 0.24, "size": 50.0}, {"op": "set", "side": "bid", "price": 0.26, "size": 665.0}, {"op": "set", "side": "bid", "price": 0.25, "size": 46.0}, {"op": "set", "side": "ask", "price": 0.69, "size": 524.0}, {"op": "set", "side": "ask", "price": 0.7, "size": 203.0}]}
{"t": 1776976093.6152132, "events": [{"op": "set", "side": "bid", "price": 0.26, "size": 689.0}, {"op": "set", "side": "bid", "price": 0.24, "size": 25.0}, {"op": "set", "side": "ask", "price": 0.71, "size": 33.0}]}
{"t": 1776976095.6349592, "events": [{"op": "set", "side": "bid", "price": 0.26, "size": 244.0}, {"op": "delete", "side": "bid", "price": 0.25}, {"op": "delete", "side": "bid", "price": 0.24}, {"op": "set", "side": "ask", "price": 0.69, "size": 523.0}]}
{"t": 1776976097.657048, "events": [{"op": "set", "side": "bid", "price": 0.2, "size": 122.0}, {"op": "set", "side": "bid", "price": 0.27, "size": 811.0}]}
{"t": 1776976098.6700659, "events": [{"op": "set", "side": "bid", "price": 0.27, "size": 834.0}, {"op": "set", "side": "bid", "price": 0.26, "size": 220.0}, {"op": "set", "side": "ask", "price": 0.7, "size": 238.0}, {"op": "delete", "side": "ask", "price": 0.71}]}
{"t": 1776976099.67869, "events": [{"op": "set", "side": "bid", "price": 0.27, "size": 292.0}, {"op": "delete", "side": "bid", "price": 0.26}]}
{"t": 1776976100.698726, "events": [{"op": "set", "side": "ask", "price": 0.69, "size": 534.0}, {"op": "set", "side": "ask", "price": 0.7, "size": 264.0}]}
{"t": 1776976101.709044, "events": [{"op": "set", "side": "bid", "price": 0.27, "size": 1094.0}]}
{"t": 1776976103.7164748, "events": [{"op": "set", "side": "ask", "price": 0.7, "size": 263.0}]}
{"t": 1776976113.775799, "events": [{"op": "set", "side": "bid", "price": 0.27, "size": 3.0}, {"op": "set", "side": "bid", "price": 0.13, "size": 100.98}, {"op": "set", "side": "bid", "price": 0.2, "size": 121.0}, {"op": "delete", "side": "bid", "price": 0.06}, {"op": "set", "side": "bid", "price": 0.21, "size": 27.0}, {"op": "set", "side": "ask", "price": 0.69, "size": 535.0}, {"op": "set", "side": "ask", "price": 0.7, "size": 229.0}, {"op": "set", "side": "ask", "price": 0.71, "size": 39.0}]}
{"t": 1776976114.786037, "events": [{"op": "set", "side": "bid", "price": 0.27, "size": 1649.0}]}
{"t": 1776976116.79982, "events": [{"op": "delete", "side": "bid", "price": 0.27}, {"op": "set", "side": "ask", "price": 0.69, "size": 527.0}, {"op": "set", "side": "ask", "price": 0.7, "size": 203.0}]}
{"t": 1776976117.808927, "events": [{"op": "set", "side": "bid", "price": 0.21, "size": 54.0}, {"op": "set", "side": "bid", "price": 0.23, "size": 665.0}, {"op": "set", "side": "bid", "price": 0.22, "size": 47.0}]}
{"t": 1776976118.820491, "events": [{"op": "set", "side": "bid", "price": 0.21, "size": 27.0}, {"op": "delete", "side": "ask", "price": 0.71}]}
{"t": 1776976119.83535, "events": [{"op": "set", "side": "bid", "price": 0.24, "size": 25.0}, {"op": "set", "side": "ask", "price": 0.71, "size": 37.0}]}
{"t": 1776976128.8931751, "events": [{"op": "delete", "side": "bid", "price": 0.22}, {"op": "delete", "side": "bid", "price": 0.23}, {"op": "delete", "side": "bid", "price": 0.21}, {"op": "set", "side": "bid", "price": 0.26, "size": 689.0}, {"op": "set", "side": "bid", "price": 0.25, "size": 45.0}, {"op": "set", "side": "ask", "price": 0.71, "size": 32.0}]}
{"t": 1776976130.9047801, "events": [{"op": "set", "side": "bid", "price": 0.26, "size": 244.0}, {"op": "delete", "side": "bid", "price": 0.25}, {"op": "set", "side": "bid", "price": 0.2, "size": 122.0}, {"op": "delete", "side": "bid", "price": 0.24}, {"op": "set", "side": "bid", "price": 0.27, "size": 334.0}, {"op": "set", "side": "ask", "price": 0.69, "size": 526.0}]}
{"t": 1776976131.9146821, "events": [{"op": "set", "side": "bid", "price": 0.27, "size": 811.0}]}
{"t": 1776976133.922157, "events": [{"op": "set", "side": "bid", "price": 0.27, "size": 834.0}, {"op": "set", "side": "bid", "price": 0.26, "size": 220.0}, {"op": "set", "side": "ask", "price": 0.7, "size": 238.0}, {"op": "delete", "side": "ask", "price": 0.71}]}
{"t": 1776976135.934583, "events": [{"op": "set", "side": "bid", "price": 0.27, "size": 23.0}, {"op": "delete", "side": "bid", "price": 0.26}, {"op": "set", "side": "bid", "price": 0.2, "size": 121.0}, {"op": "set", "side": "ask", "price": 0.69, "size": 100.0}, {"op": "set", "side": "ask", "price": 0.7, "size": 150.0}]}
{"t": 1776976137.96097, "events": [{"op": "delete", "side": "bid", "price": 0.27}, {"op": "set", "side": "ask", "price": 0.7, "size": 115.0}]}
{"t": 1776976138.9725718, "events": [{"op": "set", "side": "bid", "price": 0.13, "size": 28.980000000000004}, {"op": "set", "side": "bid", "price": 0.21, "size": 26.0}, {"op": "set", "side": "bid", "price": 0.06, "size": 70.0}, {"op": "set", "side": "ask", "price": 0.73, "size": 38.0}]}
{"t": 1776976139.976351, "events": [{"op": "set", "side": "bid", "price": 0.21, "size": 52.0}, {"op": "set", "side": "bid", "price": 0.23, "size": 665.0}, {"op": "set", "side": "bid", "price": 0.22, "size": 45.0}, {"op": "set", "side": "ask", "price": 0.69, "size": 530.0}, {"op": "set", "side": "ask", "price": 0.7, "size": 203.0}]}
{"t": 1776976143.994279, "events": [{"op": "set", "side": "bid", "price": 0.21, "size": 26.0}, {"op": "set", "side": "bid", "price": 0.25, "size": 75.0}, {"op": "set", "side": "bid", "price": 0.24, "size": 25.0}, {"op": "set", "side": "ask", "price": 0.71, "size": 37.0}, {"op": "delete", "side": "ask", "price": 0.73}]}
{"t": 1776976149.017121, "events": [{"op": "set", "side": "ask", "price": 0.71, "size": 36.0}]}
{"t": 1776976152.035327, "events": [{"op": "delete", "side": "bid", "price": 0.22}, {"op": "delete", "side": "bid", "price": 0.23}, {"op": "delete", "side": "bid", "price": 0.21}, {"op": "set", "side": "ask", "price": 0.69, "size": 100.0}, {"op": "set", "side": "ask", "price": 0.7, "size": 115.0}]}
{"t": 1776976153.054967, "events": [{"op": "set", "side": "bid", "price": 0.25, "size": 148.0}, {"op": "set", "side": "bid", "price": 0.27, "size": 665.0}, {"op": "set", "side": "bid", "price": 0.26, "size": 117.0}, {"op": "set", "side": "ask", "price": 0.69, "size": 529.0}, {"op": "set", "side": "ask", "price": 0.7, "size": 203.0}]}
{"t": 1776976154.063997, "events": [{"op": "set", "side": "bid", "price": 0.27, "size": 688.0}, {"op": "delete", "side": "bid", "price": 0.24}, {"op": "set", "side": "ask", "price": 0.7, "size": 237.0}, {"op": "delete", "side": "ask", "price": 0.71}]}
{"t": 1776976163.1601741, "events": [{"op": "set", "side": "ask", "price": 0.7, "size": 203.0}]}
{"t": 1776976164.1660988, "events": [{"op": "set", "side": "ask", "price": 0.7, "size": 237.0}]}
{"t": 1776976168.185441, "events": [{"op": "set", "side": "ask", "price": 0.7, "size": 203.0}]}
{"t": 1776976169.201382, "events": [{"op": "set", "side": "ask", "price": 0.7, "size": 237.0}]}
{"t": 1776976172.213068, "events": [{"op": "set", "side": "bid", "price": 0.27, "size": 244.0}, {"op": "delete", "side": "bid", "price": 0.26}, {"op": "set", "side": "bid", "price": 0.13, "size": 88.98}, {"op": "set", "side": "bid", "price": 0.25, "size": 76.0}, {"op": "delete", "side": "bid", "price": 0.06}, {"op": "set", "side": "bid", "price": 0.14, "size": 20.0}, {"op": "set", "side": "ask", "price": 0.69, "size": 541.0}, {"op": "set", "side": "ask", "price": 0.7, "size": 263.0}]}
{"t": 1776976173.230133, "events": [{"op": "set", "side": "bid", "price": 0.27, "size": 643.0}, {"op": "set", "side": "ask", "price": 0.7, "size": 229.0}]}
{"t": 1776976174.237823, "events": [{"op": "set", "side": "bid", "price": 0.27, "size": 976.0}, {"op": "set", "side": "ask", "price": 0.7, "size": 262.0}]}
{"t": 1776976175.24962, "events": [{"op": "set", "side": "bid", "price": 0.27, "size": 643.0}]}
{"t": 1776976176.259373, "events": [{"op": "set", "side": "bid", "price": 0.27, "size": 341.0}, {"op": "set", "side": "ask", "price": 0.7, "size": 261.0}]}
{"t": 1776976178.273995, "events": [{"op": "set", "side": "bid", "price": 0.27, "size": 1481.0}, {"op": "set", "side": "ask", "price": 0.7, "size": 228.0}]}
{"t": 1776976179.287406, "events": [{"op": "set", "side": "ask", "price": 0.7, "size": 261.0}]}
{"t": 1776976183.318472, "events": [{"op": "set", "side": "ask", "price": 0.7, "size": 228.0}]}
{"t": 1776976184.330831, "events": [{"op": "set", "side": "ask", "price": 0.7, "size": 261.0}]}
{"t": 1776976188.349905, "events": [{"op": "set", "side": "ask", "price": 0.7, "size": 228.0}]}
{"t": 1776976189.36215, "events": [{"op": "set", "side": "ask", "price": 0.7, "size": 261.0}]}
{"t": 1776976193.395335, "events": [{"op": "set", "side": "ask", "price": 0.7, "size": 228.0}]}
{"t": 1776976194.405488, "events": [{"op": "set", "side": "ask", "price": 0.7, "size": 261.0}]}
{"t": 1776976197.420757, "events": [{"op": "set", "side": "bid", "price": 0.27, "size": 3.0}, {"op": "set", "side": "bid", "price": 0.25, "size": 75.0}, {"op": "set", "side": "ask", "price": 0.69, "size": 529.0}]}
{"t": 1776976198.435571, "events": [{"op": "set", "side": "bid", "price": 0.27, "size": 1651.0}, {"op": "set", "side": "bid", "price": 0.21, "size": 28.0}, {"op": "set", "side": "ask", "price": 0.69, "size": 543.0}, {"op": "set", "side": "ask", "price": 0.7, "size": 228.0}, {"op": "set", "side": "ask", "price": 0.71, "size": 37.0}]}
{"t": 1776976199.445118, "events": [{"op": "set", "side": "ask", "price": 0.72, "size": 179.37}]}
{"t": 1776976200.4496331, "events": [{"op": "set", "side": "ask", "price": 0.72, "size": 158.37}]}
{"t": 1776976203.4636748, "events": [{"op": "delete", "side": "bid", "price": 0.21}, {"op": "delete", "side": "ask", "price": 0.71}]}
{"t": 1776976204.476952, "events": [{"op": "delete", "side": "bid", "price": 0.27}, {"op": "set", "side": "bid", "price": 0.26, "size": 25.0}, {"op": "set", "side": "ask", "price": 0.69, "size": 100.0}, {"op": "set", "side": "ask", "price": 0.7, "size": 148.0}]}
{"t": 1776976207.508864, "events": [{"op": "set", "side": "bid", "price": 0.26, "size": 50.0}, {"op": "set", "side": "bid", "price": 0.27, "size": 46.0}, {"op": "set", "side": "ask", "price": 0.69, "size": 545.0}, {"op": "set", "side": "ask", "price": 0.7, "size": 261.0}]}
{"t": 1776976208.525941, "events": [{"op": "set", "side": "bid", "price": 0.27, "size": 711.0}, {"op": "set", "side": "bid", "price": 0.26, "size": 25.0}, {"op": "delete", "side": "bid", "price": 0.25}, {"op": "set", "side": "ask", "price": 0.7, "size": 228.0}]}
{"t": 1776976209.539958, "events": [{"op": "set", "side": "bid", "price": 0.27, "size": 734.0}, {"op": "set", "side": "ask", "price": 0.7, "size": 262.0}]}
{"t": 1776976214.569775, "events": [{"op": "delete", "side": "bid", "price": 0.26}]}
{"t": 1776976215.5757089, "events": [{"op": "set", "side": "bid", "price": 0.27, "size": 1113.0}, {"op": "set", "side": "bid", "price": 0.2, "size": 122.0}, {"op": "set", "side": "ask", "price": 0.7, "size": 263.0}]}
{"t": 1776976217.597552, "events": [{"op": "set", "side": "bid", "price": 0.27, "size": 3.0}, {"op": "set", "side": "bid", "price": 0.2, "size": 121.0}]}
{"t": 1776976218.6080482, "events": [{"op": "set", "side": "bid", "price": 0.27, "size": 1651.0}, {"op": "set", "side": "bid", "price": 0.21, "size": 27.0}, {"op": "set", "side": "ask", "price": 0.7, "size": 261.0}]}
{"t": 1776976222.6332319, "events": [{"op": "delete", "side": "bid", "price": 0.27}, {"op": "delete", "side": "bid", "price": 0.14}, {"op": "set", "side": "bid", "price": 0.21, "size": 54.0}, {"op": "set", "side": "bid", "price": 0.12, "size": 320.0}, {"op": "set", "side": "bid", "price": 0.23, "size": 665.0}, {"op": "set", "side": "bid", "price": 0.22, "size": 47.0}, {"op": "set", "side": "ask", "price": 0.69, "size": 546.0}, {"op": "set", "side": "ask", "price": 0.7, "size": 259.0}]}
{"t": 1776976223.6436858, "events": [{"op": "set", "side": "bid", "price": 0.23, "size": 70.0}, {"op": "set", "side": "bid", "price": 0.22, "size": 40.0}, {"op": "set", "side": "bid", "price": 0.21, "size": 27.0}, {"op": "set", "side": "bid", "price": 0.24, "size": 23.0}, {"op": "set", "side": "ask", "price": 0.7, "size": 227.0}, {"op": "set", "side": "ask", "price": 0.73, "size": 34.0}]}
{"t": 1776976254.822479, "events": [{"op": "delete", "side": "bid", "price": 0.24}, {"op": "delete", "side": "bid", "price": 0.22}, {"op": "delete", "side": "bid", "price": 0.23}, {"op": "delete", "side": "bid", "price": 0.21}, {"op": "set", "side": "ask", "price": 0.69, "size": 530.0}, {"op": "set", "side": "ask", "price": 0.7, "size": 203.0}]}
{"t": 1776976255.835129, "events": [{"op": "set", "side": "bid", "price": 0.13, "size": 28.980000000000004}, {"op": "set", "side": "bid", "price": 0.12, "size": 300.0}, {"op": "set", "side": "bid", "price": 0.26, "size": 665.0}, {"op": "set", "side": "bid", "price": 0.25, "size": 41.0}, {"op": "set", "side": "bid", "price": 0.21, "size": 26.0}, {"op": "set", "side": "bid", "price": 0.24, "size": 23.0}, {"op": "set", "side": "bid", "price": 0.06, "size": 68.0}, {"op": "delete", "side": "ask", "price": 0.73}]}
{"t": 1776976256.854514, "events": [{"op": "set", "side": "ask", "price": 0.71, "size": 32.0}]}
{"t": 1776976258.864931, "events": [{"op": "set", "side": "bid", "price": 0.26, "size": 689.0}, {"op": "delete", "side": "bid", "price": 0.21}]}
{"t": 1776976259.875783, "events": [{"op": "set", "side": "bid", "price": 0.26, "size": 245.0}, {"op": "delete", "side": "bid", "price": 0.25}, {"op": "delete", "side": "bid", "price": 0.24}, {"op": "set", "side": "ask", "price": 0.69, "size": 529.0}]}
{"t": 1776976260.885631, "events": [{"op": "set", "side": "bid", "price": 0.2, "size": 122.0}, {"op": "set", "side": "bid", "price": 0.27, "size": 812.0}]}
{"t": 1776976263.909769, "events": [{"op": "set", "side": "bid", "price": 0.27, "size": 835.0}, {"op": "set", "side": "bid", "price": 0.26, "size": 221.0}, {"op": "set", "side": "ask", "price": 0.7, "size": 237.0}, {"op": "delete", "side": "ask", "price": 0.71}]}
{"t": 1776976271.982254, "events": [{"op": "set", "side": "ask", "price": 0.72, "size": 141.37}]}
{"t": 1776976276.0147579, "events": [{"op": "set", "side": "bid", "price": 0.27, "size": 292.0}, {"op": "delete", "side": "bid", "price": 0.26}, {"op": "set", "side": "ask", "price": 0.69, "size": 513.0}, {"op": "set", "side": "ask", "price": 0.7, "size": 263.0}]}
{"t": 1776976277.039475, "events": [{"op": "set", "side": "bid", "price": 0.27, "size": 1094.0}]}
{"t": 1776976279.0620182, "events": [{"op": "set", "side": "bid", "price": 0.13, "size": 78.98}, {"op": "set", "side": "bid", "price": 0.12, "size": 328.0}, {"op": "delete", "side": "bid", "price": 0.06}]}
{"t": 1776976280.070851, "events": [{"op": "set", "side": "bid", "price": 0.27, "size": 292.0}, {"op": "set", "side": "bid", "price": 0.2, "size": 121.0}]}
{"t": 1776976281.087897, "events": [{"op": "set", "side": "bid", "price": 0.27, "size": 1645.0}, {"op": "set", "side": "bid", "price": 0.21, "size": 29.0}]}
{"t": 1776976284.125754, "events": [{"op": "set", "side": "ask", "price": 0.7, "size": 262.0}]}
{"t": 1776976285.139929, "events": [{"op": "delete", "side": "bid", "price": 0.27}, {"op": "set", "side": "ask", "price": 0.69, "size": 100.0}, {"op": "set", "side": "ask", "price": 0.7, "size": 148.0}]}
{"t": 1776976287.161626, "events": [{"op": "set", "side": "bid", "price": 0.21, "size": 58.0}, {"op": "set", "side": "bid", "price": 0.23, "size": 665.0}, {"op": "set", "side": "bid", "price": 0.22, "size": 52.0}, {"op": "set", "side": "ask", "price": 0.69, "size": 516.0}, {"op": "set", "side": "ask", "price": 0.7, "size": 261.0}]}
{"t": 1776976289.1844962, "events": [{"op": "set", "side": "bid", "price": 0.21, "size": 29.0}, {"op": "set", "side": "ask", "price": 0.7, "size": 228.0}]}
{"t": 1776976290.196137, "events": [{"op": "set", "side": "bid", "price": 0.24, "size": 25.0}, {"op": "set", "side": "ask", "price": 0.71, "size": 37.0}]}
{"t": 1776976301.276474, "events": [{"op": "delete", "side": "bid", "price": 0.24}, {"op": "delete", "side": "bid", "price": 0.22}, {"op": "delete", "side": "bid", "price": 0.23}, {"op": "set", "side": "bid", "price": 0.21, "size": 26.0}, {"op": "set", "side": "bid", "price": 0.13, "size": 28.980000000000004}, {"op": "set", "side": "bid", "price": 0.12, "size": 300.0}, {"op": "set", "side": "bid", "price": 0.06, "size": 67.0}, {"op": "set", "side": "ask", "price": 0.69, "size": 100.0}, {"op": "set", "side": "ask", "price": 0.7, "size": 115.0}]}
{"t": 1776976303.3065321, "events": [{"op": "delete", "side": "ask", "price": 0.71}, {"op": "set", "side": "ask", "price": 0.72, "size": 128.37}]}
{"t": 1776976304.313708, "events": [{"op": "set", "side": "ask", "price": 0.73, "size": 38.0}]}
{"t": 1776976305.355718, "events": [{"op": "set", "side": "bid", "price": 0.23, "size": 665.0}, {"op": "set", "side": "bid", "price": 0.22, "size": 46.0}, {"op": "set", "side": "ask", "price": 0.69, "size": 494.0}, {"op": "set", "side": "ask", "price": 0.7, "size": 203.0}]}
{"t": 1776976306.360851, "events": [{"op": "delete", "side": "bid", "price": 0.23}, {"op": "delete", "side": "bid", "price": 0.22}, {"op": "delete", "side": "bid", "price": 0.21}, {"op": "set", "side": "bid", "price": 0.24, "size": 25.0}]}
{"t": 1776976307.3653572, "events": [{"op": "set", "side": "bid", "price": 0.24, "size": 50.0}, {"op": "set", "side": "bid", "price": 0.26, "size": 665.0}, {"op": "set", "side": "bid", "price": 0.25, "size": 46.0}, {"op": "set", "side": "ask", "price": 0.69, "size": 502.0}]}
{"t": 1776976308.374354, "events": [{"op": "set", "side": "bid", "price": 0.24, "size": 25.0}, {"op": "delete", "side": "ask", "price": 0.73}]}
{"t": 1776976309.386129, "events": [{"op": "set", "side": "bid", "price": 0.26, "size": 689.0}, {"op": "set", "side": "ask", "price": 0.71, "size": 32.0}]}
{"t": 1776976313.409361, "events": [{"op": "delete", "side": "ask", "price": 0.71}]}
{"t": 1776976314.4200819, "events": [{"op": "set", "side": "ask", "price": 0.71, "size": 32.0}]}
{"t": 1776976318.442741, "events": [{"op": "delete", "side": "ask", "price": 0.71}]}
{"t": 1776976319.457519, "events": [{"op": "set", "side": "ask", "price": 0.71, "size": 32.0}]}
{"t": 1776976323.4797351, "events": [{"op": "set", "side": "bid", "price": 0.26, "size": 244.0}, {"op": "delete", "side": "bid", "price": 0.25}, {"op": "delete", "side": "bid", "price": 0.24}, {"op": "set", "side": "bid", "price": 0.13, "size": 102.98}, {"op": "delete", "side": "bid", "price": 0.06}, {"op": "set", "side": "ask", "price": 0.69, "size": 500.0}]}
{"t": 1776976324.50117, "events": [{"op": "set", "side": "bid", "price": 0.2, "size": 122.0}, {"op": "set", "side": "bid", "price": 0.27, "size": 814.0}]}
{"t": 1776976325.519989, "events": [{"op": "set", "side": "bid", "price": 0.27, "size": 837.0}, {"op": "set", "side": "bid", "price": 0.26, "size": 220.0}, {"op": "set", "side": "ask", "price": 0.7, "size": 237.0}, {"op": "delete", "side": "ask", "price": 0.71}]}
{"t": 1776976332.56369, "events": [{"op": "set", "side": "bid", "price": 0.27, "size": 357.0}, {"op": "delete", "side": "bid", "price": 0.26}, {"op": "set", "side": "ask", "price": 0.69, "size": 494.0}]}
{"t": 1776976333.587355, "events": [{"op": "set", "side": "bid", "price": 0.27, "size": 1097.0}, {"op": "set", "side": "ask", "price": 0.69, "size": 514.0}, {"op": "set", "side": "ask", "price": 0.7, "size": 229.0}]}
{"t": 1776976334.603316, "events": [{"op": "set", "side": "bid", "price": 0.27, "size": 698.0}, {"op": "set", "side": "ask", "price": 0.7, "size": 263.0}]}
{"t": 1776976335.619046, "events": [{"op": "set", "side": "bid", "price": 0.27, "size": 2.0}, {"op": "set", "side": "bid", "price": 0.2, "size": 121.0}, {"op": "set", "side": "ask", "price": 0.69, "size": 491.0}, {"op": "set", "side": "ask", "price": 0.7, "size": 237.0}]}
{"t": 1776976336.625223, "events": [{"op": "set", "side": "bid", "price": 0.21, "size": 27.0}]}
{"t": 1776976337.636217, "events": [{"op": "set", "side": "bid", "price": 0.27, "size": 1645.0}]}
{"t": 1776976339.6474261, "events": [{"op": "delete", "side": "bid", "price": 0.27}, {"op": "delete", "side": "bid", "price": 0.21}, {"op": "set", "side": "ask", "price": 0.7, "size": 203.0}]}
{"t": 1776976340.6580539, "events": [{"op": "set", "side": "bid", "price": 0.23, "size": 665.0}, {"op": "set", "side": "bid", "price": 0.22, "size": 48.0}, {"op": "set", "side": "bid", "price": 0.21, "size": 53.0}, {"op": "set", "side": "ask", "price": 0.69, "size": 126.0}, {"op": "set", "side": "ask", "price": 0.7, "size": 141.0}, {"op": "set", "side": "ask", "price": 0.73, "size": 38.0}]}
{"t": 1776976342.686982, "events": [{"op": "set", "side": "bid", "price": 0.23, "size": 68.0}, {"op": "set", "side": "bid", "price": 0.22, "size": 38.0}, {"op": "set", "side": "bid", "price": 0.21, "size": 52.0}]}
{"t": 1776976344.703347, "events": [{"op": "delete", "side": "bid", "price": 0.23}, {"op": "set", "side": "bid", "price": 0.13, "size": 28.980000000000004}, {"op": "delete", "side": "bid", "price": 0.22}, {"op": "delete", "side": "bid", "price": 0.21}, {"op": "set", "side": "bid", "price": 0.24, "size": 23.0}, {"op": "set", "side": "bid", "price": 0.06, "size": 73.0}, {"op": "set", "side": "ask", "price": 0.69, "size": 100.0}, {"op": "set", "side": "ask", "price": 0.7, "size": 115.0}, {"op": "set", "side": "ask", "price": 0.73, "size": 59.0}]}
{"t": 1776976350.768629, "events": [{"op": "set", "side": "bid", "price": 0.26, "size": 665.0}, {"op": "set", "side": "bid", "price": 0.25, "size": 43.0}, {"op": "set", "side": "ask", "price": 0.69, "size": 506.0}, {"op": "set", "side": "ask", "price": 0.7, "size": 203.0}]}
{"t": 1776976351.775647, "events": [{"op": "delete", "side": "bid", "price": 0.26}, {"op": "delete", "side": "bid", "price": 0.25}, {"op": "delete", "side": "bid", "price": 0.24}, {"op": "set", "side": "bid", "price": 0.21, "size": 26.0}, {"op": "set", "side": "ask", "price": 0.69, "size": 100.0}, {"op": "set", "side": "ask", "price": 0.7, "size": 115.0}]}
{"t": 1776976352.80179, "events": [{"op": "set", "side": "ask", "price": 0.73, "size": 38.0}]}
{"t": 1776976356.839608, "events": [{"op": "set", "side": "bid", "price": 0.23, "size": 665.0}, {"op": "set", "side": "bid", "price": 0.22, "size": 44.0}, {"op": "set", "side": "ask", "price": 0.69, "size": 507.0}, {"op": "set", "side": "ask", "price": 0.7, "size": 203.0}, {"op": "delete", "side": "ask", "price": 0.73}]}
{"t": 1776976357.858582, "events": [{"op": "set", "side": "bid", "price": 0.24, "size": 25.0}, {"op": "set", "side": "ask", "price": 0.71, "size": 37.0}]}
{"t": 1776976359.87871, "events": [{"op": "delete", "side": "bid", "price": 0.24}, {"op": "delete", "side": "bid", "price": 0.22}, {"op": "delete", "side": "bid", "price": 0.23}, {"op": "delete", "side": "bid", "price": 0.21}, {"op": "set", "side": "ask", "price": 0.69, "size": 504.0}, {"op": "delete", "side": "ask", "price": 0.71}]}
{"t": 1776976360.895073, "events": [{"op": "set", "side": "bid", "price": 0.26, "size": 665.0}, {"op": "set", "side": "bid", "price": 0.25, "size": 46.0}, {"op": "set", "side": "bid", "price": 0.24, "size": 25.0}]}
{"t": 1776976361.903726, "events": [{"op": "set", "side": "bid", "price": 0.26, "size": 689.0}, {"op": "set", "side": "ask", "price": 0.71, "size": 32.0}]}
{"t": 1776976362.91397, "events": [{"op": "set", "side": "bid", "price": 0.26, "size": 244.0}, {"op": "delete", "side": "bid", "price": 0.25}, {"op": "delete", "side": "bid", "price": 0.24}]}
{"t": 1776976363.930155, "events": [{"op": "set", "side": "bid", "price": 0.2, "size": 122.0}, {"op": "set", "side": "bid", "price": 0.27, "size": 814.0}]}
{"t": 1776976364.937811, "events": [{"op": "set", "side": "bid", "price": 0.26, "size": 220.0}, {"op": "delete", "side": "ask", "price": 0.71}]}
{"t": 1776976365.9445639, "events": [{"op": "set", "side": "bid", "price": 0.27, "size": 837.0}, {"op": "set", "side": "ask", "price": 0.7, "size": 237.0}]}
{"t": 1776976370.9749482, "events": [{"op": "set", "side": "ask", "price": 0.7, "size": 203.0}]}
{"t": 1776976371.985274, "events": [{"op": "set", "side": "ask", "price": 0.7, "size": 237.0}]}
{"t": 1776976375.010626, "events": [{"op": "set", "side": "ask", "price": 0.7, "size": 203.0}]}
{"t": 1776976376.01981, "events": [{"op": "set", "side": "ask", "price": 0.7, "size": 237.0}]}
{"t": 1776976385.0620549, "events": [{"op": "set", "side": "ask", "price": 0.7, "size": 203.0}]}
{"t": 1776976386.068693, "events": [{"op": "set", "side": "ask", "price": 0.7, "size": 237.0}]}
{"t": 1776976390.085834, "events": [{"op": "set", "side": "bid", "price": 0.27, "size": 293.0}, {"op": "delete", "side": "bid", "price": 0.26}, {"op": "set", "side": "bid", "price": 0.13, "size": 101.98}, {"op": "delete", "side": "bid", "price": 0.06}, {"op": "set", "side": "ask", "price": 0.69, "size": 517.0}, {"op": "set", "side": "ask", "price": 0.7, "size": 229.0}]}
{"t": 1776976391.098208, "events": [{"op": "set", "side": "bid", "price": 0.27, "size": 1097.0}, {"op": "set", "side": "ask", "price": 0.7, "size": 263.0}]}
{"t": 1776976393.108543, "events": [{"op": "set", "side": "bid", "price": 0.27, "size": 25.0}, {"op": "set", "side": "bid", "price": 0.2, "size": 121.0}]}
{"t": 1776976394.119156, "events": [{"op": "set", "side": "bid", "price": 0.27, "size": 2.0}, {"op": "set", "side": "bid", "price": 0.21, "size": 27.0}]}
{"t": 1776976395.125777, "events": [{"op": "set", "side": "bid", "price": 0.27, "size": 1646.0}, {"op": "delete", "side": "bid", "price": 0.21}, {"op": "set", "side": "ask", "price": 0.7, "size": 229.0}]}
{"t": 1776976396.130979, "events": [{"op": "set", "side": "bid", "price": 0.21, "size": 29.0}, {"op": "set", "side": "ask", "price": 0.7, "size": 262.0}]}
{"t": 1776976405.183253, "events": [{"op": "delete", "side": "bid", "price": 0.21}, {"op": "set", "side": "ask", "price": 0.7, "size": 229.0}]}
{"t": 1776976406.18958, "events": [{"op": "set", "side": "bid", "price": 0.21, "size": 29.0}, {"op": "set", "side": "ask", "price": 0.7, "size": 262.0}]}
{"t": 1776976415.243485, "events": [{"op": "delete", "side": "bid", "price": 0.27}, {"op": "set", "side": "bid", "price": 0.13, "size": 28.980000000000004}, {"op": "delete", "side": "bid", "price": 0.21}, {"op": "set", "side": "bid", "price": 0.06, "size": 75.0}, {"op": "set", "side": "ask", "price": 0.69, "size": 504.0}, {"op": "set", "side": "ask", "price": 0.7, "size": 229.0}]}
{"t": 1776976416.25911, "events": [{"op": "set", "side": "bid", "price": 0.23, "size": 665.0}, {"op": "set", "side": "bid", "price": 0.22, "size": 50.0}, {"op": "set", "side": "bid", "price": 0.21, "size": 55.0}, {"op": "set", "side": "ask", "price": 0.69, "size": 522.0}, {"op": "set", "side": "ask", "price": 0.7, "size": 228.0}, {"op": "set", "side": "ask", "price": 0.73, "size": 38.0}]}
{"t": 1776976420.296268, "events": [{"op": "set", "side": "bid", "price": 0.21, "size": 29.0}]}
{"t": 1776976421.30323, "events": [{"op": "set", "side": "bid", "price": 0.24, "size": 25.0}]}
{"t": 1776976423.3098712, "events": [{"op": "set", "side": "bid", "price": 0.24, "size": 50.0}, {"op": "delete", "side": "bid", "price": 0.22}, {"op": "delete", "side": "bid", "price": 0.23}, {"op": "delete", "side": "bid", "price": 0.21}, {"op": "set", "side": "bid", "price": 0.25, "size": 45.0}, {"op": "set", "side": "bid", "price": 0.26, "size": 665.0}, {"op": "set", "side": "ask", "price": 0.69, "size": 512.0}, {"op": "set", "side": "ask", "price": 0.7, "size": 203.0}]}
{"t": 1776976424.32556, "events": [{"op": "set", "side": "ask", "price": 0.71, "size": 32.0}, {"op": "delete", "side": "ask", "price": 0.73}]}
{"t": 1776976425.340163, "events": [{"op": "delete", "side": "bid", "price": 0.26}, {"op": "delete", "side": "bid", "price": 0.25}, {"op": "delete", "side": "bid", "price": 0.24}, {"op": "set", "side": "bid", "price": 0.21, "size": 26.0}, {"op": "set", "side": "ask", "price": 0.69, "size": 100.0}, {"op": "set", "side": "ask", "price": 0.7, "size": 115.0}, {"op": "delete", "side": "ask", "price": 0.71}, {"op": "set", "side": "ask", "price": 0.73, "size": 38.0}]}
{"t": 1776976428.364198, "events": [{"op": "set", "side": "bid", "price": 0.21, "size": 52.0}, {"op": "set", "side": "bid", "price": 0.23, "size": 665.0}, {"op": "set", "side": "bid", "price": 0.22, "size": 44.0}, {"op": "set", "side": "ask", "price": 0.69, "size": 514.0}, {"op": "set", "side": "ask", "price": 0.7, "size": 203.0}]}
{"t": 1776976430.376935, "events": [{"op": "set", "side": "bid", "price": 0.21, "size": 26.0}, {"op": "delete", "side": "ask", "price": 0.73}]}
{"t": 1776976431.391558, "events": [{"op": "set", "side": "bid", "price": 0.23, "size": 67.0}, {"op": "set", "side": "bid", "price": 0.22, "size": 38.0}, {"op": "set", "side": "bid", "price": 0.24, "size": 25.0}, {"op": "set", "side": "ask", "price": 0.69, "size": 515.0}, {"op": "set", "side": "ask", "price": 0.71, "size": 37.0}]}
{"t": 1776976435.41402, "events": [{"op": "delete", "side": "ask", "price": 0.71}]}
{"t": 1776976436.4190028, "events": [{"op": "delete", "side": "bid", "price": 0.24}, {"op": "delete", "side": "bid", "price": 0.22}, {"op": "delete", "side": "bid", "price": 0.23}, {"op": "delete", "side": "bid", "price": 0.21}, {"op": "set", "side": "ask", "price": 0.69, "size": 514.0}, {"op": "set", "side": "ask", "price": 0.73, "size": 34.0}]}
{"t": 1776976437.425882, "events": [{"op": "set", "side": "bid", "price": 0.26, "size": 689.0}, {"op": "set", "side": "bid", "price": 0.25, "size": 45.0}, {"op": "set", "side": "bid", "price": 0.24, "size": 25.0}, {"op": "set", "side": "ask", "price": 0.69, "size": 499.0}]}
{"t": 1776976438.4467258, "events": [{"op": "set", "side": "bid", "price": 0.26, "size": 244.0}, {"op": "delete", "side": "bid", "price": 0.25}, {"op": "delete", "side": "bid", "price": 0.24}, {"op": "set", "side": "bid", "price": 0.13, "size": 101.98}, {"op": "delete", "side": "bid", "price": 0.06}, {"op": "set", "side": "ask", "price": 0.69, "size": 513.0}]}
{"t": 1776976439.456811, "events": [{"op": "set", "side": "bid", "price": 0.26, "size": 1045.0}]}
{"t": 1776976440.468045, "events": [{"op": "set", "side": "ask", "price": 0.71, "size": 30.0}, {"op": "delete", "side": "ask", "price": 0.73}]}
{"t": 1776976442.480271, "events": [{"op": "set", "side": "bid", "price": 0.26, "size": 2.0}, {"op": "set", "side": "bid", "price": 0.27, "size": 1647.0}, {"op": "set", "side": "bid", "price": 0.21, "size": 28.0}]}
{"t": 1776976443.4918458, "events": [{"op": "delete", "side": "bid", "price": 0.27}, {"op": "delete", "side": "bid", "price": 0.26}, {"op": "set", "side": "bid", "price": 0.21, "size": 56.0}, {"op": "set", "side": "bid", "price": 0.23, "size": 666.0}, {"op": "set", "side": "bid", "price": 0.22, "size": 47.0}, {"op": "set", "side": "ask", "price": 0.69, "size": 515.0}]}
{"t": 1776976445.5077739, "events": [{"op": "set", "side": "bid", "price": 0.21, "size": 28.0}, {"op": "set", "side": "bid", "price": 0.24, "size": 25.0}, {"op": "set", "side": "ask", "price": 0.71, "size": 37.0}]}
{"t": 1776976451.535392, "events": [{"op": "delete", "side": "bid", "price": 0.24}, {"op": "delete", "side": "bid", "price": 0.22}, {"op": "delete", "side": "bid", "price": 0.23}, {"op": "delete", "side": "bid", "price": 0.21}, {"op": "set", "side": "ask", "price": 0.69, "size": 499.0}]}
{"t": 1776976452.543754, "events": [{"op": "set", "side": "bid", "price": 0.21, "size": 26.0}]}
{"t": 1776976453.5542011, "events": [{"op": "set", "side": "bid", "price": 0.26, "size": 666.0}, {"op": "set", "side": "bid", "price": 0.25, "size": 45.0}, {"op": "set", "side": "bid", "price": 0.24, "size": 25.0}]}
{"t": 1776976454.565593, "events": [{"op": "delete", "side": "bid", "price": 0.26}, {"op": "delete", "side": "bid", "price": 0.25}, {"op": "delete", "side": "bid", "price": 0.24}]}
{"t": 1776976455.5719721, "events": [{"op": "set", "side": "bid", "price": 0.23, "size": 666.0}, {"op": "set", "side": "bid", "price": 0.22, "size": 44.0}, {"op": "set", "side": "ask", "price": 0.69, "size": 516.0}]}
{"t": 1776976456.585608, "events": [{"op": "set", "side": "bid", "price": 0.24, "size": 25.0}]}
{"t": 1776976457.590011, "events": [{"op": "delete", "side": "bid", "price": 0.22}, {"op": "delete", "side": "bid", "price": 0.23}, {"op": "delete", "side": "bid", "price": 0.21}]}
{"t": 1776976459.62, "events": [{"op": "set", "side": "bid", "price": 0.24, "size": 50.0}, {"op": "set", "side": "bid", "price": 0.26, "size": 666.0}, {"op": "set", "side": "bid", "price": 0.25, "size": 45.0}]}
{"t": 1776976460.625124, "events": [{"op": "set", "side": "bid", "price": 0.24, "size": 25.0}, {"op": "set", "side": "bid", "price": 0.27, "size": 22.0}, {"op": "set", "side": "ask", "price": 0.71, "size": 31.0}]}
{"t": 1776976461.631319, "events": [{"op": "delete", "side": "bid", "price": 0.26}, {"op": "delete", "side": "bid", "price": 0.24}, {"op": "delete", "side": "bid", "price": 0.25}, {"op": "set", "side": "ask", "price": 0.69, "size": 515.0}]}
{"t": 1776976462.638276, "events": [{"op": "set", "side": "bid", "price": 0.27, "size": 752.0}]}
{"t": 1776976465.66493, "events": [{"op": "delete", "side": "bid", "price": 0.27}, {"op": "set", "side": "bid", "price": 0.13, "size": 28.980000000000004}, {"op": "set", "side": "bid", "price": 0.21, "size": 26.0}, {"op": "set", "side": "bid", "price": 0.06, "size": 74.0}, {"op": "set", "side": "ask", "price": 0.69, "size": 100.0}, {"op": "set", "side": "ask", "price": 0.7, "size": 115.0}, {"op": "delete", "side": "ask", "price": 0.71}, {"op": "set", "side": "ask", "price": 0.73, "size": 37.0}]}
{"t": 1776976467.6886039, "events": [{"op": "set", "side": "bid", "price": 0.21, "size": 52.0}, {"op": "set", "side": "bid", "price": 0.23, "size": 666.0}, {"op": "set", "side": "bid", "price": 0.22, "size": 45.0}, {"op": "set", "side": "ask", "price": 0.69, "size": 518.0}, {"op": "set", "side": "ask", "price": 0.7, "size": 203.0}]}
{"t": 1776976470.713255, "events": [{"op": "set", "side": "bid", "price": 0.21, "size": 26.0}, {"op": "set", "side": "bid", "price": 0.24, "size": 25.0}, {"op": "set", "side": "ask", "price": 0.71, "size": 37.0}, {"op": "delete", "side": "ask", "price": 0.73}]}
{"t": 1776976472.725442, "events": [{"op": "set", "side": "bid", "price": 0.24, "size": 50.0}, {"op": "delete", "side": "bid", "price": 0.22}, {"op": "delete", "side": "bid", "price": 0.23}, {"op": "delete", "side": "bid", "price": 0.21}, {"op": "set", "side": "bid", "price": 0.25, "size": 45.0}, {"op": "set", "side": "bid", "price": 0.26, "size": 666.0}, {"op": "set", "side": "ask", "price": 0.69, "size": 517.0}]}
{"t": 1776976474.742902, "events": [{"op": "set", "side": "bid", "price": 0.24, "size": 25.0}, {"op": "delete", "side": "ask", "price": 0.71}]}
{"t": 1776976475.752197, "events": [{"op": "set", "side": "bid", "price": 0.26, "size": 690.0}, {"op": "set", "side": "ask", "price": 0.71, "size": 32.0}]}
{"t": 1776976477.761339, "events": [{"op": "set", "side": "bid", "price": 0.26, "size": 24.0}, {"op": "delete", "side": "bid", "price": 0.25}, {"op": "delete", "side": "bid", "price": 0.24}, {"op": "set", "side": "ask", "price": 0.69, "size": 100.0}, {"op": "set", "side": "ask", "price": 0.7, "size": 115.0}]}
{"t": 1776976479.7830348, "events": [{"op": "delete", "side": "bid", "price": 0.26}, {"op": "delete", "side": "ask", "price": 0.71}]}
{"t": 1776976480.793513, "events": [{"op": "set", "side": "bid", "price": 0.21, "size": 26.0}, {"op": "set", "side": "ask", "price": 0.73, "size": 37.0}]}
{"t": 1776976481.809105, "events": [{"op": "set", "side": "bid", "price": 0.21, "size": 205.0}, {"op": "set", "side": "bid", "price": 0.2, "size": 239.0}, {"op": "set", "side": "bid", "price": 0.22, "size": 666.0}, {"op": "set", "side": "ask", "price": 0.69, "size": 503.0}, {"op": "set", "side": "ask", "price": 0.7, "size": 203.0}]}
{"t": 1776976484.820907, "events": [{"op": "set", "side": "bid", "price": 0.22, "size": 92.0}, {"op": "set", "side": "bid", "price": 0.21, "size": 86.0}, {"op": "set", "side": "bid", "price": 0.2, "size": 121.0}]}
{"t": 1776976485.858399, "events": [{"op": "set", "side": "bid", "price": 0.21, "size": 60.0}, {"op": "set", "side": "bid", "price": 0.24, "size": 24.0}, {"op": "set", "side": "bid", "price": 0.23, "size": 186.0}, {"op": "set", "side": "ask", "price": 0.69, "size": 522.0}]}
{"t": 1776976490.901129, "events": [{"op": "delete", "side": "bid", "price": 0.24}, {"op": "delete", "side": "bid", "price": 0.22}, {"op": "delete", "side": "bid", "price": 0.23}, {"op": "delete", "side": "bid", "price": 0.21}, {"op": "set", "side": "bid", "price": 0.13, "size": 98.98}, {"op": "delete", "side": "bid", "price": 0.06}]}
{"t": 1776976491.914994, "events": [{"op": "set", "side": "bid", "price": 0.26, "size": 666.0}, {"op": "set", "side": "bid", "price": 0.25, "size": 43.0}, {"op": "set", "side": "bid", "price": 0.21, "size": 26.0}, {"op": "set", "side": "bid", "price": 0.24, "size": 24.0}, {"op": "set", "side": "ask", "price": 0.69, "size": 521.0}, {"op": "delete", "side": "ask", "price": 0.73}]}
{"t": 1776976492.923475, "events": [{"op": "set", "side": "ask", "price": 0.71, "size": 31.0}]}
{"t": 1776976494.9357922, "events": [{"op": "delete", "side": "bid", "price": 0.21}, {"op": "delete", "side": "ask", "price": 0.71}]}
{"t": 1776976495.9455118, "events": [{"op": "set", "side": "bid", "price": 0.26, "size": 690.0}, {"op": "set", "side": "ask", "price": 0.71, "size": 32.0}]}
{"t": 1776976499.969461, "events": [{"op": "delete", "side": "ask", "price": 0.71}]}
{"t": 1776976500.976686, "events": [{"op": "set", "side": "ask", "price": 0.71, "size": 32.0}]}
{"t": 1776976504.995602, "events": [{"op": "delete", "side": "bid", "price": 0.25}, {"op": "delete", "side": "bid", "price": 0.24}, {"op": "delete", "side": "ask", "price": 0.71}]}
{"t": 1776976506.004798, "events": [{"op": "set", "side": "bid", "price": 0.26, "size": 221.0}, {"op": "set", "side": "bid", "price": 0.27, "size": 334.0}, {"op": "set", "side": "ask", "price": 0.71, "size": 31.0}]}
{"t": 1776976507.017001, "events": [{"op": "set", "side": "bid", "price": 0.27, "size": 838.0}]}
{"t": 1776976510.0364318, "events": [{"op": "delete", "side": "ask", "price": 0.71}]}
{"t": 1776976511.044847, "events": [{"op": "set", "side": "ask", "price": 0.7, "size": 237.0}]}
{"t": 1776976517.098359, "events": [{"op": "set", "side": "ask", "price": 0.72, "size": 96.37}]}
{"t": 1776976519.114893, "events": [{"op": "delete", "side": "bid", "price": 0.05}, {"op": "set", "side": "bid", "price": 0.04, "size": 3275.0}, {"op": "delete", "side": "ask", "price": 0.34}, {"op": "set", "side": "ask", "price": 0.37, "size": 2049.0}]}
{"t": 1776976520.122738, "events": [{"op": "set", "side": "ask", "price": 0.7, "size": 203.0}]}
{"t": 1776976521.1357608, "events": [{"op": "set", "side": "bid", "price": 0.27, "size": 292.0}, {"op": "delete", "side": "bid", "price": 0.26}, {"op": "delete", "side": "ask", "price": 0.35}, {"op": "set", "side": "ask", "price": 0.36, "size": 5.0}, {"op": "set", "side": "ask", "price": 0.69, "size": 487.0}, {"op": "set", "side": "ask", "price": 0.7, "size": 236.0}, {"op": "set", "side": "ask", "price": 0.38, "size": 69.0}]}
{"t": 1776976522.1437619, "events": [{"op": "set", "side": "bid", "price": 0.27, "size": 791.0}, {"op": "set", "side": "bid", "price": 0.2, "size": 122.0}]}
{"t": 1776976523.1505, "events": [{"op": "set", "side": "bid", "price": 0.27, "size": 1198.0}]}
{"t": 1776976525.156095, "events": [{"op": "set", "side": "ask", "price": 0.7, "size": 203.0}]}
{"t": 1776976526.162179, "events": [{"op": "set", "side": "ask", "price": 0.7, "size": 235.0}]}
{"t": 1776976535.199321, "events": [{"op": "set", "side": "ask", "price": 0.7, "size": 203.0}]}
{"t": 1776976536.203557, "events": [{"op": "delete", "side": "bid", "price": 0.27}, {"op": "set", "side": "bid", "price": 0.13, "size": 28.980000000000004}, {"op": "set", "side": "bid", "price": 0.2, "size": 121.0}, {"op": "set", "side": "bid", "price": 0.21, "size": 26.0}, {"op": "set", "side": "bid", "price": 0.05, "size": 73.0}, {"op": "set", "side": "ask", "price": 0.69, "size": 100.0}, {"op": "set", "side": "ask", "price": 0.7, "size": 147.0}]}
{"t": 1776976537.216504, "events": [{"op": "delete", "side": "ask", "price": 0.36}, {"op": "set", "side": "ask", "price": 0.39, "size": 5.0}]}
{"t": 1776976538.221212, "events": [{"op": "set", "side": "bid", "price": 0.21, "size": 52.0}, {"op": "set", "side": "bid", "price": 0.23, "size": 666.0}, {"op": "set", "side": "bid", "price": 0.22, "size": 45.0}, {"op": "set", "side": "ask", "price": 0.69, "size": 515.0}, {"op": "set", "side": "ask", "price": 0.7, "size": 259.0}]}
{"t": 1776976540.237312, "events": [{"op": "set", "side": "bid", "price": 0.21, "size": 26.0}, {"op": "set", "side": "ask", "price": 0.7, "size": 227.0}]}
{"t": 1776976541.245595, "events": [{"op": "set", "side": "bid", "price": 0.24, "size": 25.0}, {"op": "set", "side": "ask", "price": 0.71, "size": 37.0}]}
{"t": 1776976543.262648, "events": [{"op": "set", "side": "bid", "price": 0.22, "size": 38.0}, {"op": "set", "side": "bid", "price": 0.23, "size": 67.0}]}
{"t": 1776976544.27052, "events": [{"op": "set", "side": "ask", "price": 0.69, "size": 548.0}]}
{"t": 1776976545.305117, "events": [{"op": "delete", "side": "bid", "price": 0.22}, {"op": "delete", "side": "bid", "price": 0.23}, {"op": "delete", "side": "bid", "price": 0.21}, {"op": "delete", "side": "ask", "price": 0.71}, {"op": "set", "side": "ask", "price": 0.73, "size": 34.0}]}
{"t": 1776976546.315924, "events": [{"op": "set", "side": "bid", "price": 0.26, "size": 666.0}, {"op": "set", "side": "bid", "price": 0.25, "size": 45.0}, {"op": "set", "side": "bid", "price": 0.21, "size": 26.0}, {"op": "set", "side": "ask", "price": 0.69, "size": 528.0}, {"op": "set", "side": "ask", "price": 0.7, "size": 203.0}]}
{"t": 1776976548.331649, "events": [{"op": "delete", "side": "bid", "price": 0.26}, {"op": "delete", "side": "bid", "price": 0.25}, {"op": "delete", "side": "bid", "price": 0.24}, {"op": "set", "side": "ask", "price": 0.69, "size": 515.0}]}
{"t": 1776976550.374534, "events": [{"op": "set", "side": "bid", "price": 0.24, "size": 25.0}, {"op": "set", "side": "bid", "price": 0.22, "size": 44.0}, {"op": "set", "side": "bid", "price": 0.23, "size": 666.0}, {"op": "set", "side": "ask", "price": 0.69, "size": 531.0}, {"op": "set", "side": "ask", "price": 0.71, "size": 37.0}, {"op": "delete", "side": "ask", "price": 0.73}]}
{"t": 1776976552.38733, "events": [{"op": "delete", "side": "bid", "price": 0.22}, {"op": "delete", "side": "bid", "price": 0.23}, {"op": "delete", "side": "bid", "price": 0.21}, {"op": "set", "side": "ask", "price": 0.69, "size": 528.0}]}
{"t": 1776976553.394047, "events": [{"op": "set", "side": "bid", "price": 0.24, "size": 50.0}, {"op": "set", "side": "bid", "price": 0.26, "size": 666.0}, {"op": "set", "side": "bid", "price": 0.25, "size": 45.0}]}
{"t": 1776976555.404792, "events": [{"op": "set", "side": "bid", "price": 0.24, "size": 25.0}, {"op": "delete", "side": "ask", "price": 0.71}]}
{"t": 1776976556.4166641, "events": [{"op": "set", "side": "bid", "price": 0.26, "size": 690.0}, {"op": "set", "side": "ask", "price": 0.71, "size": 31.0}]}
{"t": 1776976560.430049, "events": [{"op": "set", "side": "bid", "price": 0.26, "size": 245.0}, {"op": "delete", "side": "bid", "price": 0.25}, {"op": "delete", "side": "bid", "price": 0.24}, {"op": "set", "side": "bid", "price": 0.13, "size": 97.98}, {"op": "delete", "side": "bid", "price": 0.05}, {"op": "set", "side": "ask", "price": 0.69, "size": 527.0}, {"op": "delete", "side": "ask", "price": 0.71}]}
{"t": 1776976561.438821, "events": [{"op": "set", "side": "bid", "price": 0.26, "size": 221.0}, {"op": "set", "side": "bid", "price": 0.27, "size": 842.0}, {"op": "set", "side": "ask", "price": 0.7, "size": 237.0}, {"op": "set", "side": "ask", "price": 0.72, "size": 94.67}]}
{"t": 1776976565.468847, "events": [{"op": "set", "side": "bid", "price": 0.27, "size": 294.0}, {"op": "delete", "side": "bid", "price": 0.26}, {"op": "set", "side": "ask", "price": 0.69, "size": 515.0}]}
{"t": 1776976566.4827142, "events": [{"op": "set", "side": "bid", "price": 0.27, "size": 1201.0}, {"op": "set", "side": "bid", "price": 0.2, "size": 122.0}, {"op": "set", "side": "ask", "price": 0.69, "size": 546.0}, {"op": "set", "side": "ask", "price": 0.7, "size": 263.0}]}
{"t": 1776976569.49947, "events": [{"op": "delete", "side": "bid", "price": 0.27}, {"op": "set", "side": "bid", "price": 0.2, "size": 121.0}, {"op": "set", "side": "ask", "price": 0.69, "size": 100.0}, {"op": "set", "side": "ask", "price": 0.7, "size": 149.0}]}
{"t": 1776976570.521151, "events": [{"op": "set", "side": "bid", "price": 0.21, "size": 26.0}, {"op": "set", "side": "ask", "price": 0.7, "size": 115.0}, {"op": "set", "side": "ask", "price": 0.73, "size": 37.0}]}
{"t": 1776976571.5276349, "events": [{"op": "set", "side": "bid", "price": 0.21, "size": 52.0}, {"op": "set", "side": "bid", "price": 0.23, "size": 666.0}, {"op": "set", "side": "bid", "price": 0.22, "size": 45.0}, {"op": "set", "side": "ask", "price": 0.69, "size": 530.0}, {"op": "set", "side": "ask", "price": 0.7, "size": 203.0}]}
{"t": 1776976574.550605, "events": [{"op": "set", "side": "bid", "price": 0.23, "size": 67.0}, {"op": "set", "side": "bid", "price": 0.22, "size": 38.0}, {"op": "set", "side": "ask", "price": 0.69, "size": 531.0}]}
{"t": 1776976575.5694778, "events": [{"op": "set", "side": "bid", "price": 0.21, "size": 26.0}]}
{"t": 1776976576.575867, "events": [{"op": "delete", "side": "bid", "price": 0.23}, {"op": "delete", "side": "bid", "price": 0.22}, {"op": "delete", "side": "bid", "price": 0.21}, {"op": "set", "side": "bid", "price": 0.24, "size": 24.0}, {"op": "set", "side": "ask", "price": 0.69, "size": 529.0}, {"op": "set", "side": "ask", "price": 0.73, "size": 58.0}]}
{"t": 1776976578.5899022, "events": [{"op": "set", "side": "bid", "price": 0.24, "size": 48.0}, {"op": "set", "side": "bid", "price": 0.26, "size": 666.0}, {"op": "set", "side": "bid", "price": 0.25, "size": 43.0}, {"op": "set", "side": "ask", "price": 0.71, "size": 31.0}, {"op": "set", "side": "ask", "price": 0.73, "size": 21.0}]}
{"t": 1776976579.598368, "events": [{"op": "set", "side": "bid", "price": 0.26, "size": 63.0}, {"op": "set", "side": "bid", "price": 0.25, "size": 36.0}]}
{"t": 1776976580.610691, "events": [{"op": "set", "side": "bid", "price": 0.25, "size": 60.0}, {"op": "set", "side": "bid", "price": 0.24, "size": 24.0}, {"op": "set", "side": "ask", "price": 0.71, "size": 36.0}]}
{"t": 1776976582.626801, "events": [{"op": "set", "side": "bid", "price": 0.26, "size": 36.0}, {"op": "set", "side": "bid", "price": 0.25, "size": 48.0}, {"op": "delete", "side": "bid", "price": 0.24}, {"op": "set", "side": "ask", "price": 0.69, "size": 528.0}]}
{"t": 1776976583.6361852, "events": [{"op": "set", "side": "bid", "price": 0.26, "size": 86.0}]}
{"t": 1776976585.646488, "events": [{"op": "set", "side": "bid", "price": 0.25, "size": 24.0}, {"op": "set", "side": "bid", "price": 0.21, "size": 28.0}]}
{"t": 1776976586.651933, "events": [{"op": "delete", "side": "ask", "price": 0.73}]}
{"t": 1776976587.65838, "events": [{"op": "delete", "side": "bid", "price": 0.26}, {"op": "delete", "side": "bid", "price": 0.25}, {"op": "set", "side": "bid", "price": 0.22, "size": 70.0}]}
{"t": 1776976588.667841, "events": [{"op": "set", "side": "bid", "price": 0.22, "size": 117.0}, {"op": "set", "side": "bid", "price": 0.21, "size": 56.0}, {"op": "set", "side": "bid", "price": 0.23, "size": 666.0}, {"op": "set", "side": "ask", "price": 0.69, "size": 530.0}, {"op": "set", "side": "ask", "price": 0.72, "size": 115.67}]}
{"t": 1776976590.681835, "events": [{"op": "set", "side": "bid", "price": 0.21, "size": 28.0}, {"op": "set", "side": "bid", "price": 0.24, "size": 25.0}, {"op": "set", "side": "ask", "price": 0.71, "size": 37.0}]}
{"t": 1776976592.712306, "events": [{"op": "set", "side": "bid", "price": 0.24, "size": 50.0}, {"op": "set", "side": "bid", "price": 0.22, "size": 70.0}, {"op": "delete", "side": "bid", "price": 0.23}, {"op": "delete", "side": "bid", "price": 0.21}, {"op": "set", "side": "bid", "price": 0.26, "size": 80.0}, {"op": "set", "side": "bid", "price": 0.25, "size": 37.0}, {"op": "set", "side": "ask", "price": 0.69, "size": 529.0}]}
{"t": 1776976595.7320058, "events": [{"op": "set", "side": "bid", "price": 0.25, "size": 61.0}, {"op": "set", "side": "bid", "price": 0.24, "size": 25.0}, {"op": "set", "side": "ask", "price": 0.71, "size": 36.0}]}
{"t": 1776976597.742348, "events": [{"op": "set", "side": "ask", "price": 0.72, "size": 94.67}]}
{"t": 1776976600.7549388, "events": [{"op": "set", "side": "bid", "price": 0.26, "size": 102.0}, {"op": "set", "side": "bid", "price": 0.25, "size": 37.0}, {"op": "set", "side": "ask", "price": 0.71, "size": 35.0}]}
{"t": 1776976605.780865, "events": [{"op": "set", "side": "bid", "price": 0.26, "size": 27.0}, {"op": "delete", "side": "bid", "price": 0.25}, {"op": "delete", "side": "bid", "price": 0.24}, {"op": "set", "side": "bid", "price": 0.27, "size": 42.0}, {"op": "set", "side": "ask", "price": 0.69, "size": 528.0}, {"op": "set", "side": "ask", "price": 0.71, "size": 36.0}]}
{"t": 1776976606.794375, "events": [{"op": "set", "side": "bid", "price": 0.27, "size": 139.0}, {"op": "set", "side": "bid", "price": 0.23, "size": 27.0}]}
{"t": 1776976607.800011, "events": [{"op": "delete", "side": "bid", "price": 0.27}, {"op": "delete", "side": "bid", "price": 0.26}, {"op": "set", "side": "bid", "price": 0.23, "size": 54.0}, {"op": "set", "side": "bid", "price": 0.25, "size": 666.0}, {"op": "set", "side": "bid", "price": 0.24, "size": 47.0}, {"op": "set", "side": "ask", "price": 0.69, "size": 529.0}]}
{"t": 1776976609.811253, "events": [{"op": "set", "side": "ask", "price": 0.72, "size": 115.67}]}
{"t": 1776976610.818959, "events": [{"op": "set", "side": "bid", "price": 0.23, "size": 27.0}, {"op": "set", "side": "bid", "price": 0.26, "size": 23.0}, {"op": "set", "side": "ask", "price": 0.71, "size": 34.0}]}
{"t": 1776976619.87493, "events": [{"op": "delete", "side": "ask", "price": 0.71}]}
{"t": 1776976620.890514, "events": [{"op": "set", "side": "ask", "price": 0.71, "size": 34.0}, {"op": "set", "side": "ask", "price": 0.72, "size": 94.67}]}
{"t": 1776976624.9222841, "events": [{"op": "set", "side": "bid", "price": 0.26, "size": 86.0}, {"op": "delete", "side": "bid", "price": 0.25}, {"op": "set", "side": "bid", "price": 0.22, "size": 82.0}, {"op": "delete", "side": "bid", "price": 0.24}, {"op": "set", "side": "bid", "price": 0.27, "size": 34.0}, {"op": "set", "side": "ask", "price": 0.68, "size": 631.0}, {"op": "set", "side": "ask", "price": 0.69, "size": 1099.0}, {"op": "set", "side": "ask", "price": 0.7, "size": 115.0}, {"op": "set", "side": "ask", "price": 0.72, "size": 96.67}]}
{"t": 1776976625.935311, "events": [{"op": "set", "side": "ask", "price": 0.71, "size": 35.0}]}
{"t": 1776976627.946018, "events": [{"op": "delete", "side": "bid", "price": 0.27}, {"op": "delete", "side": "bid", "price": 0.26}, {"op": "set", "side": "bid", "price": 0.22, "size": 70.0}, {"op": "set", "side": "ask", "price": 0.68, "size": 15.0}, {"op": "set", "side": "ask", "price": 0.69, "size": 100.0}, {"op": "set", "side": "ask", "price": 0.72, "size": 94.67}]}
{"t": 1776976629.966581, "events": [{"op": "delete", "side": "ask", "price": 0.71}, {"op": "set", "side": "ask", "price": 0.72, "size": 115.67}]}
{"t": 1776976630.9735959, "events": [{"op": "set", "side": "bid", "price": 0.25, "size": 666.0}, {"op": "set", "side": "bid", "price": 0.24, "size": 54.0}, {"op": "set", "side": "ask", "price": 0.69, "size": 521.0}, {"op": "set", "side": "ask", "price": 0.7, "size": 203.0}, {"op": "set", "side": "ask", "price": 0.73, "size": 35.0}]}
{"t": 1776976631.9891021, "events": [{"op": "set", "side": "bid", "price": 0.26, "size": 24.0}]}
{"t": 1776976635.0095758, "events": [{"op": "set", "side": "ask", "price": 0.72, "size": 94.67}]}
{"t": 1776976636.012798, "events": [{"op": "delete", "side": "bid", "price": 0.25}, {"op": "delete", "side": "bid", "price": 0.23}, {"op": "delete", "side": "bid", "price": 0.24}, {"op": "set", "side": "ask", "price": 0.7, "size": 115.0}, {"op": "set", "side": "ask", "price": 0.71, "size": 33.0}, {"op": "delete", "side": "ask", "price": 0.73}]}
{"t": 1776976637.021386, "events": [{"op": "set", "side": "bid", "price": 0.26, "size": 86.0}, {"op": "set", "side": "bid", "price": 0.22, "size": 82.0}, {"op": "set", "side": "bid", "price": 0.27, "size": 36.0}, {"op": "set", "side": "bid", "price": 0.23, "size": 25.0}, {"op": "set", "side": "ask", "price": 0.68, "size": 631.0}, {"op": "set", "side": "ask", "price": 0.69, "size": 1099.0}, {"op": "set", "side": "ask", "price": 0.72, "size": 96.67}]}
{"t": 1776976640.0406752, "events": [{"op": "delete", "side": "bid", "price": 0.23}, {"op": "delete", "side": "ask", "price": 0.38}, {"op": "set", "side": "ask", "price": 0.03, "size": 94.0}, {"op": "delete", "side": "ask", "price": 0.71}]}
{"t": 1776976641.045354, "events": [{"op": "set", "side": "bid", "price": 0.23, "size": 27.0}, {"op": "set", "side": "ask", "price": 0.71, "size": 34.0}]}
{"t": 1776976645.071788, "events": [{"op": "delete", "side": "bid", "price": 0.23}, {"op": "set", "side": "bid", "price": 0.13, "size": 83.49000000000001}]}
{"t": 1776976646.075077, "events": [{"op": "set", "side": "bid", "price": 0.23, "size": 27.0}]}
{"t": 1776976647.082238, "events": [{"op": "set", "side": "bid", "price": 0.21, "size": 14.49}]}
{"t": 1776976648.087174, "events": [{"op": "delete", "side": "bid", "price": 0.27}, {"op": "delete", "side": "bid", "price": 0.26}, {"op": "set", "side": "bid", "price": 0.22, "size": 70.0}, {"op": "set", "side": "bid", "price": 0.23, "size": 54.0}, {"op": "set", "side": "bid", "price": 0.25, "size": 60.0}, {"op": "set", "side": "bid", "price": 0.24, "size": 40.0}, {"op": "set", "side": "ask", "price": 0.69, "size": 806.0}, {"op": "set", "side": "ask", "price": 0.68, "size": 15.0}, {"op": "set", "side": "ask", "price": 0.7, "size": 203.0}, {"op": "set", "side": "ask", "price": 0.72, "size": 94.67}]}
{"t": 1776976650.106755, "events": [{"op": "delete", "side": "bid", "price": 0.22}, {"op": "set", "side": "bid", "price": 0.23, "size": 27.0}, {"op": "set", "side": "ask", "price": 0.69, "size": 594.0}, {"op": "delete", "side": "ask", "price": 0.71}, {"op": "set", "side": "ask", "price": 0.72, "size": 115.67}]}
{"t": 1776976651.118593, "events": [{"op": "set", "side": "bid", "price": 0.25, "size": 93.0}, {"op": "set", "side": "ask", "price": 0.71, "size": 37.0}]}
{"t": 1776976653.130749, "events": [{"op": "set", "side": "bid", "price": 0.25, "size": 47.0}, {"op": "delete", "side": "bid", "price": 0.24}, {"op": "delete", "side": "bid", "price": 0.23}, {"op": "set", "side": "bid", "price": 0.27, "size": 73.0}, {"op": "set", "side": "bid", "price": 0.26, "size": 36.0}, {"op": "set", "side": "ask", "price": 0.69, "size": 493.0}]}
{"t": 1776976655.139762, "events": [{"op": "set", "side": "bid", "price": 0.25, "size": 24.0}, {"op": "delete", "side": "ask", "price": 0.71}, {"op": "set", "side": "ask", "price": 0.72, "size": 94.67}]}
{"t": 1776976656.145735, "events": [{"op": "set", "side": "bid", "price": 0.26, "size": 59.0}, {"op": "set", "side": "ask", "price": 0.71, "size": 34.0}]}
{"t": 1776976658.1601331, "events": [{"op": "set", "side": "bid", "price": 0.27, "size": 72.0}]}
{"t": 1776976660.164791, "events": [{"op": "set", "side": "bid", "price": 0.27, "size": 96.0}, {"op": "set", "side": "bid", "price": 0.26, "size": 46.0}, {"op": "delete", "side": "bid", "price": 0.25}, {"op": "set", "side": "ask", "price": 0.69, "size": 527.0}]}
{"t": 1776976661.1799512, "events": [{"op": "set", "side": "bid", "price": 0.26, "size": 23.0}, {"op": "delete", "side": "ask", "price": 0.71}]}
{"t": 1776976662.1883461, "events": [{"op": "set", "side": "bid", "price": 0.22, "size": 28.0}, {"op": "set", "side": "ask", "price": 0.71, "size": 34.0}]}
{"t": 1776976665.228876, "events": [{"op": "delete", "side": "bid", "price": 0.22}, {"op": "delete", "side": "ask", "price": 0.71}]}
{"t": 1776976666.242671, "events": [{"op": "set", "side": "bid", "price": 0.22, "size": 28.0}, {"op": "set", "side": "ask", "price": 0.71, "size": 34.0}]}
{"t": 1776976670.27538, "events": [{"op": "delete", "side": "bid", "price": 0.22}, {"op": "delete", "side": "ask", "price": 0.71}]}
{"t": 1776976671.281625, "events": [{"op": "set", "side": "bid", "price": 0.22, "size": 28.0}, {"op": "set", "side": "ask", "price": 0.71, "size": 34.0}]}
{"t": 1776976675.3047261, "events": [{"op": "delete", "side": "bid", "price": 0.22}, {"op": "delete", "side": "ask", "price": 0.71}]}
{"t": 1776976676.313505, "events": [{"op": "set", "side": "bid", "price": 0.22, "size": 28.0}, {"op": "set", "side": "ask", "price": 0.71, "size": 34.0}]}
{"t": 1776976678.328463, "events": [{"op": "delete", "side": "ask", "price": 0.39}, {"op": "set", "side": "ask", "price": 0.38, "size": 5.0}]}
{"t": 1776976680.334271, "events": [{"op": "delete", "side": "bid", "price": 0.22}, {"op": "delete", "side": "ask", "price": 0.71}]}
{"t": 1776976681.3585122, "events": [{"op": "set", "side": "bid", "price": 0.22, "size": 28.0}, {"op": "set", "side": "ask", "price": 0.71, "size": 34.0}]}
{"t": 1776976688.379301, "events": [{"op": "delete", "side": "bid", "price": 0.27}, {"op": "delete", "side": "bid", "price": 0.26}, {"op": "set", "side": "ask", "price": 0.38, "size": 77.0}, {"op": "set", "side": "ask", "price": 0.69, "size": 493.0}, {"op": "set", "side": "ask", "price": 0.03, "size": 20.0}]}
{"t": 1776976689.3868952, "events": [{"op": "set", "side": "bid", "price": 0.22, "size": 56.0}, {"op": "set", "side": "bid", "price": 0.24, "size": 666.0}, {"op": "set", "side": "bid", "price": 0.23, "size": 48.0}, {"op": "set", "side": "ask", "price": 0.69, "size": 529.0}]}
{"t": 1776976690.397115, "events": [{"op": "set", "side": "bid", "price": 0.22, "size": 28.0}, {"op": "delete", "side": "ask", "price": 0.71}]}
{"t": 1776976691.417778, "events": [{"op": "set", "side": "bid", "price": 0.25, "size": 24.0}, {"op": "set", "side": "ask", "price": 0.71, "size": 36.0}, {"op": "set", "side": "ask", "price": 0.72, "size": 115.67}]}
{"t": 1776976694.6291242, "events": [{"op": "delete", "side": "bid", "price": 0.24}, {"op": "delete", "side": "bid", "price": 0.22}, {"op": "delete", "side": "bid", "price": 0.23}, {"op": "set", "side": "ask", "price": 0.69, "size": 100.0}, {"op": "set", "side": "ask", "price": 0.7, "size": 115.0}]}
{"t": 1776976695.801642, "events": [{"op": "delete", "side": "bid", "price": 0.25}, {"op": "set", "side": "bid", "price": 0.21, "size": 40.49}, {"op": "delete", "side": "ask", "price": 0.71}]}
{"t": 1776976696.810546, "events": [{"op": "set", "side": "ask", "price": 0.73, "size": 37.0}]}
{"t": 1776976698.8431628, "events": [{"op": "set", "side": "bid", "price": 0.21, "size": 79.49000000000001}, {"op": "set", "side": "bid", "price": 0.23, "size": 666.0}, {"op": "set", "side": "bid", "price": 0.22, "size": 65.0}, {"op": "set", "side": "ask", "price": 0.69, "size": 503.0}, {"op": "set", "side": "ask", "price": 0.7, "size": 203.0}]}
{"t": 1776976701.868041, "events": [{"op": "set", "side": "ask", "price": 0.72, "size": 94.67}]}
{"t": 1776976702.870096, "events": [{"op": "set", "side": "bid", "price": 0.21, "size": 53.49000000000001}, {"op": "set", "side": "ask", "price": 0.73, "size": 21.0}]}
{"t": 1776976703.879584, "events": [{"op": "set", "side": "bid", "price": 0.23, "size": 53.0}, {"op": "set", "side": "bid", "price": 0.22, "size": 20.0}, {"op": "set", "side": "bid", "price": 0.21, "size": 28.49000000000001}, {"op": "set", "side": "bid", "price": 0.24, "size": 25.0}, {"op": "set", "side": "ask", "price": 0.69, "size": 502.0}, {"op": "set", "side": "ask", "price": 0.71, "size": 37.0}]}
{"t": 1776976705.8967402, "events": [{"op": "delete", "side": "ask", "price": 0.71}, {"op": "set", "side": "ask", "price": 0.73, "size": 56.0}]}
{"t": 1776976720.0040588, "events": [{"op": "delete", "side": "bid", "price": 0.22}, {"op": "delete", "side": "bid", "price": 0.23}, {"op": "set", "side": "bid", "price": 0.21, "size": 14.490000000000009}]}
{"t": 1776976721.023626, "events": [{"op": "set", "side": "bid", "price": 0.21, "size": 40.49000000000001}, {"op": "set", "side": "bid", "price": 0.26, "size": 58.0}, {"op": "set", "side": "bid", "price": 0.25, "size": 37.0}, {"op": "set", "side": "ask", "price": 0.71, "size": 36.0}, {"op": "set", "side": "ask", "price": 0.73, "size": 21.0}]}
{"t": 1776976722.046269, "events": [{"op": "delete", "side": "ask", "price": 0.73}]}
{"t": 1776976725.0786262, "events": [{"op": "set", "side": "bid", "price": 0.21, "size": 14.490000000000009}, {"op": "delete", "side": "ask", "price": 0.71}]}
{"t": 1776976727.112159, "events": [{"op": "set", "side": "bid", "price": 0.25, "size": 61.0}, {"op": "set", "side": "ask", "price": 0.71, "size": 36.0}]}
{"t": 1776976729.136172, "events": [{"op": "set", "side": "bid", "price": 0.26, "size": 36.0}, {"op": "set", "side": "bid", "price": 0.25, "size": 48.0}, {"op": "delete", "side": "bid", "price": 0.24}, {"op": "set", "side": "ask", "price": 0.69, "size": 500.0}]}
{"t": 1776976730.1580229, "events": [{"op": "set", "side": "bid", "price": 0.27, "size": 49.0}]}
{"t": 1776976732.18078, "events": [{"op": "set", "side": "bid", "price": 0.25, "size": 24.0}, {"op": "delete", "side": "ask", "price": 0.71}]}
{"t": 1776976736.203402, "events": [{"op": "set", "side": "bid", "price": 0.26, "size": 59.0}, {"op": "set", "side": "ask", "price": 0.71, "size": 35.0}]}
{"t": 1776976738.2212422, "events": [{"op": "set", "side": "bid", "price": 0.27, "size": 34.0}, {"op": "set", "side": "bid", "price": 0.26, "size": 46.0}, {"op": "delete", "side": "bid", "price": 0.25}, {"op": "set", "side": "ask", "price": 0.69, "size": 499.0}]}
{"t": 1776976739.229032, "events": [{"op": "set", "side": "bid", "price": 0.27, "size": 93.0}]}
{"t": 1776976740.2347279, "events": [{"op": "set", "side": "bid", "price": 0.27, "size": 34.0}]}
{"t": 1776976741.2510169, "events": [{"op": "set", "side": "bid", "price": 0.27, "size": 84.0}, {"op": "set", "side": "ask", "price": 0.69, "size": 500.0}]}
{"t": 1776976746.492167, "events": [{"op": "set", "side": "bid", "price": 0.26, "size": 23.0}, {"op": "delete", "side": "ask", "price": 0.71}]}
{"t": 1776976752.540415, "events": [{"op": "delete", "side": "bid", "price": 0.27}, {"op": "delete", "side": "bid", "price": 0.26}, {"op": "set", "side": "bid", "price": 0.21, "size": 54.49000000000001}, {"op": "set", "side": "bid", "price": 0.23, "size": 666.0}, {"op": "set", "side": "bid", "price": 0.22, "size": 29.0}, {"op": "set", "side": "ask", "price": 0.69, "size": 493.0}, {"op": "set", "side": "ask", "price": 0.73, "size": 37.0}]}
{"t": 1776976755.570341, "events": [{"op": "set", "side": "bid", "price": 0.21, "size": 28.49000000000001}, {"op": "set", "side": "ask", "price": 0.73, "size": 58.0}]}
{"t": 1776976756.580106, "events": [{"op": "set", "side": "bid", "price": 0.24, "size": 25.0}]}
{"t": 1776976760.616456, "events": [{"op": "delete", "side": "bid", "price": 0.22}, {"op": "delete", "side": "bid", "price": 0.23}, {"op": "set", "side": "bid", "price": 0.21, "size": 14.490000000000009}, {"op": "set", "side": "bid", "price": 0.26, "size": 58.0}, {"op": "set", "side": "bid", "price": 0.25, "size": 61.0}, {"op": "set", "side": "ask", "price": 0.69, "size": 505.0}, {"op": "set", "side": "ask", "price": 0.71, "size": 36.0}, {"op": "set", "side": "ask", "price": 0.73, "size": 21.0}]}
{"t": 1776976765.655814, "events": [{"op": "set", "side": "bid", "price": 0.25, "size": 37.0}, {"op": "delete", "side": "ask", "price": 0.71}, {"op": "delete", "side": "ask", "price": 0.73}]}
{"t": 1776976766.6620412, "events": [{"op": "set", "side": "bid", "price": 0.25, "size": 61.0}, {"op": "set", "side": "ask", "price": 0.71, "size": 36.0}]}
{"t": 1776976769.6871839, "events": [{"op": "set", "side": "bid", "price": 0.26, "size": 36.0}, {"op": "set", "side": "bid", "price": 0.25, "size": 48.0}, {"op": "delete", "side": "bid", "price": 0.24}, {"op": "set", "side": "ask", "price": 0.69, "size": 503.0}]}
{"t": 1776976770.703775, "events": [{"op": "set", "side": "bid", "price": 0.25, "size": 24.0}, {"op": "set", "side": "bid", "price": 0.27, "size": 49.0}, {"op": "delete", "side": "ask", "price": 0.71}]}
{"t": 1776976771.725236, "events": [{"op": "set", "side": "bid", "price": 0.26, "size": 59.0}, {"op": "set", "side": "ask", "price": 0.71, "size": 35.0}]}
{"t": 1776976772.744343, "events": [{"op": "set", "side": "bid", "price": 0.27, "size": 34.0}, {"op": "set", "side": "bid", "price": 0.26, "size": 46.0}, {"op": "delete", "side": "bid", "price": 0.25}, {"op": "set", "side": "ask", "price": 0.69, "size": 502.0}]}
{"t": 1776976773.7583098, "events": [{"op": "set", "side": "bid", "price": 0.27, "size": 93.0}]}
{"t": 1776976775.7824068, "events": [{"op": "set", "side": "bid", "price": 0.26, "size": 23.0}, {"op": "set", "side": "bid", "price": 0.22, "size": 28.0}, {"op": "set", "side": "ask", "price": 0.71, "size": 34.0}]}
{"t": 1776976780.8084228, "events": [{"op": "delete", "side": "bid", "price": 0.22}]}
{"t": 1776976781.81758, "events": [{"op": "set", "side": "bid", "price": 0.22, "size": 28.0}]}
{"t": 1776976785.8373, "events": [{"op": "delete", "side": "bid", "price": 0.22}, {"op": "delete", "side": "ask", "price": 0.71}]}
{"t": 1776976786.846972, "events": [{"op": "set", "side": "bid", "price": 0.22, "size": 28.0}, {"op": "set", "side": "ask", "price": 0.71, "size": 34.0}]}
{"t": 1776976788.865946, "events": [{"op": "delete", "side": "bid", "price": 0.27}, {"op": "delete", "side": "bid", "price": 0.26}, {"op": "set", "side": "ask", "price": 0.69, "size": 493.0}]}
{"t": 1776976790.891396, "events": [{"op": "set", "side": "bid", "price": 0.24, "size": 666.0}, {"op": "set", "side": "bid", "price": 0.23, "size": 47.0}, {"op": "set", "side": "ask", "price": 0.69, "size": 506.0}, {"op": "delete", "side": "ask", "price": 0.71}]}
{"t": 1776976791.9012082, "events": [{"op": "set", "side": "bid", "price": 0.25, "size": 24.0}, {"op": "set", "side": "ask", "price": 0.71, "size": 36.0}]}
{"t": 1776976792.913603, "events": [{"op": "delete", "side": "bid", "price": 0.24}, {"op": "delete", "side": "bid", "price": 0.22}, {"op": "delete", "side": "bid", "price": 0.23}, {"op": "set", "side": "ask", "price": 0.72, "size": 115.67}]}
{"t": 1776976793.92892, "events": [{"op": "set", "side": "bid", "price": 0.25, "size": 48.0}, {"op": "set", "side": "bid", "price": 0.27, "size": 666.0}, {"op": "set", "side": "bid", "price": 0.26, "size": 44.0}, {"op": "set", "side": "ask", "price": 0.69, "size": 505.0}]}
{"t": 1776976795.9431622, "events": [{"op": "set", "side": "bid", "price": 0.27, "size": 689.0}, {"op": "set", "side": "bid", "price": 0.25, "size": 24.0}, {"op": "set", "side": "ask", "price": 0.7, "size": 238.0}, {"op": "delete", "side": "ask", "price": 0.71}]}
{"t": 1776976798.966105, "events": [{"op": "set", "side": "bid", "price": 0.27, "size": 23.0}, {"op": "delete", "side": "bid", "price": 0.26}, {"op": "delete", "side": "bid", "price": 0.25}, {"op": "set", "side": "ask", "price": 0.69, "size": 100.0}, {"op": "set", "side": "ask", "price": 0.7, "size": 150.0}]}
{"t": 1776976800.994625, "events": [{"op": "delete", "side": "bid", "price": 0.27}, {"op": "set", "side": "ask", "price": 0.7, "size": 115.0}]}
{"t": 1776976802.004491, "events": [{"op": "set", "side": "bid", "price": 0.21, "size": 40.49000000000001}, {"op": "set", "side": "ask", "price": 0.73, "size": 37.0}]}
{"t": 1776976804.039381, "events": [{"op": "set", "side": "bid", "price": 0.26, "size": 732.0}, {"op": "set", "side": "ask", "price": 0.69, "size": 521.0}, {"op": "set", "side": "ask", "price": 0.7, "size": 229.0}]}
{"t": 1776976806.063827, "events": [{"op": "delete", "side": "bid", "price": 0.26}, {"op": "set", "side": "ask", "price": 0.69, "size": 512.0}, {"op": "set", "side": "ask", "price": 0.7, "size": 203.0}, {"op": "set", "side": "ask", "price": 0.72, "size": 94.67}]}
{"t": 1776976809.098349, "events": [{"op": "set", "side": "bid", "price": 0.21, "size": 53.49000000000001}, {"op": "set", "side": "bid", "price": 0.24, "size": 25.0}, {"op": "set", "side": "bid", "price": 0.22, "size": 65.0}, {"op": "set", "side": "bid", "price": 0.23, "size": 666.0}, {"op": "set", "side": "ask", "price": 0.71, "size": 37.0}, {"op": "set", "side": "ask", "price": 0.73, "size": 21.0}]}
{"t": 1776976811.119054, "events": [{"op": "delete", "side": "ask", "price": 0.71}]}
{"t": 1776976812.1601799, "events": [{"op": "delete", "side": "bid", "price": 0.24}, {"op": "delete", "side": "bid", "price": 0.22}, {"op": "delete", "side": "bid", "price": 0.23}, {"op": "set", "side": "bid", "price": 0.21, "size": 14.490000000000009}, {"op": "set", "side": "ask", "price": 0.71, "size": 37.0}]}
{"t": 1776976813.173311, "events": [{"op": "set", "side": "bid", "price": 0.21, "size": 40.49000000000001}, {"op": "set", "side": "ask", "price": 0.69, "size": 510.0}]}
{"t": 1776976814.181136, "events": [{"op": "set", "side": "bid", "price": 0.26, "size": 75.0}, {"op": "set", "side": "bid", "price": 0.25, "size": 37.0}, {"op": "set", "side": "bid", "price": 0.24, "size": 25.0}]}
{"t": 1776976816.192041, "events": [{"op": "delete", "side": "bid", "price": 0.26}, {"op": "delete", "side": "bid", "price": 0.25}, {"op": "delete", "side": "bid", "price": 0.24}]}
{"t": 1776976817.207639, "events": [{"op": "set", "side": "bid", "price": 0.21, "size": 53.49000000000001}, {"op": "set", "side": "bid", "price": 0.23, "size": 666.0}, {"op": "set", "side": "bid", "price": 0.22, "size": 64.0}, {"op": "set", "side": "ask", "price": 0.69, "size": 529.0}, {"op": "delete", "side": "ask", "price": 0.71}]}
{"t": 1776976818.228111, "events": [{"op": "set", "side": "bid", "price": 0.21, "size": 79.49000000000001}, {"op": "set", "side": "ask", "price": 0.73, "size": 59.0}]}
{"t": 1776976820.246989, "events": [{"op": "set", "side": "bid", "price": 0.23, "size": 103.0}, {"op": "set", "side": "bid", "price": 0.22, "size": 59.0}, {"op": "set", "side": "ask", "price": 0.69, "size": 511.0}]}
{"t": 1776976821.2622788, "events": [{"op": "set", "side": "bid", "price": 0.21, "size": 53.49000000000001}, {"op": "set", "side": "bid", "price": 0.24, "size": 23.0}]}
{"t": 1776976823.281095, "events": [{"op": "set", "side": "bid", "price": 0.24, "size": 46.0}, {"op": "delete", "side": "bid", "price": 0.22}, {"op": "delete", "side": "bid", "price": 0.23}, {"op": "set", "side": "bid", "price": 0.21, "size": 14.490000000000009}, {"op": "set", "side": "bid", "price": 0.26, "size": 71.0}, {"op": "set", "side": "bid", "price": 0.25, "size": 34.0}, {"op": "set", "side": "ask", "price": 0.69, "size": 100.0}, {"op": "set", "side": "ask", "price": 0.7, "size": 115.0}]}
{"t": 1776976824.2959201, "events": [{"op": "set", "side": "ask", "price": 0.71, "size": 36.0}, {"op": "set", "side": "ask", "price": 0.73, "size": 21.0}]}
{"t": 1776976826.322222, "events": [{"op": "set", "side": "bid", "price": 0.26, "size": 60.0}, {"op": "set", "side": "bid", "price": 0.25, "size": 58.0}, {"op": "set", "side": "bid", "price": 0.24, "size": 23.0}, {"op": "set", "side": "ask", "price": 0.69, "size": 530.0}, {"op": "set", "side": "ask", "price": 0.7, "size": 203.0}]}
{"t": 1776976829.35049, "events": [{"op": "delete", "side": "ask", "price": 0.73}]}
{"t": 1776976830.3663218, "events": [{"op": "set", "side": "bid", "price": 0.26, "size": 36.0}, {"op": "set", "side": "bid", "price": 0.25, "size": 48.0}, {"op": "delete", "side": "bid", "price": 0.24}, {"op": "set", "side": "ask", "price": 0.69, "size": 529.0}]}
{"t": 1776976831.380969, "events": [{"op": "set", "side": "bid", "price": 0.26, "size": 59.0}, {"op": "set", "side": "bid", "price": 0.25, "size": 24.0}, {"op": "set", "side": "bid", "price": 0.27, "size": 48.0}, {"op": "set", "side": "ask", "price": 0.71, "size": 35.0}]}
{"t": 1776976834.404785, "events": [{"op": "delete", "side": "bid", "price": 0.25}]}
{"t": 1776976835.417113, "events": [{"op": "set", "side": "bid", "price": 0.27, "size": 34.0}, {"op": "set", "side": "bid", "price": 0.26, "size": 46.0}, {"op": "set", "side": "ask", "price": 0.69, "size": 508.0}]}
{"t": 1776976836.4244428, "events": [{"op": "set", "side": "bid", "price": 0.26, "size": 23.0}, {"op": "delete", "side": "ask", "price": 0.71}]}
{"t": 1776976837.434342, "events": [{"op": "set", "side": "bid", "price": 0.27, "size": 93.0}, {"op": "set", "side": "bid", "price": 0.22, "size": 27.0}, {"op": "set", "side": "ask", "price": 0.71, "size": 36.0}]}
{"t": 1776976839.444206, "events": [{"op": "delete", "side": "bid", "price": 0.27}, {"op": "delete", "side": "bid", "price": 0.26}]}
{"t": 1776976840.4514198, "events": [{"op": "set", "side": "bid", "price": 0.22, "size": 54.0}, {"op": "set", "side": "bid", "price": 0.24, "size": 666.0}, {"op": "set", "side": "bid", "price": 0.23, "size": 46.0}, {"op": "set", "side": "ask", "price": 0.69, "size": 511.0}, {"op": "set", "side": "ask", "price": 0.72, "size": 115.67}]}
{"t": 1776976841.461482, "events": [{"op": "set", "side": "bid", "price": 0.22, "size": 27.0}, {"op": "set", "side": "bid", "price": 0.25, "size": 24.0}]}
{"t": 1776976843.4774091, "events": [{"op": "delete", "side": "bid", "price": 0.24}, {"op": "delete", "side": "bid", "price": 0.22}, {"op": "delete", "side": "bid", "price": 0.23}, {"op": "set", "side": "ask", "price": 0.69, "size": 508.0}]}
{"t": 1776976844.4879239, "events": [{"op": "set", "side": "bid", "price": 0.25, "size": 48.0}, {"op": "set", "side": "bid", "price": 0.27, "size": 666.0}, {"op": "set", "side": "bid", "price": 0.26, "size": 43.0}, {"op": "set", "side": "ask", "price": 0.69, "size": 514.0}]}
{"t": 1776976846.5011148, "events": [{"op": "set", "side": "bid", "price": 0.27, "size": 689.0}, {"op": "set", "side": "bid", "price": 0.25, "size": 24.0}, {"op": "set", "side": "ask", "price": 0.7, "size": 238.0}, {"op": "delete", "side": "ask", "price": 0.71}]}
{"t": 1776976847.510041, "events": [{"op": "set", "side": "ask", "price": 0.72, "size": 94.67}]}
{"t": 1776976856.5596192, "events": [{"op": "delete", "side": "bid", "price": 0.26}, {"op": "delete", "side": "bid", "price": 0.25}, {"op": "set", "side": "ask", "price": 0.69, "size": 508.0}]}
{"t": 1776976857.581012, "events": [{"op": "set", "side": "bid", "price": 0.27, "size": 1055.0}, {"op": "set", "side": "ask", "price": 0.69, "size": 522.0}, {"op": "set", "side": "ask", "price": 0.7, "size": 264.0}]}
{"t": 1776976858.589715, "events": [{"op": "set", "side": "bid", "price": 0.22, "size": 28.0}]}
{"t": 1776976861.608445, "events": [{"op": "set", "side": "ask", "price": 0.7, "size": 263.0}]}
{"t": 1776976862.621618, "events": [{"op": "delete", "side": "bid", "price": 0.27}, {"op": "set", "side": "ask", "price": 0.69, "size": 508.0}]}
{"t": 1776976864.6476958, "events": [{"op": "set", "side": "bid", "price": 0.22, "size": 56.0}, {"op": "set", "side": "bid", "price": 0.24, "size": 666.0}, {"op": "set", "side": "bid", "price": 0.23, "size": 47.0}, {"op": "set", "side": "ask", "price": 0.69, "size": 523.0}]}
{"t": 1776976867.673836, "events": [{"op": "set", "side": "bid", "price": 0.22, "size": 28.0}, {"op": "set", "side": "bid", "price": 0.25, "size": 24.0}, {"op": "set", "side": "ask", "price": 0.7, "size": 229.0}, {"op": "set", "side": "ask", "price": 0.71, "size": 36.0}]}
{"t": 1776976873.730138, "events": [{"op": "delete", "side": "bid", "price": 0.25}, {"op": "delete", "side": "bid", "price": 0.24}, {"op": "delete", "side": "bid", "price": 0.22}, {"op": "delete", "side": "bid", "price": 0.23}, {"op": "set", "side": "ask", "price": 0.69, "size": 100.0}, {"op": "set", "side": "ask", "price": 0.7, "size": 115.0}]}
{"t": 1776976874.749619, "events": [{"op": "set", "side": "bid", "price": 0.21, "size": 40.49000000000001}]}
{"t": 1776976875.765492, "events": [{"op": "set", "side": "ask", "price": 0.72, "size": 115.67}]}
{"t": 1776976876.771445, "events": [{"op": "set", "side": "bid", "price": 0.21, "size": 53.49000000000001}, {"op": "set", "side": "bid", "price": 0.23, "size": 666.0}, {"op": "set", "side": "bid", "price": 0.22, "size": 64.0}, {"op": "set", "side": "ask", "price": 0.69, "size": 520.0}, {"op": "set", "side": "ask", "price": 0.7, "size": 203.0}, {"op": "delete", "side": "ask", "price": 0.71}, {"op": "set", "side": "ask", "price": 0.73, "size": 37.0}]}
{"t": 1776976877.790463, "events": [{"op": "set", "side": "bid", "price": 0.24, "size": 25.0}]}
{"t": 1776976879.8108459, "events": [{"op": "set", "side": "ask", "price": 0.72, "size": 94.67}]}
{"t": 1776976880.821571, "events": [{"op": "set", "side": "bid", "price": 0.24, "size": 50.0}, {"op": "delete", "side": "bid", "price": 0.22}, {"op": "delete", "side": "bid", "price": 0.23}, {"op": "set", "side": "bid", "price": 0.21, "size": 14.490000000000009}, {"op": "set", "side": "bid", "price": 0.26, "size": 75.0}, {"op": "set", "side": "bid", "price": 0.25, "size": 37.0}, {"op": "set", "side": "ask", "price": 0.69, "size": 515.0}]}
{"t": 1776976881.847991, "events": [{"op": "set", "side": "bid", "price": 0.25, "size": 61.0}, {"op": "set", "side": "bid", "price": 0.24, "size": 25.0}, {"op": "set", "side": "ask", "price": 0.71, "size": 36.0}, {"op": "delete", "side": "ask", "price": 0.73}]}
{"t": 1776976885.872129, "events": [{"op": "set", "side": "bid", "price": 0.26, "size": 36.0}, {"op": "set", "side": "bid", "price": 0.25, "size": 48.0}, {"op": "delete", "side": "bid", "price": 0.24}]}
