{"t": 1776975878.59487, "events": [{"op": "set", "side": "ask", "price": 0.64, "size": 4957.0}, {"op": "set", "side": "ask", "price": 0.85, "size": 2.0}]}
{"t": 1776975882.637974, "events": [{"op": "set", "side": "ask", "price": 0.64, "size": 5290.0}, {"op": "set", "side": "ask", "price": 0.85, "size": 669.0}]}
{"t": 1776975940.061205, "events": [{"op": "set", "side": "ask", "price": 0.64, "size": 4957.0}, {"op": "set", "side": "ask", "price": 0.85, "size": 2.0}]}
{"t": 1776975942.095907, "events": [{"op": "set", "side": "ask", "price": 0.64, "size": 5290.0}, {"op": "set", "side": "ask", "price": 0.85, "size": 669.0}]}
{"t": 1776975951.2976189, "events": [{"op": "set", "side": "ask", "price": 0.64, "size": 4957.0}, {"op": "set", "side": "ask", "price": 0.85, "size": 2.0}]}
{"t": 1776975954.332581, "events": [{"op": "set", "side": "ask", "price": 0.64, "size": 5290.0}, {"op": "set", "side": "ask", "price": 0.85, "size": 669.0}]}
{"t": 1776976044.185159, "events": [{"op": "set", "side": "ask", "price": 0.64, "size": 4957.0}, {"op": "set", "side": "ask", "price": 0.85, "size": 2.0}]}
{"t": 1776976048.218187, "events": [{"op": "set", "side": "ask", "price": 0.64, "size": 5290.0}, {"op": "set", "side": "ask", "price": 0.85, "size": 669.0}]}
{"t": 1776976058.306615, "events": [{"op": "set", "side": "ask", "price": 0.64, "size": 4957.0}, {"op": "set", "side": "ask", "price": 0.85, "size": 2.0}]}
{"t": 1776976062.354484, "events": [{"op": "set", "side": "ask", "price": 0.64, "size": 5290.0}, {"op": "set", "side": "ask", "price": 0.85, "size": 669.0}]}
{"t": 1776976085.548361, "events": [{"op": "set", "side": "ask", "price": 0.64, "size": 4957.0}, {"op": "set", "side": "ask", "price": 0.85, "size": 2.0}]}
{"t": 1776976088.582797, "events": [{"op": "set", "side": "ask", "price": 0.64, "size": 5290.0}, {"op": "set", "side": "ask", "price": 0.85, "size": 669.0}]}
{"t": 1776976135.934583, "events": [{"op": "set", "side": "ask", "price": 0.64, "size": 4957.0}, {"op": "set", "side": "ask", "price": 0.85, "size": 2.0}]}
{"t": 1776976139.976351, "events": [{"op": "set", "side": "ask", "price": 0.64, "size": 5290.0}, {"op": "set", "side": "ask", "price": 0.85, "size": 669.0}]}
{"t": 1776976152.035327, "events": [{"op": "set", "side": "ask", "price": 0.64, "size": 4957.0}, {"op": "set", "side": "ask", "price": 0.85, "size": 2.0}]}
{"t": 1776976155.081144, "events": [{"op": "set", "side": "ask", "price": 0.64, "size": 5290.0}, {"op": "set", "side": "ask", "price": 0.85, "size": 669.0}]}
{"t": 1776976204.476952, "events": [{"op": "set", "side": "ask", "price": 0.64, "size": 4957.0}, {"op": "set", "side": "ask", "price": 0.85, "size": 2.0}]}
{"t": 1776976208.525941, "events": [{"op": "set", "side": "ask", "price": 0.64, "size": 5290.0}, {"op": "set", "side": "ask", "price": 0.85, "size": 669.0}]}
{"t": 1776976285.139929, "events": [{"op": "set", "side": "ask", "price": 0.64, "size": 4957.0}, {"op": "set", "side": "ask", "price": 0.85, "size": 2.0}]}
{"t": 1776976287.161626, "events": [{"op": "set", "side": "ask", "price": 0.64, "size": 5290.0}, {"op": "set", "side": "ask", "price": 0.85, "size": 669.0}]}
{"t": 1776976301.276474, "events": [{"op": "set", "side": "ask", "price": 0.64, "size": 4957.0}, {"op": "set", "side": "ask", "price": 0.85, "size": 2.0}]}
{"t": 1776976304.313708, "events": [{"op": "set", "side": "ask", "price": 0.64, "size": 5290.0}, {"op": "set", "side": "ask", "price": 0.85, "size": 669.0}]}
{"t": 1776976340.6580539, "events": [{"op": "set", "side": "ask", "price": 0.64, "size": 4957.0}, {"op": "set", "side": "ask", "price": 0.85, "size": 2.0}]}
{"t": 1776976347.7271721, "events": [{"op": "set", "side": "ask", "price": 0.64, "size": 5290.0}, {"op": "set", "side": "ask", "price": 0.85, "size": 669.0}]}
{"t": 1776976351.775647, "events": [{"op": "set", "side": "ask", "price": 0.64, "size": 4957.0}, {"op": "set", "side": "ask", "price": 0.85, "size": 2.0}]}
{"t": 1776976356.839608, "events": [{"op": "set", "side": "ask", "price": 0.64, "size": 5290.0}, {"op": "set", "side": "ask", "price": 0.85, "size": 669.0}]}
{"t": 1776976425.340163, "events": [{"op": "set", "side": "ask", "price": 0.64, "size": 4957.0}, {"op": "set", "side": "ask", "price": 0.85, "size": 2.0}]}
{"t": 1776976427.360094, "events": [{"op": "set", "side": "ask", "price": 0.64, "size": 5290.0}, {"op": "set", "side": "ask", "price": 0.85, "size": 669.0}]}
{"t": 1776976465.66493, "events": [{"op": "set", "side": "ask", "price": 0.64, "size": 4957.0}, {"op": "set", "side": "ask", "price": 0.85, "size": 2.0}]}
{"t": 1776976467.6886039, "events": [{"op": "set", "side": "ask", "price": 0.64, "size": 5290.0}, {"op": "set", "side": "ask", "price": 0.85, "size": 669.0}]}
{"t": 1776976477.761339, "events": [{"op": "set", "side": "ask", "price": 0.64, "size": 4957.0}, {"op": "set", "side": "ask", "price": 0.85, "size": 2.0}]}
{"t": 1776976480.793513, "events": [{"op": "set", "side": "ask", "price": 0.64, "size": 5290.0}, {"op": "set", "side": "ask", "price": 0.85, "size": 669.0}]}
{"t": 1776976516.090231, "events": [{"op": "set", "side": "ask", "price": 0.64, "size": 333.0}, {"op": "set", "side": "ask", "price": 0.65, "size": 4891.0}]}
{"t": 1776976521.1357608, "events": [{"op": "set", "side": "ask", "price": 0.03, "size": 75.0}, {"op": "delete", "side": "ask", "price": 0.64}, {"op": "set", "side": "ask", "price": 0.02, "size": 100.0}]}
{"t": 1776976522.1437619, "events": [{"op": "set", "side": "ask", "price": 0.65, "size": 5224.0}]}
{"t": 1776976536.203557, "events": [{"op": "set", "side": "ask", "price": 0.65, "size": 4891.0}, {"op": "set", "side": "ask", "price": 0.85, "size": 2.0}]}
{"t": 1776976537.216504, "events": [{"op": "set", "side": "ask", "price": 0.65, "size": 5224.0}, {"op": "set", "side": "ask", "price": 0.85, "size": 669.0}]}
{"t": 1776976569.49947, "events": [{"op": "set", "side": "ask", "price": 0.65, "size": 4891.0}, {"op": "set", "side": "ask", "price": 0.85, "size": 2.0}]}
{"t": 1776976571.5276349, "events": [{"op": "set", "side": "ask", "price": 0.65, "size": 5224.0}, {"op": "set", "side": "ask", "price": 0.85, "size": 669.0}]}
{"t": 1776976627.946018, "events": [{"op": "set", "side": "ask", "price": 0.65, "size": 4891.0}, {"op": "set", "side": "ask", "price": 0.85, "size": 2.0}]}
{"t": 1776976632.999614, "events": [{"op": "set", "side": "ask", "price": 0.65, "size": 5224.0}, {"op": "set", "side": "ask", "price": 0.85, "size": 669.0}]}
{"t": 1776976694.6291242, "events": [{"op": "set", "side": "ask", "price": 0.65, "size": 4891.0}, {"op": "set", "side": "ask", "price": 0.85, "size": 2.0}]}
{"t": 1776976698.8431628, "events": [{"op": "set", "side": "ask", "price": 0.65, "size": 5224.0}, {"op": "set", "side": "ask", "price": 0.85, "size": 669.0}]}
{"t": 1776976798.966105, "events": [{"op": "set", "side": "ask", "price": 0.65, "size": 4891.0}, {"op": "set", "side": "ask", "price": 0.85, "size": 2.0}]}
{"t": 1776976803.02252, "events": [{"op": "set", "side": "ask", "price": 0.65, "size": 5224.0}, {"op": "set", "side": "ask", "price": 0.85, "size": 669.0}]}
{"t": 1776976823.281095, "events": [{"op": "set", "side": "ask", "price": 0.65, "size": 4891.0}, {"op": "set", "side": "ask", "price": 0.85, "size": 2.0}]}
{"t": 1776976826.322222, "events": [{"op": "set", "side": "ask", "price": 0.65, "size": 5224.0}, {"op": "set", "side": "ask", "price": 0.85, "size": 669.0}]}
{"t": 1776976873.730138, "events": [{"op": "set", "side": "ask", "price": 0.65, "size": 4891.0}, {"op": "set", "side": "ask", "price": 0.85, "size": 2.0}]}
{"t": 1776976876.771445, "events": [{"op": "set", "side": "ask", "price": 0.65, "size": 5224.0}, {"op": "set", "side": "ask", "price": 0.85, "size": 669.0}]}
{"t": 1776977027.54447, "events": [{"op": "set", "side": "ask", "price": 0.65, "size": 4891.0}, {"op": "set", "side": "ask", "price": 0.85, "size": 2.0}]}
{"t": 1776977031.587998, "events": [{"op": "set", "side": "ask", "price": 0.65, "size": 5224.0}, {"op": "set", "side": "ask", "price": 0.85, "size": 669.0}]}
{"t": 1776977040.6750588, "events": [{"op": "delete", "side": "ask", "price": 0.63}]}
{"t": 1776977052.744798, "events": [{"op": "set", "side": "ask", "price": 0.65, "size": 4891.0}, {"op": "set", "side": "ask", "price": 0.85, "size": 2.0}]}
{"t": 1776977053.757576, "events": [{"op": "set", "side": "ask", "price": 0.91, "size": 1347.0}]}
{"t": 1776977130.577865, "events": [{"op": "set", "side": "ask", "price": 0.03, "size": 20.0}, {"op": "set", "side": "ask", "price": 0.91, "size": 347.0}, {"op": "set", "side": "ask", "price": 0.02, "size": 152.0}]}
{"t":1776978858.741338,"e":[[1,1,0.91,1097.0]]}
{"t":1776978869.856717,"e":[[1,1,0.91,347.0]]}
{"t":1776978871.882528,"e":[[1,1,0.91,1097.0]]}
{"t":1776978903.141529,"e":[[1,1,0.03,68.0],[1,1,0.99,12587.81],[1,1,0.02,100.0]]}
{"t":1776978909.223537,"e":[[1,1,0.91,347.0]]}
{"t":1776978912.262826,"e":[[1,1,0.91,1097.0]]}
{"t":1776978917.356707,"e":[[1,1,0.04,50.0]]}
{"t":1776978979.146398,"e":[[1,1,0.91,347.0]]}
{"t":1776978982.174557,"e":[[1,1,0.91,1097.0]]}
{"t":1776979006.375099,"e":[[1,1,0.91,347.0]]}
{"t":1776979010.423535,"e":[[1,1,0.91,1097.0]]}
{"t":1776979021.503144,"e":[[1,1,0.91,347.0]]}
{"t":1776979024.5338361,"e":[[1,1,0.91,1097.0]]}
{"t":1776979081.134896,"e":[[1,1,0.91,347.0]]}
{"t":1776979085.186368,"e":[[1,1,0.91,1097.0]]}
{"t":1776979102.3232388,"e":[[1,1,0.91,347.0]]}
{"t":1776979106.3717089,"e":[[1,1,0.91,1097.0]]}
{"t":1776979111.404879,"e":[[1,1,0.91,347.0]]}
{"t":1776979114.437589,"e":[[1,1,0.91,1097.0]]}
{"t":1776979130.556236,"e":[[1,1,0.91,347.0]]}
{"t":1776979133.575329,"e":[[1,1,0.91,1097.0]]}
{"t":1776979135.5978959,"e":[[1,1,0.91,347.0]]}
{"t":1776979138.624363,"e":[[1,1,0.91,1097.0]]}
{"t":1776979162.765724,"e":[[1,1,0.91,347.0]]}
{"t":1776979165.8170938,"e":[[1,1,0.91,1097.0]]}
{"t":1776979208.261129,"e":[[1,1,0.91,347.0]]}
{"t":1776979210.3045912,"e":[[1,1,0.91,1097.0]]}
{"t":1776979250.753281,"e":[[1,1,0.91,347.0]]}
{"t":1776979251.799284,"e":[[1,1,0.91,1097.0]]}
{"t":1776979286.150522,"e":[[1,1,0.91,347.0]]}
{"t":1776979289.188255,"e":[[1,1,0.91,1097.0]]}
{"t":1776979322.47595,"e":[[1,1,0.91,347.0]]}
{"t":1776979328.557861,"e":[[1,1,0.91,1097.0]]}
{"t":1776979357.799739,"e":[[1,1,0.91,347.0]]}
{"t":1776979358.815964,"e":[[1,1,0.91,1097.0]]}
{"t":1776979373.992595,"e":[[1,1,0.91,347.0]]}
{"t":1776979377.03843,"e":[[1,1,0.91,1097.0]]}
{"t":1776979393.279681,"e":[[1,1,0.91,347.0]]}
{"t":1776979396.311556,"e":[[1,1,0.91,1097.0]]}
{"t":1776979404.426751,"e":[[1,1,0.91,347.0]]}
{"t":1776979408.486134,"e":[[1,1,0.91,1097.0]]}
{"t":1776979421.670975,"e":[[1,1,0.91,347.0]]}
{"t":1776979424.820554,"e":[[1,1,0.91,1097.0]]}
{"t":1776979440.0022578,"e":[[1,1,0.91,347.0]]}
{"t":1776979443.037045,"e":[[1,1,0.91,1097.0]]}
{"t":1776979499.5889611,"e":[[1,1,0.91,347.0]]}
{"t":1776979502.631507,"e":[[1,1,0.91,1097.0]]}
{"t":1776979636.021319,"e":[[1,1,0.03,20.0],[1,1,0.91,347.0],[1,1,0.02,142.0],[1,1,0.01,217.0]]}
{"t":1776979637.049831,"e":[[1,1,0.91,1097.0]]}
{"t":1776979641.110275,"e":[[1,1,0.91,347.0]]}
{"t":1776979645.163307,"e":[[1,1,0.91,1097.0]]}
{"t":1776979673.505915,"e":[[1,1,0.91,347.0]]}
{"t":1776979677.5577102,"e":[[1,1,0.91,1097.0]]}
{"t":1776979714.936487,"e":[[1,1,0.91,347.0]]}
{"t":1776979718.986039,"e":[[1,1,0.91,1097.0]]}
{"t":1776979736.216362,"e":[[1,1,0.91,347.0]]}
{"t":1776979738.25713,"e":[[1,1,0.91,1097.0]]}
{"t":1776979820.0560918,"e":[[1,1,0.91,347.0]]}
{"t":1776979826.137264,"e":[[1,1,0.91,1097.0]]}
{"t":1776979832.244597,"e":[[1,1,0.91,347.0]]}
{"t":1776979835.291805,"e":[[1,1,0.91,1097.0]]}
{"t":1776979866.614618,"e":[[1,1,0.91,347.0]]}
{"t":1776979870.6450438,"e":[[1,1,0.91,1097.0]]}
{"t":1776979948.596159,"e":[[1,1,0.91,347.0]]}
{"t":1776979951.6405408,"e":[[1,1,0.91,1097.0]]}
{"t":1776980002.208147,"e":[[1,1,0.91,347.0]]}
{"t":1776980005.253522,"e":[[1,1,0.91,1097.0]]}
{"t":1776980031.561755,"e":[[1,1,0.91,347.0]]}
{"t":1776980034.6140401,"e":[[1,1,0.91,1097.0]]}
{"t":1776980216.500921,"e":[[1,1,0.91,347.0]]}
{"t":1776980219.55273,"e":[[1,1,0.91,1097.0]]}
{"t":1776980339.870958,"e":[[1,1,0.91,347.0]]}
{"t":1776980346.9657018,"e":[[1,1,0.91,1097.0]]}
{"t":1776980359.084876,"e":[[1,1,0.91,347.0]]}
{"t":1776980362.116677,"e":[[1,1,0.91,1097.0]]}
{"t":1776980428.823528,"e":[[1,1,0.91,347.0]]}
{"t":1776980431.865155,"e":[[1,1,0.91,1097.0]]}
{"t":1776980438.9541829,"e":[[1,1,0.91,347.0]]}
{"t":1776980443.018125,"e":[[1,1,0.91,1097.0]]}
{"t":1776980488.560389,"e":[[1,1,0.91,347.0]]}
{"t":1776980490.596148,"e":[[1,1,0.91,1097.0]]}
{"t":1776980501.7519622,"e":[[1,1,0.03,74.0],[1,1,0.99,12554.81],[1,1,0.02,100.0],[1,1,0.01,200.0]]}
{"t":1776980524.08113,"e":[[1,1,0.91,347.0]]}
{"t":1776980525.100575,"e":[[1,1,0.91,1097.0]]}
{"t":1776980550.4052649,"e":[[1,1,0.99,12461.3]]}
{"t":1776980562.5381172,"e":[[1,1,0.91,347.0]]}
{"t":1776980566.604689,"e":[[1,1,0.91,1097.0]]}
{"t":1776980577.735656,"e":[[1,1,0.91,347.0]]}
{"t":1776980578.763276,"e":[[1,1,0.91,1097.0]]}
{"t":1776980589.9223082,"e":[[1,1,0.91,347.0]]}
{"t":1776980591.962518,"e":[[1,1,0.91,1097.0]]}
{"t":1776980758.610584,"e":[[1,1,0.91,347.0]]}
{"t":1776980762.6692328,"e":[[1,1,0.91,1097.0]]}
{"t":1776980842.4296498,"e":[[1,1,0.91,347.0]]}
{"t":1776980845.4702349,"e":[[1,1,0.91,1097.0]]}
{"t":1776980929.387115,"e":[[1,1,0.91,347.0]]}
{"t":1776980932.421974,"e":[[1,1,0.91,1097.0]]}
{"t":1776980942.557023,"e":[[1,1,0.91,347.0]]}
{"t":1776980945.5937312,"e":[[1,1,0.91,1097.0]]}
{"t":1776980957.745952,"e":[[1,1,0.91,347.0]]}
{"t":1776980960.798671,"e":[[1,1,0.91,1097.0]]}
{"t":1776980976.982363,"e":[[1,1,0.91,347.0]]}
{"t":1776980980.029228,"e":[[1,1,0.91,1097.0]]}
{"t":1776980995.2883961,"e":[[1,1,0.91,347.0]]}
{"t":1776980999.340385,"e":[[1,1,0.91,1097.0]]}
{"t":1776981008.444097,"e":[[1,1,0.91,347.0]]}
{"t":1776981011.484992,"e":[[1,1,0.91,1097.0]]}
{"t":1776981018.585931,"e":[[1,1,0.91,347.0]]}
{"t":1776981021.6490638,"e":[[1,1,0.91,1097.0]]}
{"t":1776981039.859245,"e":[[1,1,0.91,347.0]]}
{"t":1776981044.931883,"e":[[1,1,0.91,1097.0]]}
{"t":1776981072.162536,"e":[[1,1,0.91,347.0]]}
{"t":1776981075.2181,"e":[[1,1,0.91,1097.0]]}
{"t":1776981087.326062,"e":[[1,1,0.91,347.0]]}
{"t":1776981088.35586,"e":[[1,1,0.91,1097.0]]}
{"t":1776981100.51648,"e":[[1,1,0.91,347.0]]}
{"t":1776981103.559409,"e":[[1,1,0.03,20.0],[1,1,0.91,1097.0],[1,1,0.02,114.0],[1,1,0.01,244.0]]}
{"t":1776981193.665442,"e":[[1,1,0.91,347.0]]}
{"t":1776981196.725966,"e":[[1,1,0.91,1097.0]]}
{"t":1776981206.826984,"e":[[1,1,0.91,347.0]]}
{"t":1776981210.864474,"e":[[1,1,0.91,1097.0]]}
{"t":1776981249.287044,"e":[[1,1,0.91,347.0]]}
{"t":1776981253.340408,"e":[[1,1,0.91,1097.0]]}
{"t":1776981263.4313338,"e":[[1,1,0.91,347.0]]}
{"t":1776981266.4803982,"e":[[1,1,0.91,1097.0]]}
{"t":1776981297.8282409,"e":[[1,1,0.91,347.0]]}
{"t":1776981307.961257,"e":[[0,1,0.65],[1,1,0.36,8801.0]]}
{"t":1776981600.633235,"e":[[0,1,0.35]]}
{"t":1776982240.549907,"e":[[1,1,0.99,10123.33],[1,1,0.37,52.0],[1,1,0.02,100.0],[1,1,0.01,200.0]]}
{"t":1776982262.761399,"e":[[1,1,0.38,5.0],[0,1,0.04]]}
{"t":1776982280.912687,"e":[[1,1,0.99,15123.33]]}
{"t":1776983168.457012,"e":[[0,1,0.37],[1,1,0.99,15029.82],[1,1,0.01,254.0]]}
{"t":1776983191.643423,"e":[[0,1,0.38],[1,1,0.37,5.0]]}
{"t":1776985518.746806,"e":[[1,1,0.99,14936.31]]}
{"t":1776985547.013383,"e":[[1,1,0.37,56.0],[1,1,0.01,200.0]]}
{"t":1776985552.053429,"e":[[1,1,0.99,14926.96]]}
{"t":1776985583.311397,"e":[[1,1,0.37,51.0],[1,1,0.38,5.0]]}
{"t":1776985759.952321,"e":[[1,1,0.99,14917.609999999999]]}
{"t":1776985860.902646,"e":[[1,1,0.99,14584.609999999999]]}
{"t":1776985974.902431,"e":[[1,1,0.99,14578.609999999999]]}
{"t":1776986082.8352818,"e":[[0,1,0.36],[1,1,0.38,8348.0]]}
{"t":1776986103.041771,"e":[[1,1,0.99,14391.579999999998]]}
{"t":1776986133.263108,"e":[[1,1,0.38,8343.0],[1,1,0.39,5.0]]}
{"t":1776986313.663645,"e":[[0,1,0.37],[1,1,0.85,9.0],[1,1,0.91,361.0],[1,1,0.93,116.0],[1,1,0.02,115.0],[1,1,0.01,244.0]]}
{"t":1776986363.351876,"e":[[1,1,0.85,2.0],[1,1,0.91,347.0],[1,1,0.93,96.0]]}
{"t":1776986364.384167,"e":[[1,1,0.85,9.0],[1,1,0.91,361.0],[1,1,0.93,116.0]]}
{"t":1776986383.65274,"e":[[1,1,0.85,2.0],[1,1,0.91,347.0],[1,1,0.93,96.0]]}
{"t":1776986384.680605,"e":[[1,1,0.85,9.0],[1,1,0.91,361.0],[1,1,0.93,116.0]]}
{"t":1776986397.8622699,"e":[[1,1,0.85,2.0],[1,1,0.91,347.0],[1,1,0.93,96.0]]}
{"t":1776986400.899296,"e":[[1,1,0.85,9.0],[1,1,0.91,361.0],[1,1,0.93,116.0]]}
{"t":1776986419.158252,"e":[[1,1,0.85,2.0],[1,1,0.91,347.0],[1,1,0.93,96.0]]}
{"t":1776986422.21214,"e":[[1,1,0.85,9.0],[1,1,0.91,361.0],[1,1,0.93,116.0]]}
{"t":1776986437.380849,"e":[[1,1,0.85,2.0],[1,1,0.91,347.0],[1,1,0.93,96.0]]}
{"t":1776986439.423061,"e":[[1,1,0.85,9.0],[1,1,0.91,361.0],[1,1,0.93,116.0]]}
{"t":1776986453.6314602,"e":[[1,1,0.99,14372.879999999997]]}
{"t":1776986458.686429,"e":[[1,1,0.93,117.0]]}
{"t":1776986469.807368,"e":[[1,1,0.85,2.0],[1,1,0.91,347.0],[1,1,0.93,96.0]]}
{"t":1776986472.854091,"e":[[1,1,0.85,9.0],[1,1,0.91,361.0],[1,1,0.93,117.0]]}
{"t":1776986494.109504,"e":[[1,1,0.85,2.0],[1,1,0.91,347.0],[1,1,0.93,96.0]]}
{"t":1776986496.1457589,"e":[[1,1,0.85,9.0],[1,1,0.91,361.0],[1,1,0.93,117.0]]}
{"t":1776986534.6683981,"e":[[1,1,0.85,2.0],[1,1,0.91,347.0],[1,1,0.93,96.0]]}
{"t":1776986537.7171562,"e":[[1,1,0.85,9.0],[1,1,0.91,361.0],[1,1,0.93,117.0]]}
{"t":1776986573.241257,"e":[[1,1,0.85,2.0],[1,1,0.91,347.0],[1,1,0.93,96.0]]}
{"t":1776986574.2613492,"e":[[1,1,0.85,9.0],[1,1,0.91,361.0],[1,1,0.93,117.0]]}
{"t":1776986579.318312,"e":[[1,1,0.85,2.0],[1,1,0.91,347.0],[1,1,0.93,96.0]]}
{"t":1776986582.380278,"e":[[1,1,0.85,9.0],[1,1,0.91,361.0],[1,1,0.93,117.0]]}
{"t":1776986659.255121,"e":[[1,1,0.85,2.0],[1,1,0.91,347.0],[1,1,0.93,96.0]]}
{"t":1776986661.2968,"e":[[1,1,0.85,9.0],[1,1,0.91,361.0],[1,1,0.93,117.0]]}
{"t":1776986680.548555,"e":[[1,1,0.85,2.0],[1,1,0.91,347.0],[1,1,0.93,96.0]]}
{"t":1776986683.588853,"e":[[1,1,0.85,9.0],[1,1,0.91,361.0],[1,1,0.93,117.0]]}
{"t":1776986705.846477,"e":[[1,1,0.85,2.0],[1,1,0.91,347.0],[1,1,0.93,96.0]]}
{"t":1776986708.8906822,"e":[[1,1,0.85,9.0],[1,1,0.91,361.0],[1,1,0.93,117.0]]}
{"t":1776986729.172899,"e":[[1,1,0.85,2.0],[1,1,0.91,347.0],[1,1,0.93,96.0]]}
{"t":1776986734.241397,"e":[[1,1,0.85,9.0],[1,1,0.91,361.0],[1,1,0.93,117.0]]}
{"t":1776986832.4536839,"e":[[1,1,0.85,2.0],[1,1,0.91,347.0],[1,1,0.93,96.0]]}
{"t":1776986837.5276139,"e":[[1,1,0.85,9.0],[1,1,0.91,361.0],[1,1,0.93,117.0]]}
{"t":1776986869.923723,"e":[[1,1,0.85,2.0],[1,1,0.91,347.0],[1,1,0.93,96.0]]}
{"t":1776986872.010302,"e":[[1,1,0.85,9.0],[1,1,0.91,361.0],[1,1,0.93,117.0]]}
{"t":1776986886.168145,"e":[[1,1,0.85,2.0],[1,1,0.91,347.0],[1,1,0.93,96.0]]}
{"t":1776986888.2016718,"e":[[1,1,0.85,9.0],[1,1,0.91,361.0],[1,1,0.93,117.0]]}
{"t":1776986915.520103,"e":[[1,1,0.85,2.0],[1,1,0.91,347.0],[1,1,0.93,96.0]]}
{"t":1776986920.597632,"e":[[1,1,0.85,9.0],[1,1,0.91,361.0],[1,1,0.93,117.0]]}
{"t":1776986942.903061,"e":[[1,1,0.85,2.0],[1,1,0.91,347.0],[1,1,0.93,96.0]]}
{"t":1776986946.9656582,"e":[[1,1,0.85,9.0],[1,1,0.91,361.0],[1,1,0.93,117.0]]}
{"t":1776986947.983878,"e":[[1,1,0.85,2.0],[1,1,0.91,347.0],[1,1,0.93,96.0]]}
{"t":1776986952.033379,"e":[[1,1,0.85,9.0],[1,1,0.91,361.0],[1,1,0.93,117.0]]}
{"t":1776986964.188865,"e":[[1,1,0.85,2.0],[1,1,0.91,347.0],[1,1,0.93,96.0]]}
{"t":1776986966.217751,"e":[[1,1,0.85,9.0],[1,1,0.91,361.0],[1,1,0.93,117.0]]}
{"t":1776986970.258007,"e":[[1,1,0.85,2.0],[1,1,0.91,347.0],[1,1,0.93,96.0]]}
{"t":1776986972.294152,"e":[[1,1,0.85,9.0],[1,1,0.91,361.0],[1,1,0.93,117.0]]}
{"t":1776986979.398657,"e":[[1,1,0.85,2.0],[1,1,0.91,347.0],[1,1,0.93,96.0]]}
{"t":1776986981.42221,"e":[[1,1,0.85,9.0],[1,1,0.91,361.0],[1,1,0.93,117.0]]}
{"t":1776986996.63327,"e":[[1,1,0.85,2.0],[1,1,0.91,347.0],[1,1,0.93,96.0]]}
{"t":1776986997.66156,"e":[[1,1,0.85,9.0],[1,1,0.91,361.0],[1,1,0.93,117.0]]}
{"t":1776987043.294888,"e":[[1,1,0.91,14.0]]}
{"t":1776987048.358567,"e":[[1,1,0.85,7.0],[0,1,0.91],[1,1,0.93,105.0],[1,1,0.95,112.0]]}
{"t":1776987079.743087,"e":[[1,1,0.85,2.0],[1,1,0.93,96.0],[1,1,0.95,98.0]]}
{"t":1776987080.771084,"e":[[1,1,0.85,18.0],[1,1,0.93,129.0],[1,1,0.95,147.0]]}
{"t":1776987085.8436558,"e":[[1,1,0.85,7.0],[1,1,0.93,107.0],[1,1,0.95,114.0]]}
{"t":1776987086.862421,"e":[[1,1,0.85,6.0],[1,1,0.93,105.0],[1,1,0.95,111.0]]}
{"t":1776987088.891605,"e":[[1,1,0.85,7.0],[1,1,0.95,112.0]]}
{"t":1776987127.571431,"e":[[1,1,0.85,2.0],[1,1,0.93,96.0],[1,1,0.95,98.0]]}
{"t":1776987128.5982761,"e":[[1,1,0.85,7.0],[1,1,0.93,105.0],[1,1,0.95,112.0]]}
{"t":1776987131.655811,"e":[[1,1,0.85,2.0],[1,1,0.93,96.0],[1,1,0.95,98.0]]}
{"t":1776987135.711443,"e":[[1,1,0.85,7.0],[1,1,0.93,105.0],[1,1,0.95,112.0]]}
{"t":1776987144.8593578,"e":[[1,1,0.85,2.0],[1,1,0.93,96.0],[1,1,0.95,98.0]]}
{"t":1776987148.931984,"e":[[1,1,0.85,7.0],[1,1,0.93,105.0],[1,1,0.95,112.0]]}
{"t":1776987208.6758132,"e":[[1,1,0.85,2.0],[1,1,0.93,96.0],[1,1,0.95,98.0]]}
{"t":1776987212.738463,"e":[[1,1,0.85,7.0],[1,1,0.93,105.0],[1,1,0.95,112.0]]}
{"t":1776987268.385867,"e":[[1,1,0.85,2.0],[1,1,0.93,96.0],[1,1,0.95,98.0]]}
{"t":1776987271.432161,"e":[[1,1,0.85,7.0],[1,1,0.93,105.0],[1,1,0.95,112.0]]}
{"t":1776987274.473359,"e":[[1,1,0.98,4990.0]]}
{"t":1776987307.884866,"e":[[1,1,0.85,2.0],[1,1,0.93,96.0],[1,1,0.95,98.0]]}
{"t":1776987308.906742,"e":[[1,1,0.85,7.0],[1,1,0.93,105.0],[1,1,0.95,112.0]]}
{"t":1776987362.556312,"e":[[1,1,0.85,2.0],[1,1,0.93,96.0],[1,1,0.95,98.0]]}
{"t":1776987366.622816,"e":[[1,1,0.85,7.0],[1,1,0.93,105.0],[1,1,0.95,112.0]]}
{"t":1776987388.8948748,"e":[[1,1,0.85,2.0],[1,1,0.93,96.0],[1,1,0.95,98.0]]}
{"t":1776987392.957681,"e":[[1,1,0.85,7.0],[1,1,0.93,105.0],[1,1,0.95,112.0]]}
{"t":1776987410.173267,"e":[[1,1,0.85,2.0],[1,1,0.93,96.0],[1,1,0.95,98.0]]}
{"t":1776987411.193162,"e":[[1,1,0.85,7.0],[1,1,0.93,105.0],[1,1,0.95,112.0]]}
{"t":1776987480.037149,"e":[[1,1,0.85,2.0],[1,1,0.93,96.0],[1,1,0.95,98.0]]}
{"t":1776987481.0704799,"e":[[1,1,0.85,18.0],[1,1,0.93,129.0],[1,1,0.95,147.0]]}
{"t":1776987483.109153,"e":[[1,1,0.85,7.0],[1,1,0.93,107.0],[1,1,0.95,114.0]]}
{"t":1776987488.1848361,"e":[[1,1,0.85,6.0],[1,1,0.93,105.0],[1,1,0.95,111.0]]}
{"t":1776987492.247951,"e":[[1,1,0.85,7.0],[1,1,0.95,112.0]]}
{"t":1776987509.499563,"e":[[1,1,0.85,2.0],[1,1,0.93,96.0],[1,1,0.95,98.0]]}
{"t":1776987513.572844,"e":[[1,1,0.85,7.0],[1,1,0.93,105.0],[1,1,0.95,112.0]]}
{"t":1776987531.878761,"e":[[1,1,0.85,2.0],[1,1,0.93,96.0],[1,1,0.95,98.0]]}
{"t":1776987532.89665,"e":[[1,1,0.85,7.0],[1,1,0.93,105.0],[1,1,0.95,112.0]]}
{"t":1776987546.0651488,"e":[[1,1,0.85,2.0],[1,1,0.93,96.0],[1,1,0.95,98.0]]}
{"t":1776987548.090229,"e":[[1,1,0.85,7.0],[1,1,0.93,105.0],[1,1,0.95,112.0]]}
{"t":1776987565.324453,"e":[[1,1,0.85,2.0],[1,1,0.93,96.0],[1,1,0.95,98.0]]}
{"t":1776987568.358059,"e":[[1,1,0.85,7.0],[1,1,0.93,105.0],[1,1,0.95,112.0]]}
{"t":1776987570.385914,"e":[[1,1,0.85,2.0],[1,1,0.93,96.0],[1,1,0.95,98.0]]}
{"t":1776987571.411482,"e":[[1,1,0.85,18.0],[1,1,0.93,129.0],[1,1,0.95,147.0]]}
{"t":1776987574.4396539,"e":[[1,1,0.85,7.0],[1,1,0.93,107.0],[1,1,0.95,114.0]]}
{"t":1776987577.4838452,"e":[[1,1,0.85,2.0],[1,1,0.93,96.0],[1,1,0.95,98.0]]}
{"t":1776987580.526141,"e":[[1,1,0.85,7.0],[1,1,0.93,105.0],[1,1,0.95,112.0]]}
{"t":1776987586.6072462,"e":[[1,1,0.85,2.0],[1,1,0.93,96.0],[1,1,0.95,98.0]]}
{"t":1776987587.619329,"e":[[1,1,0.85,7.0],[1,1,0.93,105.0],[1,1,0.95,112.0]]}
{"t":1776987593.725282,"e":[[1,1,0.85,2.0],[1,1,0.93,96.0],[1,1,0.95,98.0]]}
{"t":1776987594.758166,"e":[[1,1,0.85,7.0],[1,1,0.93,105.0],[1,1,0.95,112.0]]}
{"t":1776987620.079356,"e":[[1,1,0.85,2.0],[1,1,0.93,96.0],[1,1,0.95,98.0]]}
{"t":1776987622.1203682,"e":[[1,1,0.85,7.0],[1,1,0.93,105.0],[1,1,0.95,112.0]]}
{"t":1776987647.358795,"e":[[1,1,0.85,2.0],[1,1,0.93,96.0],[1,1,0.95,98.0]]}
{"t":1776987648.369152,"e":[[1,1,0.85,7.0],[1,1,0.93,105.0],[1,1,0.95,112.0]]}
{"t":1776987655.4332852,"e":[[1,1,0.85,2.0],[1,1,0.93,96.0],[1,1,0.95,98.0]]}
{"t":1776988021.12275,"e":[[1,1,0.39,45.0],[1,1,0.99,14279.369999999997],[1,1,0.01,200.0]]}
{"t":1776988051.393313,"e":[[1,1,0.39,40.0],[1,1,0.4,5.0]]}
{"t":1776988899.603682,"e":[[1,1,0.99,7447.37]]}
{"t":1776988944.8457541,"e":[[1,1,0.4,17.0],[1,1,0.41,4.0]]}
