{"t": 1776975878.59487, "events": [{"op": "set", "side": "bid", "price": 0.61, "size": 2999.0}, {"op": "set", "side": "ask", "price": 0.01, "size": 10.0}]}
{"t": 1776975882.637974, "events": [{"op": "set", "side": "bid", "price": 0.61, "size": 3999.0}, {"op": "set", "side": "ask", "price": 0.01, "size": 33.0}]}
{"t": 1776975940.061205, "events": [{"op": "set", "side": "bid", "price": 0.61, "size": 2999.0}, {"op": "set", "side": "ask", "price": 0.01, "size": 10.0}]}
{"t": 1776975942.095907, "events": [{"op": "set", "side": "bid", "price": 0.61, "size": 3999.0}, {"op": "set", "side": "ask", "price": 0.01, "size": 33.0}]}
{"t": 1776975951.2976189, "events": [{"op": "set", "side": "bid", "price": 0.61, "size": 2999.0}, {"op": "set", "side": "ask", "price": 0.01, "size": 10.0}]}
{"t": 1776975953.32274, "events": [{"op": "set", "side": "bid", "price": 0.61, "size": 3999.0}, {"op": "set", "side": "ask", "price": 0.01, "size": 33.0}]}
{"t": 1776976044.185159, "events": [{"op": "set", "side": "bid", "price": 0.61, "size": 2999.0}, {"op": "set", "side": "ask", "price": 0.01, "size": 10.0}]}
{"t": 1776976047.209746, "events": [{"op": "set", "side": "bid", "price": 0.61, "size": 3999.0}, {"op": "set", "side": "ask", "price": 0.01, "size": 33.0}]}
{"t": 1776976058.306615, "events": [{"op": "set", "side": "bid", "price": 0.61, "size": 2999.0}, {"op": "set", "side": "ask", "price": 0.01, "size": 10.0}]}
{"t": 1776976062.354484, "events": [{"op": "set", "side": "bid", "price": 0.61, "size": 3999.0}, {"op": "set", "side": "ask", "price": 0.01, "size": 33.0}]}
{"t": 1776976085.548361, "events": [{"op": "set", "side": "bid", "price": 0.61, "size": 2999.0}, {"op": "set", "side": "ask", "price": 0.01, "size": 10.0}]}
{"t": 1776976088.582797, "events": [{"op": "set", "side": "bid", "price": 0.61, "size": 3999.0}, {"op": "set", "side": "ask", "price": 0.01, "size": 33.0}]}
{"t": 1776976135.934583, "events": [{"op": "set", "side": "bid", "price": 0.61, "size": 2999.0}, {"op": "set", "side": "ask", "price": 0.01, "size": 10.0}]}
{"t": 1776976139.976351, "events": [{"op": "set", "side": "bid", "price": 0.61, "size": 3999.0}, {"op": "set", "side": "ask", "price": 0.01, "size": 33.0}]}
{"t": 1776976152.035327, "events": [{"op": "set", "side": "bid", "price": 0.61, "size": 2999.0}, {"op": "set", "side": "ask", "price": 0.01, "size": 10.0}]}
{"t": 1776976154.063997, "events": [{"op": "set", "side": "bid", "price": 0.61, "size": 3999.0}, {"op": "set", "side": "ask", "price": 0.01, "size": 33.0}]}
{"t": 1776976204.476952, "events": [{"op": "set", "side": "bid", "price": 0.61, "size": 2999.0}, {"op": "set", "side": "ask", "price": 0.01, "size": 10.0}]}
{"t": 1776976207.508864, "events": [{"op": "set", "side": "bid", "price": 0.61, "size": 3999.0}, {"op": "set", "side": "ask", "price": 0.01, "size": 33.0}]}
{"t": 1776976240.732478, "events": [{"op": "set", "side": "ask", "price": 0.01, "size": 1033.0}]}
{"t": 1776976255.835129, "events": [{"op": "set", "side": "ask", "price": 0.01, "size": 2010.0}]}
{"t": 1776976285.139929, "events": [{"op": "set", "side": "bid", "price": 0.61, "size": 2999.0}, {"op": "set", "side": "ask", "price": 0.01, "size": 1010.0}]}
{"t": 1776976287.161626, "events": [{"op": "set", "side": "bid", "price": 0.61, "size": 3999.0}, {"op": "set", "side": "ask", "price": 0.01, "size": 2010.0}]}
{"t": 1776976301.276474, "events": [{"op": "set", "side": "bid", "price": 0.61, "size": 2999.0}, {"op": "set", "side": "ask", "price": 0.01, "size": 1010.0}]}
{"t": 1776976304.313708, "events": [{"op": "set", "side": "bid", "price": 0.61, "size": 3999.0}, {"op": "set", "side": "ask", "price": 0.01, "size": 2010.0}]}
{"t": 1776976340.6580539, "events": [{"op": "set", "side": "bid", "price": 0.61, "size": 2999.0}, {"op": "set", "side": "ask", "price": 0.01, "size": 1010.0}]}
{"t": 1776976348.738213, "events": [{"op": "set", "side": "bid", "price": 0.61, "size": 3999.0}, {"op": "set", "side": "ask", "price": 0.01, "size": 2010.0}]}
{"t": 1776976351.775647, "events": [{"op": "set", "side": "bid", "price": 0.61, "size": 2999.0}, {"op": "set", "side": "ask", "price": 0.01, "size": 1010.0}]}
{"t": 1776976357.858582, "events": [{"op": "set", "side": "bid", "price": 0.61, "size": 3999.0}, {"op": "set", "side": "ask", "price": 0.01, "size": 2010.0}]}
{"t": 1776976425.340163, "events": [{"op": "set", "side": "bid", "price": 0.61, "size": 2999.0}, {"op": "set", "side": "ask", "price": 0.01, "size": 1010.0}]}
{"t": 1776976427.360094, "events": [{"op": "set", "side": "bid", "price": 0.61, "size": 3999.0}, {"op": "set", "side": "ask", "price": 0.01, "size": 2010.0}]}
{"t": 1776976465.66493, "events": [{"op": "set", "side": "bid", "price": 0.61, "size": 2999.0}, {"op": "set", "side": "ask", "price": 0.01, "size": 1010.0}]}
{"t": 1776976467.6886039, "events": [{"op": "set", "side": "bid", "price": 0.61, "size": 3999.0}, {"op": "set", "side": "ask", "price": 0.01, "size": 2010.0}]}
{"t": 1776976477.761339, "events": [{"op": "set", "side": "bid", "price": 0.61, "size": 2999.0}, {"op": "set", "side": "ask", "price": 0.01, "size": 1010.0}]}
{"t": 1776976480.793513, "events": [{"op": "set", "side": "bid", "price": 0.61, "size": 3999.0}, {"op": "set", "side": "ask", "price": 0.01, "size": 2010.0}]}
{"t": 1776976514.0667362, "events": [{"op": "set", "side": "bid", "price": 0.61, "size": 1000.0}, {"op": "set", "side": "bid", "price": 0.62, "size": 2819.0}]}
{"t": 1776976521.1357608, "events": [{"op": "set", "side": "bid", "price": 0.62, "size": 3819.0}, {"op": "delete", "side": "bid", "price": 0.61}]}
{"t": 1776976536.203557, "events": [{"op": "set", "side": "bid", "price": 0.62, "size": 2819.0}, {"op": "set", "side": "ask", "price": 0.01, "size": 1010.0}]}
{"t": 1776976538.221212, "events": [{"op": "set", "side": "bid", "price": 0.62, "size": 3819.0}, {"op": "set", "side": "ask", "price": 0.01, "size": 2010.0}]}
{"t": 1776976569.49947, "events": [{"op": "set", "side": "bid", "price": 0.62, "size": 2819.0}, {"op": "set", "side": "ask", "price": 0.01, "size": 1010.0}]}
{"t": 1776976571.5276349, "events": [{"op": "set", "side": "bid", "price": 0.62, "size": 3819.0}, {"op": "set", "side": "ask", "price": 0.01, "size": 2010.0}]}
{"t": 1776976627.946018, "events": [{"op": "set", "side": "bid", "price": 0.62, "size": 2819.0}, {"op": "set", "side": "ask", "price": 0.01, "size": 1010.0}]}
{"t": 1776976631.9891021, "events": [{"op": "set", "side": "bid", "price": 0.62, "size": 3819.0}, {"op": "set", "side": "ask", "price": 0.01, "size": 2010.0}]}
{"t": 1776976694.6291242, "events": [{"op": "set", "side": "bid", "price": 0.62, "size": 2819.0}, {"op": "set", "side": "ask", "price": 0.01, "size": 1010.0}]}
{"t": 1776976697.8306718, "events": [{"op": "set", "side": "bid", "price": 0.62, "size": 3819.0}, {"op": "set", "side": "ask", "price": 0.01, "size": 2010.0}]}
{"t": 1776976798.966105, "events": [{"op": "set", "side": "bid", "price": 0.62, "size": 2819.0}, {"op": "set", "side": "ask", "price": 0.01, "size": 1010.0}]}
{"t": 1776976803.02252, "events": [{"op": "set", "side": "bid", "price": 0.62, "size": 3819.0}, {"op": "set", "side": "ask", "price": 0.01, "size": 2010.0}]}
{"t": 1776976823.281095, "events": [{"op": "set", "side": "bid", "price": 0.62, "size": 2819.0}, {"op": "set", "side": "ask", "price": 0.01, "size": 1010.0}]}
{"t": 1776976826.322222, "events": [{"op": "set", "side": "bid", "price": 0.62, "size": 3819.0}, {"op": "set", "side": "ask", "price": 0.01, "size": 2010.0}]}
{"t": 1776976873.730138, "events": [{"op": "set", "side": "bid", "price": 0.62, "size": 2819.0}, {"op": "set", "side": "ask", "price": 0.01, "size": 1010.0}]}
{"t": 1776976876.771445, "events": [{"op": "set", "side": "bid", "price": 0.62, "size": 3819.0}, {"op": "set", "side": "ask", "price": 0.01, "size": 2010.0}]}
{"t": 1776976973.991848, "events": [{"op": "set", "side": "ask", "price": 0.01, "size": 2202.0}]}
{"t": 1776977005.294194, "events": [{"op": "set", "side": "ask", "price": 0.01, "size": 2201.0}]}
{"t": 1776977027.54447, "events": [{"op": "set", "side": "bid", "price": 0.62, "size": 2819.0}, {"op": "set", "side": "ask", "price": 0.01, "size": 1201.0}]}
{"t": 1776977031.587998, "events": [{"op": "set", "side": "bid", "price": 0.62, "size": 3819.0}, {"op": "set", "side": "ask", "price": 0.01, "size": 2201.0}]}
{"t": 1776977130.577865, "events": [{"op": "set", "side": "bid", "price": 0.62, "size": 2819.0}, {"op": "set", "side": "ask", "price": 0.01, "size": 1201.0}]}
{"t": 1776977145.7594, "events": [{"op": "set", "side": "ask", "price": 0.01, "size": 1195.0}]}
{"t":1776978858.741338,"e":[[1,0,0.62,3569.0],[1,1,0.01,1945.0]]}
{"t":1776978869.856717,"e":[[1,0,0.62,2819.0],[1,1,0.01,1195.0]]}
{"t":1776978872.894586,"e":[[1,0,0.62,3569.0],[1,1,0.01,1945.0]]}
{"t":1776978909.223537,"e":[[1,0,0.62,2819.0],[1,1,0.01,1195.0]]}
{"t":1776978913.274387,"e":[[1,0,0.62,3569.0],[1,1,0.01,1945.0]]}
{"t":1776978979.146398,"e":[[1,0,0.62,2819.0],[1,1,0.01,1195.0]]}
{"t":1776978982.174557,"e":[[1,0,0.62,3569.0],[1,1,0.01,1945.0]]}
{"t":1776979006.375099,"e":[[1,0,0.62,2819.0],[1,1,0.01,1195.0]]}
{"t":1776979009.408774,"e":[[1,0,0.62,3569.0],[1,1,0.01,1945.0]]}
{"t":1776979021.503144,"e":[[1,0,0.62,2819.0],[1,1,0.01,1195.0]]}
{"t":1776979023.5258439,"e":[[1,0,0.62,3569.0],[1,1,0.01,1945.0]]}
{"t":1776979081.134896,"e":[[1,0,0.62,2819.0],[1,1,0.01,1195.0]]}
{"t":1776979084.171616,"e":[[1,0,0.62,3569.0],[1,1,0.01,1945.0]]}
{"t":1776979102.3232388,"e":[[1,0,0.62,2819.0],[1,1,0.01,1195.0]]}
{"t":1776979106.3717089,"e":[[1,0,0.62,3569.0],[1,1,0.01,1945.0]]}
{"t":1776979111.404879,"e":[[1,0,0.62,2819.0],[1,1,0.01,1195.0]]}
{"t":1776979113.428629,"e":[[1,0,0.62,3569.0],[1,1,0.01,1945.0]]}
{"t":1776979130.556236,"e":[[1,0,0.62,2819.0],[1,1,0.01,1195.0]]}
{"t":1776979132.568574,"e":[[1,0,0.62,3569.0],[1,1,0.01,1945.0]]}
{"t":1776979135.5978959,"e":[[1,0,0.62,2819.0],[1,1,0.01,1195.0]]}
{"t":1776979139.636075,"e":[[1,0,0.62,3569.0],[1,1,0.01,1945.0]]}
{"t":1776979162.765724,"e":[[1,0,0.62,2819.0],[1,1,0.01,1195.0]]}
{"t":1776979166.8385139,"e":[[1,0,0.62,3569.0],[1,1,0.01,1945.0]]}
{"t":1776979208.261129,"e":[[1,0,0.62,2819.0],[1,1,0.01,1195.0]]}
{"t":1776979210.3045912,"e":[[1,0,0.62,3569.0],[1,1,0.01,1945.0]]}
{"t":1776979250.753281,"e":[[1,0,0.62,2819.0],[1,1,0.01,1195.0]]}
{"t":1776979252.8169029,"e":[[1,0,0.62,3569.0],[1,1,0.01,1945.0]]}
{"t":1776979286.150522,"e":[[1,0,0.62,2819.0],[1,1,0.01,1195.0]]}
{"t":1776979287.159824,"e":[[1,0,0.62,3569.0],[1,1,0.01,1945.0]]}
{"t":1776979322.47595,"e":[[1,0,0.62,2819.0],[1,1,0.01,1195.0]]}
{"t":1776979327.535894,"e":[[1,0,0.62,3569.0],[1,1,0.01,1945.0]]}
{"t":1776979357.799739,"e":[[1,0,0.62,2819.0],[1,1,0.01,1195.0]]}
{"t":1776979358.815964,"e":[[1,0,0.62,3569.0],[1,1,0.01,1945.0]]}
{"t":1776979373.992595,"e":[[1,0,0.62,2819.0],[1,1,0.01,1195.0]]}
{"t":1776979377.03843,"e":[[1,0,0.62,3569.0],[1,1,0.01,1945.0]]}
{"t":1776979393.279681,"e":[[1,0,0.62,2819.0],[1,1,0.01,1195.0]]}
{"t":1776979396.311556,"e":[[1,0,0.62,3569.0],[1,1,0.01,1945.0]]}
{"t":1776979404.426751,"e":[[1,0,0.62,2819.0],[1,1,0.01,1195.0]]}
{"t":1776979407.472841,"e":[[1,0,0.62,3569.0],[1,1,0.01,1945.0]]}
{"t":1776979421.670975,"e":[[1,0,0.62,2819.0],[1,1,0.01,1195.0]]}
{"t":1776979424.820554,"e":[[1,0,0.62,3569.0],[1,1,0.01,1945.0]]}
{"t":1776979440.0022578,"e":[[1,0,0.62,2819.0],[1,1,0.01,1195.0]]}
{"t":1776979443.037045,"e":[[1,0,0.62,3569.0],[1,1,0.01,1945.0]]}
{"t":1776979499.5889611,"e":[[1,0,0.62,2819.0],[1,1,0.01,1195.0]]}
{"t":1776979502.631507,"e":[[1,0,0.62,3569.0],[1,1,0.01,1945.0]]}
{"t":1776979636.021319,"e":[[1,0,0.62,2819.0],[1,1,0.01,1195.0]]}
{"t":1776979637.049831,"e":[[1,0,0.62,3569.0],[1,1,0.01,1945.0]]}
{"t":1776979641.110275,"e":[[1,0,0.62,2819.0],[1,1,0.01,1195.0]]}
{"t":1776979646.186614,"e":[[1,0,0.62,3569.0],[1,1,0.01,1945.0]]}
{"t":1776979673.505915,"e":[[1,0,0.62,2819.0],[1,1,0.01,1195.0]]}
{"t":1776979677.5577102,"e":[[1,0,0.62,3569.0],[1,1,0.01,1945.0]]}
{"t":1776979714.936487,"e":[[1,0,0.62,2819.0],[1,1,0.01,1195.0]]}
{"t":1776979720.003347,"e":[[1,0,0.62,3569.0],[1,1,0.01,1945.0]]}
{"t":1776979736.216362,"e":[[1,0,0.62,2819.0],[1,1,0.01,1195.0]]}
{"t":1776979738.25713,"e":[[1,0,0.62,3569.0],[1,1,0.01,1945.0]]}
{"t":1776979783.728341,"e":[[1,0,0.97,1749.99]]}
{"t":1776979785.746725,"e":[[1,1,0.02,1000.0],[1,1,0.01,945.0]]}
{"t":1776979787.757783,"e":[[1,1,0.01,195.0]]}
{"t":1776979788.771426,"e":[[1,1,0.02,1750.0]]}
{"t":1776979820.0560918,"e":[[1,0,0.62,2819.0],[1,1,0.02,1000.0]]}
{"t":1776979826.137264,"e":[[1,0,0.62,3569.0],[1,1,0.02,1750.0]]}
{"t":1776979832.244597,"e":[[1,0,0.62,2819.0],[1,1,0.02,1000.0]]}
{"t":1776979835.291805,"e":[[1,0,0.62,3569.0],[1,1,0.02,1750.0]]}
{"t":1776979838.332146,"e":[[1,0,0.01,61.0]]}
{"t":1776979840.36112,"e":[[1,0,0.01,71.0]]}
{"t":1776979848.456056,"e":[[1,0,0.01,121.0]]}
{"t":1776979851.491549,"e":[[1,0,0.89,30.0]]}
{"t":1776979866.614618,"e":[[1,0,0.62,2819.0],[1,1,0.02,1000.0]]}
{"t":1776979867.63152,"e":[[0,0,0.59],[1,1,0.01,9.0]]}
{"t":1776979868.636278,"e":[[1,0,0.61,5.0],[1,1,0.01,190.0]]}
{"t":1776979870.6450438,"e":[[1,0,0.62,3569.0],[1,1,0.02,1750.0]]}
{"t":1776979932.400099,"e":[[0,0,0.61]]}
{"t":1776979934.426216,"e":[[1,0,0.63,5.0]]}
{"t":1776979941.500191,"e":[[1,0,0.63,51.0],[1,0,0.62,2850.0],[1,0,0.6,215.0]]}
{"t":1776979948.596159,"e":[[1,0,0.63,5.0],[1,0,0.62,2819.0],[1,0,0.6,200.0],[1,1,0.02,1000.0]]}
{"t":1776979952.65566,"e":[[1,0,0.63,51.0],[1,0,0.62,2850.0],[1,0,0.6,215.0],[1,1,0.02,1750.0]]}
{"t":1776980002.208147,"e":[[0,0,0.63],[1,0,0.62,2819.0],[1,0,0.6,200.0],[1,1,0.02,1000.0],[1,1,0.01,9.0]]}
{"t":1776980004.2373629,"e":[[1,0,0.65,5.0]]}
{"t":1776980005.253522,"e":[[1,0,0.89,530.0],[1,0,0.62,3069.0],[1,0,0.9,16.0],[1,1,0.02,1750.0]]}
{"t":1776980016.371419,"e":[[0,0,0.9],[1,0,0.89,30.0],[1,0,0.62,2868.0]]}
{"t":1776980018.40517,"e":[[1,0,0.65,78.0],[1,0,0.6,225.0]]}
{"t":1776980022.442543,"e":[[1,0,0.65,66.0],[1,0,0.62,2860.0],[1,0,0.6,221.0]]}
{"t":1776980026.489411,"e":[[1,0,0.65,78.0],[1,0,0.62,2868.0],[1,0,0.6,225.0]]}
{"t":1776980028.51399,"e":[[1,0,0.65,66.0],[1,0,0.62,2860.0],[1,0,0.6,221.0]]}
{"t":1776980031.561755,"e":[[1,0,0.65,17.0],[1,0,0.62,2827.0],[1,0,0.6,204.0],[1,1,0.02,1000.0]]}
{"t":1776980034.6140401,"e":[[1,0,0.65,78.0],[1,0,0.62,2868.0],[1,0,0.6,225.0],[1,1,0.02,1750.0]]}
{"t":1776980037.667946,"e":[[1,0,0.65,66.0],[1,0,0.62,2860.0],[1,0,0.6,221.0],[1,0,0.88,16.0]]}
{"t":1776980039.75165,"e":[[1,0,0.65,17.0],[1,0,0.62,2827.0],[1,0,0.6,204.0]]}
{"t":1776980040.7603729,"e":[[1,0,0.65,78.0],[1,0,0.62,2868.0],[1,0,0.6,225.0]]}
{"t":1776980044.828404,"e":[[1,0,0.65,66.0],[1,0,0.62,2860.0],[1,0,0.6,221.0]]}
{"t":1776980047.874488,"e":[[1,0,0.65,17.0],[1,0,0.62,2827.0],[1,0,0.6,204.0]]}
{"t":1776980048.909193,"e":[[1,0,0.65,78.0],[1,0,0.62,2868.0],[1,0,0.6,225.0]]}
{"t":1776980053.963362,"e":[[1,0,0.65,66.0],[1,0,0.62,2860.0],[1,0,0.6,221.0]]}
{"t":1776980055.9976058,"e":[[1,0,0.65,17.0],[1,0,0.62,2827.0],[1,0,0.6,204.0]]}
{"t":1776980057.0162718,"e":[[1,0,0.65,78.0],[1,0,0.62,2868.0],[1,0,0.6,225.0]]}
{"t":1776980060.048734,"e":[[1,0,0.65,66.0],[1,0,0.62,2860.0],[1,0,0.6,221.0]]}
{"t":1776980065.099478,"e":[[1,0,0.65,17.0],[1,0,0.62,2827.0],[1,0,0.6,204.0]]}
{"t":1776980066.114054,"e":[[1,0,0.65,78.0],[1,0,0.62,2868.0],[1,0,0.6,225.0]]}
{"t":1776980067.1254132,"e":[[0,0,0.88]]}
{"t":1776980069.144686,"e":[[1,0,0.65,61.0],[1,0,0.62,2860.0],[1,0,0.6,221.0]]}
{"t":1776980070.163462,"e":[[1,0,0.67,5.0]]}
{"t":1776980074.1980958,"e":[[0,0,0.65],[1,0,0.62,2827.0],[1,0,0.6,204.0]]}
{"t":1776980075.213216,"e":[[1,0,0.67,127.0],[1,0,0.62,2900.0],[1,0,0.6,241.0]]}
{"t":1776980079.2546391,"e":[[1,0,0.62,2827.0],[1,0,0.6,204.0]]}
{"t":1776980080.272047,"e":[[1,0,0.67,171.0],[1,0,0.62,2929.0],[1,0,0.6,255.0]]}
{"t":1776980089.359926,"e":[[1,0,0.67,127.0],[1,0,0.62,2827.0],[1,0,0.6,204.0]]}
{"t":1776980090.3686342,"e":[[1,0,0.67,230.0],[1,0,0.62,2969.0],[1,0,0.6,275.0]]}
{"t":1776980098.4505432,"e":[[1,0,0.67,127.0],[1,0,0.62,2827.0],[1,0,0.6,204.0]]}
{"t":1776980099.465569,"e":[[1,0,0.67,310.0],[1,0,0.62,3022.0],[1,0,0.6,302.0]]}
{"t":1776980101.493268,"e":[[1,0,0.67,305.0]]}
{"t":1776980102.508611,"e":[[1,0,0.69,5.0]]}
{"t":1776980107.5551019,"e":[[1,0,0.69,152.0],[0,0,0.67],[1,0,0.62,2917.0],[1,0,0.6,249.0]]}
{"t":1776980118.660933,"e":[[1,0,0.69,284.0],[1,0,0.62,3005.0],[1,0,0.6,293.0]]}
{"t":1776980120.691299,"e":[[1,0,0.69,505.0],[1,0,0.62,3069.0],[1,0,0.6,200.0]]}
{"t":1776980130.77569,"e":[[1,0,0.69,500.0],[1,0,0.71,5.0]]}
{"t":1776980164.979994,"e":[[0,0,0.71]]}
{"t":1776980165.985607,"e":[[1,0,0.73,5.0]]}
{"t":1776980166.9892921,"e":[[1,0,0.89,530.0],[0,0,0.69]]}
{"t":1776980188.17329,"e":[[0,0,0.73]]}
{"t":1776980189.181313,"e":[[1,0,0.75,5.0]]}
{"t":1776980195.22635,"e":[[1,0,0.89,30.0],[1,0,0.75,266.0],[1,0,0.62,2993.0],[1,0,0.6,287.0]]}
{"t":1776980198.2657092,"e":[[1,0,0.75,505.0],[1,0,0.62,3069.0],[1,0,0.6,200.0],[1,0,0.01,101.0]]}
{"t":1776980209.39169,"e":[[0,0,0.89],[1,0,0.01,51.0]]}
{"t":1776980212.453109,"e":[[1,0,0.75,500.0]]}
{"t":1776980213.4667609,"e":[[1,0,0.77,5.0]]}
{"t":1776980216.500921,"e":[[0,0,0.75],[1,0,0.62,2819.0],[1,1,0.02,1000.0]]}
{"t":1776980218.545161,"e":[[1,0,0.77,217.0],[1,0,0.62,2960.0],[1,0,0.6,271.0],[1,1,0.02,1750.0]]}
{"t":1776980237.733711,"e":[[1,0,0.77,212.0]]}
{"t":1776980238.7372139,"e":[[0,0,0.77],[1,0,0.6,200.0],[1,0,0.79,5.0]]}
{"t":1776980239.753128,"e":[[1,0,0.94,650.0],[1,0,0.62,3069.0]]}
{"t":1776980242.801561,"e":[[1,0,0.94,150.0],[1,0,0.79,175.0],[1,0,0.62,2933.0],[1,0,0.6,257.0]]}
{"t":1776980245.8324668,"e":[[1,0,0.79,313.0],[1,0,0.62,3025.0],[1,0,0.6,303.0]]}
{"t":1776980252.909537,"e":[[1,0,0.79,175.0],[1,0,0.62,2933.0],[1,0,0.6,200.0]]}
{"t":1776980253.92886,"e":[[1,0,0.79,505.0],[1,0,0.62,3069.0]]}
{"t":1776980263.028702,"e":[[1,0,0.79,500.0]]}
{"t":1776980264.0415418,"e":[[1,0,0.81,5.0]]}
{"t":1776980265.054394,"e":[[0,0,0.79],[1,0,0.62,2933.0]]}
{"t":1776980266.066454,"e":[[1,0,0.81,120.0],[1,0,0.62,2895.0],[1,0,0.6,238.0]]}
{"t":1776980269.111677,"e":[[1,0,0.81,151.0],[1,0,0.62,2917.0],[1,0,0.6,249.0]]}
{"t":1776980271.131624,"e":[[1,0,0.81,120.0],[1,0,0.62,2895.0],[1,0,0.6,238.0]]}
{"t":1776980272.147509,"e":[[1,0,0.81,191.0],[1,0,0.62,2943.0],[1,0,0.6,262.0]]}
{"t":1776980279.212241,"e":[[1,0,0.81,241.0],[1,0,0.62,2977.0],[1,0,0.6,279.0]]}
{"t":1776980281.2385652,"e":[[1,0,0.81,120.0],[1,0,0.62,2895.0],[1,0,0.6,238.0]]}
{"t":1776980282.2521129,"e":[[1,0,0.81,305.0],[1,0,0.62,3019.0],[1,0,0.6,300.0]]}
{"t":1776980289.329814,"e":[[1,0,0.81,300.0]]}
{"t":1776980290.3372421,"e":[[1,0,0.83,5.0]]}
{"t":1776980291.3441448,"e":[[1,0,0.83,71.0],[0,0,0.81],[1,0,0.62,2863.0],[1,0,0.6,222.0]]}
{"t":1776980295.397852,"e":[[1,0,0.83,72.0],[1,0,0.62,2864.0],[1,0,0.6,223.0]]}
{"t":1776980297.428685,"e":[[1,0,0.83,71.0]]}
{"t":1776980298.4508119,"e":[[1,0,0.83,73.0]]}
{"t":1776980309.5640671,"e":[[1,0,0.83,68.0],[1,0,0.85,5.0]]}
{"t":1776980321.673723,"e":[[1,0,0.85,51.0],[0,0,0.83],[1,0,0.62,2850.0],[1,0,0.6,215.0]]}
{"t":1776980339.870958,"e":[[0,0,0.85],[1,0,0.62,2819.0],[1,0,0.6,200.0],[1,1,0.02,1000.0]]}
{"t":1776980340.896566,"e":[[1,0,0.87,5.0]]}
{"t":1776980346.9657018,"e":[[1,0,0.87,505.0],[1,0,0.62,3069.0],[1,1,0.02,1750.0]]}
{"t":1776980359.084876,"e":[[1,0,0.87,5.0],[1,0,0.62,2819.0],[1,1,0.02,1000.0]]}
{"t":1776980362.116677,"e":[[1,0,0.87,505.0],[1,0,0.62,3069.0],[1,1,0.02,1750.0]]}
{"t":1776980363.136044,"e":[[1,0,0.87,500.0],[1,0,0.89,5.0]]}
{"t":1776980368.191754,"e":[[0,0,0.87]]}
{"t":1776980369.208498,"e":[[1,0,0.89,505.0]]}
{"t":1776980385.457248,"e":[[1,0,0.89,500.0]]}
{"t":1776980386.4620621,"e":[[1,0,0.91,5.0]]}
{"t":1776980408.650147,"e":[[0,0,0.91]]}
{"t":1776980409.658815,"e":[[1,0,0.93,5.0]]}
{"t":1776980416.695222,"e":[[0,0,0.89]]}
{"t":1776980417.713616,"e":[[1,0,0.93,505.0]]}
{"t":1776980428.823528,"e":[[1,0,0.93,5.0],[1,0,0.62,2819.0],[1,1,0.02,1000.0]]}
{"t":1776980431.865155,"e":[[1,0,0.93,500.0],[1,0,0.62,3069.0],[1,1,0.02,1750.0]]}
{"t":1776980433.9030132,"e":[[1,0,0.95,79.0]]}
{"t":1776980435.916259,"e":[[0,0,0.93]]}
{"t":1776980436.932385,"e":[[1,0,0.94,650.0]]}
{"t":1776980438.9541829,"e":[[1,0,0.94,150.0],[1,0,0.62,2819.0],[1,1,0.02,1000.0]]}
{"t":1776980441.991785,"e":[[1,0,0.94,650.0],[1,0,0.62,3069.0],[1,1,0.02,1750.0]]}
{"t":1776980456.18276,"e":[[1,0,0.95,74.0]]}
{"t":1776980457.197255,"e":[[1,0,0.96,1922.0]]}
{"t":1776980488.560389,"e":[[1,0,0.94,150.0],[1,0,0.62,2819.0],[1,1,0.02,1000.0]]}
{"t":1776980491.6142201,"e":[[1,0,0.94,650.0],[1,0,0.62,3069.0],[1,1,0.02,1750.0]]}
{"t":1776980524.08113,"e":[[1,0,0.94,150.0],[1,0,0.62,2819.0],[1,1,0.02,1000.0]]}
{"t":1776980525.100575,"e":[[1,0,0.94,650.0],[1,0,0.62,3069.0],[1,1,0.02,1750.0]]}
{"t":1776980562.5381172,"e":[[1,0,0.94,150.0],[1,0,0.62,2819.0],[1,1,0.02,1000.0]]}
{"t":1776980566.604689,"e":[[1,0,0.94,650.0],[1,0,0.62,3069.0],[1,1,0.02,1750.0]]}
{"t":1776980577.735656,"e":[[1,0,0.94,150.0],[1,0,0.62,2819.0],[1,1,0.02,1000.0]]}
{"t":1776980578.763276,"e":[[1,0,0.94,650.0],[1,0,0.62,3069.0],[1,1,0.02,1750.0]]}
{"t":1776980589.9223082,"e":[[1,0,0.94,150.0],[1,0,0.62,2819.0],[1,1,0.02,1000.0]]}
{"t":1776980591.962518,"e":[[1,0,0.94,650.0],[1,0,0.62,3069.0],[1,1,0.02,1750.0]]}
{"t":1776980664.721338,"e":[[1,0,0.96,1917.0],[1,0,0.95,79.0]]}
{"t":1776980758.610584,"e":[[1,0,0.94,150.0],[1,0,0.62,2819.0],[1,1,0.02,1000.0]]}
{"t":1776980763.703736,"e":[[1,0,0.94,650.0],[1,0,0.62,3069.0],[1,1,0.02,1750.0]]}
{"t":1776980842.4296498,"e":[[1,0,0.94,150.0],[1,0,0.62,2819.0],[1,1,0.02,1000.0]]}
{"t":1776980845.4702349,"e":[[1,0,0.94,650.0],[1,0,0.62,3069.0],[1,1,0.02,1750.0]]}
{"t":1776980929.387115,"e":[[1,0,0.94,150.0],[1,0,0.62,2819.0],[1,1,0.02,1000.0]]}
{"t":1776980932.421974,"e":[[1,0,0.94,650.0],[1,0,0.62,3069.0],[1,1,0.02,1750.0]]}
{"t":1776980942.557023,"e":[[1,0,0.94,150.0],[1,0,0.62,2819.0],[1,1,0.02,1000.0]]}
{"t":1776980945.5937312,"e":[[1,0,0.94,650.0],[1,0,0.62,3069.0],[1,1,0.02,1750.0]]}
{"t":1776980957.745952,"e":[[1,0,0.94,150.0],[1,0,0.62,2819.0],[1,1,0.02,1000.0]]}
{"t":1776980960.798671,"e":[[1,0,0.94,650.0],[1,0,0.62,3069.0],[1,1,0.02,1750.0]]}
{"t":1776980976.982363,"e":[[1,0,0.94,150.0],[1,0,0.62,2819.0],[1,1,0.02,1000.0]]}
{"t":1776980981.055403,"e":[[1,0,0.94,650.0],[1,0,0.62,3069.0],[1,1,0.02,1750.0]]}
{"t":1776980995.2883961,"e":[[1,0,0.94,150.0],[1,0,0.62,2819.0],[1,1,0.02,1000.0]]}
{"t":1776980999.340385,"e":[[1,0,0.94,650.0],[1,0,0.62,3069.0],[1,1,0.02,1750.0]]}
{"t":1776981008.444097,"e":[[1,0,0.94,150.0],[1,0,0.62,2819.0],[1,1,0.02,1000.0]]}
{"t":1776981012.4987168,"e":[[1,0,0.94,650.0],[1,0,0.62,3069.0],[1,1,0.02,1750.0]]}
{"t":1776981018.585931,"e":[[1,0,0.94,150.0],[1,0,0.62,2819.0],[1,1,0.02,1000.0]]}
{"t":1776981022.6689541,"e":[[1,0,0.94,650.0],[1,0,0.62,3069.0],[1,1,0.02,1750.0]]}
{"t":1776981039.859245,"e":[[1,0,0.94,150.0],[1,0,0.62,2819.0],[1,1,0.02,1000.0]]}
{"t":1776981043.911885,"e":[[1,0,0.94,650.0],[1,0,0.62,3069.0],[1,1,0.02,1750.0]]}
{"t":1776981072.162536,"e":[[1,0,0.94,150.0],[1,0,0.62,2819.0],[1,1,0.02,1000.0]]}
{"t":1776981073.18697,"e":[[1,0,0.95,74.0],[1,0,0.59,21.0]]}
{"t":1776981074.199422,"e":[[1,0,0.62,3569.0],[1,1,0.02,1750.0]]}
{"t":1776981087.326062,"e":[[1,0,0.62,2819.0],[1,1,0.02,1000.0]]}
{"t":1776981088.35586,"e":[[1,0,0.62,3569.0],[1,1,0.02,1750.0]]}
{"t":1776981100.51648,"e":[[1,0,0.62,2819.0],[1,1,0.02,1000.0]]}
{"t":1776981102.5422,"e":[[1,0,0.62,3569.0],[1,1,0.02,1750.0]]}
{"t":1776981173.4625769,"e":[[0,0,0.59]]}
{"t":1776981174.477139,"e":[[1,0,0.6,221.0]]}
{"t":1776981181.527355,"e":[[1,0,0.94,650.0],[1,0,0.62,3069.0]]}
{"t":1776981193.665442,"e":[[1,0,0.94,150.0],[1,0,0.62,2819.0],[1,1,0.02,1000.0]]}
{"t":1776981195.704865,"e":[[1,0,0.94,650.0],[1,0,0.62,3069.0],[1,1,0.02,1750.0]]}
{"t":1776981196.725966,"e":[[1,0,0.6,200.0],[1,0,0.59,21.0]]}
{"t":1776981201.779244,"e":[[1,0,0.94,150.0],[1,0,0.62,3569.0]]}
{"t":1776981206.826984,"e":[[1,0,0.62,2819.0],[1,1,0.02,1000.0]]}
{"t":1776981210.864474,"e":[[1,0,0.62,3569.0],[1,1,0.02,1750.0]]}
{"t":1776981249.287044,"e":[[1,0,0.62,2819.0],[1,1,0.02,1000.0]]}
{"t":1776981252.324728,"e":[[1,0,0.62,3569.0],[1,1,0.02,1750.0]]}
{"t":1776981263.4313338,"e":[[1,0,0.62,2819.0],[1,1,0.02,1000.0]]}
{"t":1776981266.4803982,"e":[[1,0,0.62,3569.0],[1,1,0.02,1750.0]]}
{"t":1776981297.8282409,"e":[[1,0,0.62,2819.0],[1,1,0.02,1000.0]]}
{"t":1776981305.944294,"e":[[0,0,0.62],[1,0,0.61,2766.0]]}
{"t":1776981388.710749,"e":[[0,0,0.59]]}
{"t":1776981389.717922,"e":[[1,0,0.6,221.0]]}
{"t":1776981474.550575,"e":[[1,0,0.6,200.0]]}
{"t":1776981475.5628018,"e":[[1,0,0.61,2771.0]]}
{"t":1776981570.363963,"e":[[1,0,0.61,2766.0]]}
{"t":1776981571.371958,"e":[[1,0,0.62,5.0]]}
{"t":1776981600.633235,"e":[[0,0,0.34]]}
{"t":1776981675.308204,"e":[[0,0,0.62]]}
{"t":1776981676.3149881,"e":[[1,0,0.63,5.0]]}
{"t":1776981791.2943842,"e":[[0,0,0.63]]}
{"t":1776981792.2988899,"e":[[1,0,0.64,5.0]]}
{"t":1776981848.839844,"e":[[0,0,0.64]]}
{"t":1776981849.856936,"e":[[1,0,0.59,16.0]]}
{"t":1776982689.5686002,"e":[[1,0,0.97,1593.93]]}
{"t":1776982737.004976,"e":[[1,0,0.01,61.0]]}
{"t":1776982739.062837,"e":[[1,0,0.01,71.0]]}
{"t":1776982746.124253,"e":[[1,0,0.01,121.0]]}
{"t":1776982751.16306,"e":[[1,0,0.89,30.0]]}
{"t":1776982835.930455,"e":[[0,0,0.59]]}
{"t":1776982909.348477,"e":[[1,1,0.02,995.0]]}
{"t":1776982916.390934,"e":[[1,0,0.01,101.0],[1,1,0.01,59.0]]}
{"t":1776982925.449941,"e":[[0,0,0.89],[1,0,0.01,51.0]]}
{"t":1776982982.818016,"e":[[1,1,0.01,9.0]]}
{"t":1776983302.861096,"e":[[0,0,0.94]]}
{"t":1776983518.097963,"e":[[1,0,0.97,1598.93]]}
{"t":1776984114.7183738,"e":[[1,1,0.02,780.0]]}
{"t":1776984183.318955,"e":[[1,0,0.01,61.0]]}
{"t":1776984185.336117,"e":[[1,0,0.01,71.0]]}
{"t":1776984194.418633,"e":[[1,0,0.01,121.0]]}
{"t":1776984196.4322681,"e":[[1,0,0.89,30.0]]}
{"t":1776984363.259584,"e":[[1,0,0.01,101.0],[1,1,0.01,59.0]]}
{"t":1776984373.365463,"e":[[0,0,0.89],[1,0,0.88,50.0],[1,0,0.01,51.0]]}
{"t":1776984517.762571,"e":[[0,0,0.88],[1,1,0.01,9.0]]}
{"t":1776984530.933543,"e":[[1,0,0.59,21.0]]}
{"t":1776984774.1769989,"e":[[1,0,0.97,6598.93]]}
{"t":1776984810.4953978,"e":[[1,0,0.97,6595.81]]}
{"t":1776984854.9515579,"e":[[1,0,0.97,6695.81]]}
{"t":1776985115.133472,"e":[[0,0,0.59]]}
{"t":1776985116.144172,"e":[[1,0,0.6,221.0]]}
{"t":1776985346.0494862,"e":[[1,0,0.6,200.0]]}
{"t":1776985347.0607018,"e":[[1,0,0.61,2771.0]]}
{"t":1776985566.1634402,"e":[[1,0,0.61,2766.0]]}
{"t":1776985567.169285,"e":[[1,0,0.62,5.0]]}
{"t":1776985719.537102,"e":[[0,0,0.62]]}
{"t":1776985759.952321,"e":[[1,1,0.02,762.68]]}
{"t":1776986080.810495,"e":[[0,0,0.61],[1,0,0.62,3778.0]]}
{"t":1776986160.448997,"e":[[1,0,0.97,6445.81]]}
{"t":1776986313.663645,"e":[[1,0,0.62,3861.0],[1,0,0.95,241.0],[1,1,0.02,1012.68]]}
{"t":1776986363.351876,"e":[[1,0,0.62,3778.0],[1,0,0.95,74.0],[1,1,0.02,762.68]]}
{"t":1776986365.405177,"e":[[1,0,0.62,3861.0],[1,0,0.95,241.0],[1,1,0.02,1012.68]]}
{"t":1776986383.65274,"e":[[1,0,0.62,3778.0],[1,0,0.95,74.0],[1,1,0.02,762.68]]}
{"t":1776986384.680605,"e":[[1,0,0.62,3861.0],[1,0,0.95,241.0],[1,1,0.02,1012.68]]}
{"t":1776986397.8622699,"e":[[1,0,0.62,3778.0],[1,0,0.95,74.0],[1,1,0.02,762.68]]}
{"t":1776986400.899296,"e":[[1,0,0.62,3861.0],[1,0,0.95,241.0],[1,1,0.02,1012.68]]}
{"t":1776986419.158252,"e":[[1,0,0.62,3778.0],[1,0,0.95,74.0],[1,1,0.02,762.68]]}
{"t":1776986422.21214,"e":[[1,0,0.62,3861.0],[1,0,0.95,241.0],[1,1,0.02,1012.68]]}
{"t":1776986437.380849,"e":[[1,0,0.62,3778.0],[1,0,0.95,74.0],[1,1,0.02,762.68]]}
{"t":1776986440.453592,"e":[[1,0,0.62,3861.0],[1,0,0.95,241.0],[1,1,0.02,1012.68]]}
{"t":1776986469.807368,"e":[[1,0,0.62,3778.0],[1,0,0.95,74.0],[1,1,0.02,762.68]]}
{"t":1776986472.854091,"e":[[1,0,0.62,3861.0],[1,0,0.95,241.0],[1,1,0.02,1012.68]]}
{"t":1776986494.109504,"e":[[1,0,0.62,3778.0],[1,0,0.95,74.0],[1,1,0.02,762.68]]}
{"t":1776986496.1457589,"e":[[1,0,0.62,3861.0],[1,0,0.95,241.0],[1,1,0.02,1012.68]]}
{"t":1776986534.6683981,"e":[[1,0,0.62,3778.0],[1,0,0.95,74.0],[1,1,0.02,762.68]]}
{"t":1776986537.7171562,"e":[[1,0,0.62,3861.0],[1,0,0.95,241.0],[1,1,0.02,1012.68]]}
{"t":1776986573.241257,"e":[[1,0,0.62,3778.0],[1,0,0.95,74.0],[1,1,0.02,762.68]]}
{"t":1776986574.2613492,"e":[[1,0,0.62,3861.0],[1,0,0.95,241.0],[1,1,0.02,1012.68]]}
{"t":1776986579.318312,"e":[[1,0,0.62,3778.0],[1,0,0.95,74.0],[1,1,0.02,762.68]]}
{"t":1776986581.3651452,"e":[[1,0,0.62,3861.0],[1,0,0.95,241.0],[1,1,0.02,1012.68]]}
{"t":1776986659.255121,"e":[[1,0,0.62,3778.0],[1,0,0.95,74.0],[1,1,0.02,762.68]]}
{"t":1776986661.2968,"e":[[1,0,0.62,3861.0],[1,0,0.95,241.0],[1,1,0.02,1012.68]]}
{"t":1776986680.548555,"e":[[1,0,0.62,3778.0],[1,0,0.95,74.0],[1,1,0.02,762.68]]}
{"t":1776986682.5754209,"e":[[1,0,0.62,3861.0],[1,0,0.95,241.0],[1,1,0.02,1012.68]]}
{"t":1776986705.846477,"e":[[1,0,0.62,3778.0],[1,0,0.95,74.0],[1,1,0.02,762.68]]}
{"t":1776986709.9064,"e":[[1,0,0.62,3861.0],[1,0,0.95,241.0],[1,1,0.02,1012.68]]}
{"t":1776986729.172899,"e":[[1,0,0.62,3778.0],[1,0,0.95,74.0],[1,1,0.02,762.68]]}
{"t":1776986733.2222269,"e":[[1,0,0.62,3861.0],[1,0,0.95,241.0],[1,1,0.02,1012.68]]}
{"t":1776986760.620349,"e":[[1,0,0.97,6133.68]]}
{"t":1776986832.4536839,"e":[[1,0,0.62,3778.0],[1,0,0.95,74.0],[1,1,0.02,762.68]]}
{"t":1776986837.5276139,"e":[[1,0,0.62,3861.0],[1,0,0.95,241.0],[1,1,0.02,1012.68]]}
{"t":1776986869.923723,"e":[[1,0,0.62,3778.0],[1,0,0.95,74.0],[1,1,0.02,762.68]]}
{"t":1776986872.010302,"e":[[1,0,0.62,3861.0],[1,0,0.95,241.0],[1,1,0.02,1012.68]]}
{"t":1776986886.168145,"e":[[1,0,0.62,3778.0],[1,0,0.95,74.0],[1,1,0.02,762.68]]}
{"t":1776986887.189601,"e":[[1,0,0.62,3861.0],[1,0,0.95,241.0],[1,1,0.02,1012.68]]}
{"t":1776986896.2916858,"e":[[1,0,0.01,61.0]]}
{"t":1776986897.303401,"e":[[1,0,0.01,71.0]]}
{"t":1776986909.4413319,"e":[[1,0,0.01,121.0]]}
{"t":1776986912.480447,"e":[[1,0,0.88,50.0],[1,0,0.89,30.0]]}
{"t":1776986913.4949162,"e":[[1,0,0.95,74.0],[1,0,0.62,3778.0]]}
{"t":1776986914.5082638,"e":[[1,0,0.88,133.0],[1,0,0.89,197.0]]}
{"t":1776986915.520103,"e":[[1,0,0.88,50.0],[1,0,0.89,30.0],[1,1,0.02,762.68]]}
{"t":1776986919.5786638,"e":[[1,0,0.88,133.0],[1,0,0.89,197.0],[1,1,0.02,1012.68]]}
{"t":1776986942.903061,"e":[[1,0,0.88,50.0],[1,0,0.89,30.0],[1,1,0.02,762.68]]}
{"t":1776986946.9656582,"e":[[1,0,0.88,133.0],[1,0,0.89,197.0],[1,1,0.02,1012.68]]}
{"t":1776986947.983878,"e":[[1,0,0.88,50.0],[1,0,0.89,30.0],[1,1,0.02,762.68]]}
{"t":1776986952.033379,"e":[[1,0,0.88,133.0],[1,0,0.89,197.0],[1,1,0.02,1012.68]]}
{"t":1776986964.188865,"e":[[1,0,0.88,50.0],[1,0,0.89,30.0],[1,1,0.02,762.68]]}
{"t":1776986966.217751,"e":[[1,0,0.88,133.0],[1,0,0.89,197.0],[1,1,0.02,1012.68]]}
{"t":1776986970.258007,"e":[[1,0,0.88,50.0],[1,0,0.89,30.0],[1,1,0.02,762.68]]}
{"t":1776986971.275799,"e":[[1,1,0.01,59.0]]}
{"t":1776986972.294152,"e":[[1,0,0.88,133.0],[1,0,0.89,197.0],[1,1,0.02,1012.68]]}
{"t":1776986979.398657,"e":[[1,0,0.88,50.0],[1,0,0.89,30.0],[1,1,0.02,762.68]]}
{"t":1776986981.42221,"e":[[1,0,0.88,133.0],[1,0,0.89,197.0],[1,1,0.02,1012.68]]}
{"t":1776986996.63327,"e":[[1,0,0.88,50.0],[1,0,0.89,30.0],[1,1,0.02,762.68]]}
{"t":1776986997.66156,"e":[[1,0,0.88,133.0],[1,0,0.89,197.0],[1,1,0.02,1012.68]]}
{"t":1776987055.4497979,"e":[[0,0,0.88],[1,1,0.01,9.0]]}
{"t":1776987056.464906,"e":[[1,0,0.62,3834.0],[1,0,0.89,115.0],[1,0,0.6,228.0]]}
{"t":1776987058.490217,"e":[[1,0,0.62,3832.0],[1,0,0.89,110.0],[1,0,0.6,227.0]]}
{"t":1776987071.636522,"e":[[1,0,0.97,5371.0],[0,1,0.02]]}
{"t":1776987072.648146,"e":[[1,0,0.62,3831.0],[1,1,0.01,19.0]]}
{"t":1776987075.675078,"e":[[1,0,0.62,3833.0],[1,0,0.89,113.0],[1,0,0.6,228.0]]}
{"t":1776987079.743087,"e":[[1,0,0.62,3778.0],[1,0,0.89,30.0],[1,0,0.6,200.0],[1,1,0.01,9.0]]}
{"t":1776987080.771084,"e":[[1,0,0.89,280.0],[1,1,0.01,30.0]]}
{"t":1776987092.949434,"e":[[1,0,0.89,250.0],[1,0,0.01,71.0]]}
{"t":1776987097.0031629,"e":[[1,0,0.62,3861.0],[0,0,0.89],[1,0,0.95,241.0]]}
{"t":1776987110.3485508,"e":[[1,0,0.01,131.0]]}
{"t":1776987111.365659,"e":[[1,0,0.01,191.0]]}
{"t":1776987127.571431,"e":[[1,0,0.62,3778.0],[1,0,0.95,74.0],[1,1,0.01,9.0]]}
{"t":1776987128.5982761,"e":[[1,0,0.62,3861.0],[1,0,0.95,241.0],[1,1,0.01,19.0]]}
{"t":1776987131.655811,"e":[[1,0,0.62,3778.0],[1,0,0.95,74.0],[1,1,0.01,9.0]]}
{"t":1776987135.711443,"e":[[1,0,0.62,3861.0],[1,0,0.95,241.0],[1,1,0.01,19.0]]}
{"t":1776987144.8593578,"e":[[1,0,0.62,3778.0],[1,0,0.95,74.0],[1,1,0.01,9.0]]}
{"t":1776987148.931984,"e":[[1,0,0.62,3861.0],[1,0,0.95,241.0],[1,1,0.01,19.0]]}
{"t":1776987168.203696,"e":[[1,0,0.97,5231.0]]}
{"t":1776987208.6758132,"e":[[1,0,0.62,3778.0],[1,0,0.95,74.0],[1,1,0.01,9.0]]}
{"t":1776987212.738463,"e":[[1,0,0.62,3861.0],[1,0,0.95,241.0],[1,1,0.01,19.0]]}
{"t":1776987223.870635,"e":[[1,0,0.01,291.0]]}
{"t":1776987230.971137,"e":[[1,0,0.88,60.0],[1,0,0.01,271.0]]}
{"t":1776987236.022261,"e":[[1,0,0.88,310.0],[1,0,0.62,3778.0],[1,0,0.95,74.0]]}
{"t":1776987268.385867,"e":[[1,0,0.88,60.0],[1,1,0.01,9.0]]}
{"t":1776987271.432161,"e":[[1,0,0.88,310.0],[1,1,0.01,19.0]]}
{"t":1776987289.640596,"e":[[1,0,0.01,151.0]]}
{"t":1776987307.884866,"e":[[1,0,0.88,60.0],[1,1,0.01,9.0]]}
{"t":1776987309.920022,"e":[[1,0,0.88,310.0],[1,1,0.01,19.0]]}
{"t":1776987317.0173628,"e":[[1,0,0.88,60.0],[1,1,0.01,9.0]]}
{"t":1776987318.03879,"e":[[1,0,0.88,310.0],[1,1,0.01,19.0]]}
{"t":1776987362.556312,"e":[[1,0,0.88,60.0],[1,1,0.01,9.0]]}
{"t":1776987366.622816,"e":[[1,0,0.88,310.0],[1,1,0.01,19.0]]}
{"t":1776987388.8948748,"e":[[1,0,0.88,60.0],[1,1,0.01,9.0]]}
{"t":1776987392.957681,"e":[[1,0,0.88,310.0],[1,1,0.01,19.0]]}
{"t":1776987480.037149,"e":[[1,0,0.88,60.0],[1,1,0.01,9.0]]}
{"t":1776987481.0704799,"e":[[1,0,0.88,310.0],[1,1,0.01,30.0]]}
{"t":1776987486.1523788,"e":[[1,0,0.88,250.0],[1,0,0.01,51.0]]}
{"t":1776987487.161367,"e":[[0,0,0.88]]}
{"t":1776987488.1848361,"e":[[1,0,0.62,3861.0],[1,0,0.95,241.0]]}
{"t":1776987509.499563,"e":[[1,0,0.62,3778.0],[1,0,0.95,74.0],[1,1,0.01,9.0]]}
{"t":1776987513.572844,"e":[[1,0,0.62,3861.0],[1,0,0.95,241.0],[1,1,0.01,19.0]]}
{"t":1776987531.878761,"e":[[1,0,0.62,3778.0],[1,0,0.95,74.0],[1,1,0.01,9.0]]}
{"t":1776987532.89665,"e":[[1,0,0.62,3861.0],[1,0,0.95,241.0],[1,1,0.01,19.0]]}
{"t":1776987546.0651488,"e":[[1,0,0.62,3778.0],[1,0,0.95,74.0],[1,1,0.01,9.0]]}
{"t":1776987549.11323,"e":[[1,0,0.62,3861.0],[1,0,0.95,241.0],[1,1,0.01,19.0]]}
{"t":1776987565.324453,"e":[[1,0,0.62,3778.0],[1,0,0.95,74.0],[1,1,0.01,9.0]]}
{"t":1776987568.358059,"e":[[1,0,0.62,3861.0],[1,0,0.95,241.0],[1,1,0.01,19.0]]}
{"t":1776987570.385914,"e":[[1,0,0.62,3778.0],[1,0,0.95,74.0],[1,1,0.01,9.0]]}
{"t":1776987571.411482,"e":[[1,0,0.62,3861.0],[1,0,0.95,241.0],[1,1,0.01,30.0]]}
{"t":1776987577.4838452,"e":[[1,0,0.62,3778.0],[1,0,0.95,74.0],[1,1,0.01,9.0]]}
{"t":1776987580.526141,"e":[[1,0,0.62,3861.0],[1,0,0.95,241.0],[1,1,0.01,19.0]]}
{"t":1776987583.56968,"e":[[1,0,0.97,5137.36]]}
{"t":1776987586.6072462,"e":[[1,0,0.62,3778.0],[1,0,0.95,74.0],[1,1,0.01,9.0]]}
{"t":1776987588.64445,"e":[[1,0,0.62,3861.0],[1,0,0.95,241.0],[1,1,0.01,19.0]]}
{"t":1776987593.725282,"e":[[1,0,0.62,3778.0],[1,0,0.95,74.0],[1,1,0.01,9.0]]}
{"t":1776987594.758166,"e":[[1,0,0.62,3861.0],[1,0,0.95,241.0],[1,1,0.01,19.0]]}
{"t":1776987620.079356,"e":[[1,0,0.62,3778.0],[1,0,0.95,74.0],[1,1,0.01,9.0]]}
{"t":1776987622.1203682,"e":[[1,0,0.62,3861.0],[1,0,0.95,241.0],[1,1,0.01,19.0]]}
{"t":1776987655.4332852,"e":[[1,0,0.62,3778.0],[1,0,0.95,74.0],[1,1,0.01,9.0]]}
{"t":1776987781.315525,"e":[[0,1,0.01]]}
{"t":1776987979.7652328,"e":[[1,0,0.97,5117.36]]}
{"t":1776988009.044203,"e":[[1,0,0.01,56.0]]}
