{"t": 1776975862.460769, "events": [{"op": "delete", "side": "bid", "price": 0.86}]}
{"t": 1776975863.466253, "events": [{"op": "set", "side": "bid", "price": 0.87, "size": 32.0}]}
{"t": 1776975877.589459, "events": [{"op": "delete", "side": "bid", "price": 0.87}]}
{"t": 1776975878.59487, "events": [{"op": "set", "side": "bid", "price": 0.97, "size": 5000.0}, {"op": "set", "side": "bid", "price": 0.49, "size": 100.0}]}
{"t": 1776975882.637974, "events": [{"op": "set", "side": "bid", "price": 0.97, "size": 6000.0}]}
{"t": 1776975940.061205, "events": [{"op": "set", "side": "bid", "price": 0.97, "size": 5000.0}]}
{"t": 1776975943.110956, "events": [{"op": "set", "side": "bid", "price": 0.97, "size": 6000.0}]}
{"t": 1776975951.2976189, "events": [{"op": "set", "side": "bid", "price": 0.97, "size": 5000.0}]}
{"t": 1776975953.32274, "events": [{"op": "set", "side": "bid", "price": 0.97, "size": 6000.0}]}
{"t": 1776976044.185159, "events": [{"op": "set", "side": "bid", "price": 0.97, "size": 5000.0}]}
{"t": 1776976047.209746, "events": [{"op": "set", "side": "bid", "price": 0.97, "size": 6000.0}]}
{"t": 1776976058.306615, "events": [{"op": "set", "side": "bid", "price": 0.97, "size": 5000.0}]}
{"t": 1776976061.337662, "events": [{"op": "set", "side": "bid", "price": 0.97, "size": 6000.0}]}
{"t": 1776976085.548361, "events": [{"op": "set", "side": "bid", "price": 0.97, "size": 5000.0}]}
{"t": 1776976088.582797, "events": [{"op": "set", "side": "bid", "price": 0.97, "size": 6000.0}]}
{"t": 1776976135.934583, "events": [{"op": "set", "side": "bid", "price": 0.97, "size": 5000.0}]}
{"t": 1776976139.976351, "events": [{"op": "set", "side": "bid", "price": 0.97, "size": 6000.0}]}
{"t": 1776976152.035327, "events": [{"op": "set", "side": "bid", "price": 0.97, "size": 5000.0}]}
{"t": 1776976154.063997, "events": [{"op": "set", "side": "bid", "price": 0.97, "size": 6000.0}]}
{"t": 1776976204.476952, "events": [{"op": "set", "side": "bid", "price": 0.97, "size": 5000.0}]}
{"t": 1776976207.508864, "events": [{"op": "set", "side": "bid", "price": 0.97, "size": 6000.0}]}
{"t": 1776976285.139929, "events": [{"op": "set", "side": "bid", "price": 0.97, "size": 5000.0}]}
{"t": 1776976287.161626, "events": [{"op": "set", "side": "bid", "price": 0.97, "size": 6000.0}]}
{"t": 1776976301.276474, "events": [{"op": "set", "side": "bid", "price": 0.97, "size": 5000.0}]}
{"t": 1776976304.313708, "events": [{"op": "set", "side": "bid", "price": 0.97, "size": 6000.0}]}
{"t": 1776976340.6580539, "events": [{"op": "set", "side": "bid", "price": 0.97, "size": 5000.0}]}
{"t": 1776976348.738213, "events": [{"op": "set", "side": "bid", "price": 0.97, "size": 6000.0}]}
{"t": 1776976351.775647, "events": [{"op": "set", "side": "bid", "price": 0.97, "size": 5000.0}]}
{"t": 1776976357.858582, "events": [{"op": "set", "side": "bid", "price": 0.97, "size": 6000.0}]}
{"t": 1776976425.340163, "events": [{"op": "set", "side": "bid", "price": 0.97, "size": 5000.0}]}
{"t": 1776976427.360094, "events": [{"op": "set", "side": "bid", "price": 0.97, "size": 6000.0}]}
{"t": 1776976465.66493, "events": [{"op": "set", "side": "bid", "price": 0.97, "size": 5000.0}]}
{"t": 1776976467.6886039, "events": [{"op": "set", "side": "bid", "price": 0.97, "size": 6000.0}]}
{"t": 1776976477.761339, "events": [{"op": "set", "side": "bid", "price": 0.97, "size": 5000.0}]}
{"t": 1776976481.809105, "events": [{"op": "set", "side": "bid", "price": 0.97, "size": 6000.0}]}
{"t": 1776976518.10238, "events": [{"op": "delete", "side": "bid", "price": 0.62}, {"op": "set", "side": "bid", "price": 0.49, "size": 152.0}, {"op": "delete", "side": "bid", "price": 0.61}, {"op": "set", "side": "bid", "price": 0.63, "size": 3138.0}]}
{"t": 1776976536.203557, "events": [{"op": "set", "side": "bid", "price": 0.97, "size": 5000.0}]}
{"t": 1776976537.216504, "events": [{"op": "set", "side": "bid", "price": 0.97, "size": 6000.0}]}
{"t": 1776976569.49947, "events": [{"op": "set", "side": "bid", "price": 0.97, "size": 5000.0}]}
{"t": 1776976572.538016, "events": [{"op": "set", "side": "bid", "price": 0.97, "size": 6000.0}]}
{"t": 1776976627.946018, "events": [{"op": "set", "side": "bid", "price": 0.97, "size": 5000.0}]}
{"t": 1776976631.9891021, "events": [{"op": "set", "side": "bid", "price": 0.97, "size": 6000.0}]}
{"t": 1776976694.6291242, "events": [{"op": "set", "side": "bid", "price": 0.97, "size": 5000.0}]}
{"t": 1776976697.8306718, "events": [{"op": "set", "side": "bid", "price": 0.97, "size": 6000.0}]}
{"t": 1776976798.966105, "events": [{"op": "set", "side": "bid", "price": 0.97, "size": 5000.0}]}
{"t": 1776976804.039381, "events": [{"op": "set", "side": "bid", "price": 0.97, "size": 6000.0}]}
{"t": 1776976823.281095, "events": [{"op": "set", "side": "bid", "price": 0.97, "size": 5000.0}]}
{"t": 1776976826.322222, "events": [{"op": "set", "side": "bid", "price": 0.97, "size": 6000.0}]}
{"t": 1776976873.730138, "events": [{"op": "set", "side": "bid", "price": 0.97, "size": 5000.0}]}
{"t": 1776976876.771445, "events": [{"op": "set", "side": "bid", "price": 0.97, "size": 6000.0}]}
{"t": 1776977027.54447, "events": [{"op": "set", "side": "bid", "price": 0.97, "size": 5000.0}]}
{"t": 1776977031.587998, "events": [{"op": "set", "side": "bid", "price": 0.97, "size": 6000.0}]}
{"t": 1776977130.577865, "events": [{"op": "set", "side": "bid", "price": 0.97, "size": 5000.0}, {"op": "set", "side": "bid", "price": 0.49, "size": 100.0}, {"op": "set", "side": "bid", "price": 0.64, "size": 44.0}]}
{"t":1776978858.741338,"e":[[1,0,0.97,5750.0]]}
{"t":1776978869.856717,"e":[[1,0,0.97,5000.0]]}
{"t":1776978872.894586,"e":[[1,0,0.97,5750.0]]}
{"t":1776978909.223537,"e":[[1,0,0.97,5000.0]]}
{"t":1776978915.3441558,"e":[[1,0,0.97,5750.0]]}
{"t":1776978945.9015749,"e":[[1,0,0.49,14.0]]}
{"t":1776978946.924822,"e":[[1,0,0.93,32.0]]}
{"t":1776978979.146398,"e":[[1,0,0.97,5000.0]]}
{"t":1776978982.174557,"e":[[1,0,0.97,5750.0]]}
{"t":1776979006.375099,"e":[[1,0,0.97,5000.0]]}
{"t":1776979009.408774,"e":[[1,0,0.97,5750.0]]}
{"t":1776979021.503144,"e":[[1,0,0.97,5000.0]]}
{"t":1776979023.5258439,"e":[[1,0,0.97,5750.0]]}
{"t":1776979081.134896,"e":[[1,0,0.97,5000.0]]}
{"t":1776979085.186368,"e":[[1,0,0.97,5750.0]]}
{"t":1776979102.3232388,"e":[[1,0,0.97,5000.0]]}
{"t":1776979107.379297,"e":[[1,0,0.97,5750.0]]}
{"t":1776979111.404879,"e":[[1,0,0.97,5000.0]]}
{"t":1776979114.437589,"e":[[1,0,0.97,5750.0]]}
{"t":1776979130.556236,"e":[[1,0,0.97,5000.0]]}
{"t":1776979132.568574,"e":[[1,0,0.97,5750.0]]}
{"t":1776979135.5978959,"e":[[1,0,0.97,5000.0]]}
{"t":1776979139.636075,"e":[[1,0,0.97,5750.0]]}
{"t":1776979162.765724,"e":[[1,0,0.97,5000.0]]}
{"t":1776979165.8170938,"e":[[1,0,0.97,5750.0]]}
{"t":1776979208.261129,"e":[[1,0,0.97,5000.0]]}
{"t":1776979210.3045912,"e":[[1,0,0.97,5750.0]]}
{"t":1776979250.753281,"e":[[1,0,0.97,5000.0]]}
{"t":1776979251.799284,"e":[[1,0,0.97,5750.0]]}
{"t":1776979286.150522,"e":[[1,0,0.97,5000.0]]}
{"t":1776979289.188255,"e":[[1,0,0.97,5750.0]]}
{"t":1776979322.47595,"e":[[1,0,0.97,5000.0]]}
{"t":1776979327.535894,"e":[[1,0,0.97,5750.0]]}
{"t":1776979373.992595,"e":[[1,0,0.97,5000.0]]}
{"t":1776979378.053979,"e":[[1,0,0.97,5750.0]]}
{"t":1776979393.279681,"e":[[1,0,0.97,5000.0]]}
{"t":1776979397.3262699,"e":[[1,0,0.97,5750.0]]}
{"t":1776979404.426751,"e":[[1,0,0.97,5000.0]]}
{"t":1776979408.486134,"e":[[1,0,0.97,5750.0]]}
{"t":1776979421.670975,"e":[[1,0,0.97,5000.0]]}
{"t":1776979424.820554,"e":[[1,0,0.97,5750.0]]}
{"t":1776979440.0022578,"e":[[1,0,0.97,5000.0]]}
{"t":1776979443.037045,"e":[[1,0,0.97,5750.0]]}
{"t":1776979499.5889611,"e":[[1,0,0.97,5000.0]]}
{"t":1776979502.631507,"e":[[1,0,0.97,5750.0]]}
{"t":1776979636.021319,"e":[[1,0,0.97,5000.0]]}
{"t":1776979638.0686421,"e":[[1,0,0.97,5750.0]]}
{"t":1776979641.110275,"e":[[1,0,0.97,5000.0]]}
{"t":1776979646.186614,"e":[[1,0,0.97,5750.0]]}
{"t":1776979673.505915,"e":[[1,0,0.97,5000.0]]}
{"t":1776979677.5577102,"e":[[1,0,0.97,5750.0]]}
{"t":1776979714.936487,"e":[[1,0,0.97,5000.0]]}
{"t":1776979718.986039,"e":[[1,0,0.97,5750.0]]}
{"t":1776979736.216362,"e":[[1,0,0.97,5000.0]]}
{"t":1776979738.25713,"e":[[1,0,0.97,5750.0]]}
{"t":1776979820.0560918,"e":[[1,0,0.97,5000.0]]}
{"t":1776979825.122005,"e":[[1,0,0.97,5750.0]]}
{"t":1776979832.244597,"e":[[1,0,0.97,5000.0]]}
{"t":1776979835.291805,"e":[[1,0,0.97,5750.0]]}
{"t":1776979866.614618,"e":[[1,0,0.97,5000.0]]}
{"t":1776979871.663184,"e":[[1,0,0.97,5750.0]]}
{"t":1776979948.596159,"e":[[1,0,0.97,5000.0]]}
{"t":1776979951.6405408,"e":[[1,0,0.97,5750.0]]}
{"t":1776980002.208147,"e":[[1,0,0.97,5000.0]]}
{"t":1776980007.280448,"e":[[1,0,0.97,5750.0]]}
{"t":1776980031.561755,"e":[[1,0,0.97,5000.0]]}
{"t":1776980034.6140401,"e":[[1,0,0.97,5750.0]]}
{"t":1776980085.318686,"e":[[1,0,0.99,93.51]]}
{"t":1776980216.500921,"e":[[1,0,0.97,5000.0]]}
{"t":1776980218.545161,"e":[[1,0,0.97,5750.0]]}
{"t":1776980339.870958,"e":[[1,0,0.97,5000.0]]}
{"t":1776980347.9774709,"e":[[1,0,0.97,5750.0]]}
{"t":1776980359.084876,"e":[[1,0,0.97,5000.0]]}
{"t":1776980363.136044,"e":[[1,0,0.97,5750.0]]}
{"t":1776980428.823528,"e":[[1,0,0.97,5000.0]]}
{"t":1776980431.865155,"e":[[1,0,0.97,5750.0]]}
{"t":1776980438.9541829,"e":[[1,0,0.97,5000.0]]}
{"t":1776980441.991785,"e":[[1,0,0.97,5750.0]]}
{"t":1776980488.560389,"e":[[1,0,0.97,5000.0]]}
{"t":1776980490.596148,"e":[[1,0,0.97,5750.0]]}
{"t":1776980524.08113,"e":[[1,0,0.97,5000.0]]}
{"t":1776980525.100575,"e":[[1,0,0.97,5750.0]]}
{"t":1776980562.5381172,"e":[[1,0,0.97,5000.0]]}
{"t":1776980566.604689,"e":[[1,0,0.97,5750.0]]}
{"t":1776980577.735656,"e":[[1,0,0.97,5000.0]]}
{"t":1776980578.763276,"e":[[1,0,0.97,5750.0]]}
{"t":1776980589.9223082,"e":[[1,0,0.97,5000.0]]}
{"t":1776980591.962518,"e":[[1,0,0.97,5750.0]]}
{"t":1776980758.610584,"e":[[1,0,0.97,5000.0]]}
{"t":1776980762.6692328,"e":[[1,0,0.97,5750.0]]}
{"t":1776980842.4296498,"e":[[1,0,0.97,5000.0]]}
{"t":1776980845.4702349,"e":[[1,0,0.97,5750.0]]}
{"t":1776980929.387115,"e":[[1,0,0.97,5000.0]]}
{"t":1776980932.421974,"e":[[1,0,0.97,5750.0]]}
{"t":1776980942.557023,"e":[[1,0,0.97,5000.0]]}
{"t":1776980946.62488,"e":[[1,0,0.97,5750.0]]}
{"t":1776980957.745952,"e":[[1,0,0.97,5000.0]]}
{"t":1776980960.798671,"e":[[1,0,0.97,5750.0]]}
{"t":1776980976.982363,"e":[[1,0,0.97,5000.0]]}
{"t":1776980981.055403,"e":[[1,0,0.97,5750.0]]}
{"t":1776980995.2883961,"e":[[1,0,0.97,5000.0]]}
{"t":1776980999.340385,"e":[[1,0,0.97,5750.0]]}
{"t":1776981008.444097,"e":[[1,0,0.97,5000.0]]}
{"t":1776981012.4987168,"e":[[1,0,0.97,5750.0]]}
{"t":1776981018.585931,"e":[[1,0,0.97,5000.0]]}
{"t":1776981021.6490638,"e":[[1,0,0.97,5750.0]]}
{"t":1776981039.859245,"e":[[1,0,0.97,5000.0]]}
{"t":1776981043.911885,"e":[[1,0,0.97,5750.0]]}
{"t":1776981072.162536,"e":[[1,0,0.97,5000.0]]}
{"t":1776981075.2181,"e":[[1,0,0.97,5750.0]]}
{"t":1776981087.326062,"e":[[1,0,0.97,5000.0]]}
{"t":1776981088.35586,"e":[[1,0,0.97,5750.0]]}
{"t":1776981100.51648,"e":[[1,0,0.97,5000.0]]}
{"t":1776981102.5422,"e":[[1,0,0.97,5750.0]]}
{"t":1776981193.665442,"e":[[1,0,0.97,5000.0]]}
{"t":1776981195.704865,"e":[[1,0,0.97,5750.0]]}
{"t":1776981206.826984,"e":[[1,0,0.97,5000.0]]}
{"t":1776981210.864474,"e":[[1,0,0.97,5750.0]]}
{"t":1776981249.287044,"e":[[1,0,0.97,5000.0]]}
{"t":1776981252.324728,"e":[[1,0,0.97,5750.0]]}
{"t":1776981263.4313338,"e":[[1,0,0.97,5000.0]]}
{"t":1776981266.4803982,"e":[[1,0,0.97,5750.0]]}
{"t":1776981297.8282409,"e":[[1,0,0.97,5000.0]]}
{"t":1776981308.9701738,"e":[[0,0,0.63],[0,0,0.64],[1,0,0.6,243.0],[1,0,0.65,3584.0]]}
{"t":1776981581.4452548,"e":[[0,0,0.93]]}
{"t":1776981582.450687,"e":[[1,0,0.53,17.0]]}
{"t":1776981605.6829371,"e":[[0,0,0.53]]}
{"t":1776981606.689812,"e":[[1,0,0.53,7.0]]}
{"t":1776981646.031355,"e":[[0,0,0.53],[1,0,0.55,45.0]]}
{"t":1776981667.238695,"e":[[1,0,0.55,50.0]]}
{"t":1776981982.1455371,"e":[[0,0,0.55]]}
{"t":1776981983.153381,"e":[[1,0,0.6,200.0],[0,0,0.49],[1,0,0.66,56.0],[1,0,0.57,17.0]]}
{"t":1776981998.29488,"e":[[0,0,0.57]]}
{"t":1776981999.310993,"e":[[1,0,0.58,39.0]]}
{"t":1776982188.054382,"e":[[0,0,0.58]]}
{"t":1776982189.066875,"e":[[1,0,0.6,217.0]]}
{"t":1776982201.171117,"e":[[1,0,0.6,238.0]]}
{"t":1776982604.80901,"e":[[1,0,0.6,200.0]]}
{"t":1776982605.823641,"e":[[1,0,0.63,17.0]]}
{"t":1776982632.078932,"e":[[1,0,0.63,38.0]]}
{"t":1776982823.8027031,"e":[[1,0,0.63,17.0]]}
{"t":1776982824.8107898,"e":[[0,0,0.63]]}
{"t":1776983278.5762198,"e":[[1,0,0.01,50000.0]]}
{"t":1776984200.488327,"e":[[1,0,0.99,593.51],[0,0,0.66],[1,0,0.02,41.0]]}
{"t":1776984531.942142,"e":[[1,0,0.76,26.0]]}
{"t":1776984675.274475,"e":[[0,0,0.76]]}
{"t":1776984676.282996,"e":[[1,0,0.77,40.0]]}
{"t":1776984750.984461,"e":[[0,0,0.77]]}
{"t":1776984751.989537,"e":[[1,0,0.77,16.0]]}
{"t":1776985736.7158358,"e":[[0,0,0.77],[1,0,0.66,14.0]]}
{"t":1776986009.19275,"e":[[1,0,0.99,93.50999999999999]]}
{"t":1776986083.847212,"e":[[0,0,0.65],[1,0,0.67,3467.0]]}
{"t":1776986313.663645,"e":[[1,0,0.97,5250.0]]}
{"t":1776986363.351876,"e":[[1,0,0.97,5000.0],[0,0,0.66],[1,0,0.68,13.0]]}
{"t":1776986365.405177,"e":[[1,0,0.97,5250.0]]}
{"t":1776986383.65274,"e":[[1,0,0.97,5000.0]]}
{"t":1776986384.680605,"e":[[1,0,0.97,5250.0]]}
{"t":1776986397.8622699,"e":[[1,0,0.97,5000.0]]}
{"t":1776986401.9132118,"e":[[1,0,0.97,5250.0]]}
{"t":1776986419.158252,"e":[[1,0,0.97,5000.0]]}
{"t":1776986422.21214,"e":[[1,0,0.97,5250.0]]}
{"t":1776986437.380849,"e":[[1,0,0.97,5000.0]]}
{"t":1776986439.423061,"e":[[1,0,0.97,5250.0]]}
{"t":1776986469.807368,"e":[[1,0,0.97,5000.0]]}
{"t":1776986472.854091,"e":[[1,0,0.97,5250.0]]}
{"t":1776986494.109504,"e":[[1,0,0.97,5000.0]]}
{"t":1776986496.1457589,"e":[[1,0,0.97,5250.0]]}
{"t":1776986534.6683981,"e":[[1,0,0.97,5000.0]]}
{"t":1776986537.7171562,"e":[[1,0,0.97,5250.0]]}
{"t":1776986573.241257,"e":[[1,0,0.97,5000.0]]}
{"t":1776986574.2613492,"e":[[1,0,0.97,5250.0]]}
{"t":1776986579.318312,"e":[[1,0,0.97,5000.0]]}
{"t":1776986581.3651452,"e":[[1,0,0.97,5250.0]]}
{"t":1776986659.255121,"e":[[1,0,0.97,5000.0]]}
{"t":1776986661.2968,"e":[[1,0,0.97,5250.0]]}
{"t":1776986680.548555,"e":[[1,0,0.97,5000.0]]}
{"t":1776986682.5754209,"e":[[1,0,0.97,5250.0]]}
{"t":1776986705.846477,"e":[[1,0,0.97,5000.0]]}
{"t":1776986708.8906822,"e":[[1,0,0.97,5250.0]]}
{"t":1776986729.172899,"e":[[1,0,0.97,5000.0]]}
{"t":1776986734.241397,"e":[[1,0,0.97,5250.0]]}
{"t":1776986832.4536839,"e":[[1,0,0.97,5000.0]]}
{"t":1776986837.5276139,"e":[[1,0,0.97,5250.0]]}
{"t":1776986869.923723,"e":[[1,0,0.97,5000.0]]}
{"t":1776986872.010302,"e":[[1,0,0.97,5250.0]]}
{"t":1776986886.168145,"e":[[1,0,0.97,5000.0]]}
{"t":1776986888.2016718,"e":[[1,0,0.97,5250.0]]}
{"t":1776986915.520103,"e":[[1,0,0.97,5000.0]]}
{"t":1776986919.5786638,"e":[[1,0,0.97,5250.0]]}
{"t":1776986942.903061,"e":[[1,0,0.97,5000.0]]}
{"t":1776986946.9656582,"e":[[1,0,0.97,5250.0]]}
{"t":1776986947.983878,"e":[[1,0,0.97,5000.0]]}
{"t":1776986952.033379,"e":[[1,0,0.97,5250.0]]}
{"t":1776986964.188865,"e":[[1,0,0.97,5000.0]]}
{"t":1776986967.225376,"e":[[1,0,0.97,5250.0]]}
{"t":1776986970.258007,"e":[[1,0,0.97,5000.0]]}
{"t":1776986972.294152,"e":[[1,0,0.97,5250.0]]}
{"t":1776986979.398657,"e":[[1,0,0.97,5000.0]]}
{"t":1776986982.427562,"e":[[1,0,0.97,5250.0]]}
{"t":1776986996.63327,"e":[[1,0,0.97,5000.0]]}
{"t":1776986997.66156,"e":[[1,0,0.97,5250.0]]}
{"t":1776987079.743087,"e":[[1,0,0.97,5000.0]]}
{"t":1776987080.771084,"e":[[1,0,0.97,5250.0]]}
{"t":1776987127.571431,"e":[[1,0,0.97,5000.0]]}
{"t":1776987129.617493,"e":[[1,0,0.97,5250.0]]}
{"t":1776987131.655811,"e":[[1,0,0.97,5000.0]]}
{"t":1776987135.711443,"e":[[1,0,0.97,5250.0]]}
{"t":1776987144.8593578,"e":[[1,0,0.97,5000.0]]}
{"t":1776987148.931984,"e":[[1,0,0.97,5250.0]]}
{"t":1776987208.6758132,"e":[[1,0,0.97,5000.0]]}
{"t":1776987211.718431,"e":[[1,0,0.97,5250.0]]}
{"t":1776987268.385867,"e":[[1,0,0.97,5000.0]]}
{"t":1776987271.432161,"e":[[1,0,0.97,5250.0]]}
{"t":1776987307.884866,"e":[[1,0,0.97,5000.0]]}
{"t":1776987308.906742,"e":[[1,0,0.97,5250.0]]}
{"t":1776987317.0173628,"e":[[1,0,0.97,5000.0]]}
{"t":1776987318.03879,"e":[[1,0,0.97,5250.0]]}
{"t":1776987362.556312,"e":[[1,0,0.97,5000.0]]}
{"t":1776987366.622816,"e":[[1,0,0.97,5250.0]]}
{"t":1776987388.8948748,"e":[[1,0,0.97,5000.0]]}
{"t":1776987392.957681,"e":[[1,0,0.97,5250.0]]}
{"t":1776987480.037149,"e":[[1,0,0.97,5000.0]]}
{"t":1776987481.0704799,"e":[[1,0,0.97,5250.0]]}
{"t":1776987509.499563,"e":[[1,0,0.97,5000.0]]}
{"t":1776987513.572844,"e":[[1,0,0.97,5250.0]]}
{"t":1776987531.878761,"e":[[1,0,0.97,5000.0]]}
{"t":1776987532.89665,"e":[[1,0,0.97,5250.0]]}
{"t":1776987546.0651488,"e":[[1,0,0.97,5000.0]]}
{"t":1776987548.090229,"e":[[1,0,0.97,5250.0]]}
{"t":1776987565.324453,"e":[[1,0,0.97,5000.0]]}
{"t":1776987568.358059,"e":[[1,0,0.97,5250.0]]}
{"t":1776987570.385914,"e":[[1,0,0.97,5000.0]]}
{"t":1776987571.411482,"e":[[1,0,0.97,5250.0]]}
{"t":1776987577.4838452,"e":[[1,0,0.97,5000.0]]}
{"t":1776987580.526141,"e":[[1,0,0.97,5250.0]]}
{"t":1776987586.6072462,"e":[[1,0,0.97,5000.0]]}
{"t":1776987588.64445,"e":[[1,0,0.97,5250.0]]}
{"t":1776987593.725282,"e":[[1,0,0.97,5000.0]]}
{"t":1776987594.758166,"e":[[1,0,0.97,5250.0]]}
{"t":1776987620.079356,"e":[[1,0,0.97,5000.0]]}
{"t":1776987622.1203682,"e":[[1,0,0.97,5250.0]]}
{"t":1776987655.4332852,"e":[[1,0,0.97,5000.0]]}
{"t":1776987743.071038,"e":[[0,0,0.99]]}
