{"t": 1776975854.366905, "events": [{"op": "set", "side": "bid", "price": 0.31, "size": 505.0}]}
{"t": 1776975855.3857431, "events": [{"op": "set", "side": "bid", "price": 0.32, "size": 499.0}, {"op": "delete", "side": "bid", "price": 0.3}, {"op": "set", "side": "bid", "price": 0.23, "size": 16.0}, {"op": "set", "side": "ask", "price": 0.66, "size": 4051.1800000000003}, {"op": "set", "side": "ask", "price": 0.67, "size": 259.57}]}
{"t": 1776975856.396708, "events": [{"op": "set", "side": "bid", "price": 0.32, "size": 666.0}, {"op": "set", "side": "bid", "price": 0.28, "size": 467.0}, {"op": "set", "side": "bid", "price": 0.31, "size": 770.0}, {"op": "set", "side": "ask", "price": 0.65, "size": 709.0}]}
{"t": 1776975858.419916, "events": [{"op": "set", "side": "bid", "price": 0.31, "size": 748.0}, {"op": "delete", "side": "bid", "price": 0.15}, {"op": "set", "side": "bid", "price": 0.11, "size": 29.0}, {"op": "set", "side": "bid", "price": 0.29, "size": 26.0}]}
{"t": 1776975859.432927, "events": [{"op": "set", "side": "bid", "price": 0.32, "size": 652.0}, {"op": "set", "side": "bid", "price": 0.28, "size": 134.0}, {"op": "set", "side": "bid", "price": 0.29, "size": 193.0}, {"op": "set", "side": "bid", "price": 0.31, "size": 483.0}, {"op": "set", "side": "ask", "price": 0.65, "size": 668.0}, {"op": "set", "side": "ask", "price": 0.66, "size": 4578.18}, {"op": "set", "side": "ask", "price": 0.67, "size": 260.57}]}
{"t": 1776975863.466253, "events": [{"op": "set", "side": "bid", "price": 0.29, "size": 370.07}, {"op": "set", "side": "bid", "price": 0.3, "size": 24.0}, {"op": "set", "side": "ask", "price": 0.61, "size": 331.91999999999996}]}
{"t": 1776975866.4869819, "events": [{"op": "set", "side": "bid", "price": 0.32, "size": 499.0}, {"op": "set", "side": "bid", "price": 0.29, "size": 203.07}, {"op": "set", "side": "bid", "price": 0.3, "size": 192.0}, {"op": "set", "side": "bid", "price": 0.31, "size": 1089.0}, {"op": "set", "side": "ask", "price": 0.65, "size": 670.0}, {"op": "set", "side": "ask", "price": 0.66, "size": 3974.1800000000003}, {"op": "set", "side": "ask", "price": 0.67, "size": 259.57}]}
{"t": 1776975868.5054138, "events": [{"op": "set", "side": "bid", "price": 0.3, "size": 168.0}]}
{"t": 1776975869.519797, "events": [{"op": "delete", "side": "bid", "price": 0.3}, {"op": "set", "side": "bid", "price": 0.31, "size": 506.0}, {"op": "set", "side": "ask", "price": 0.65, "size": 668.0}]}
{"t": 1776975870.536895, "events": [{"op": "set", "side": "bid", "price": 0.32, "size": 425.0}, {"op": "set", "side": "bid", "price": 0.28, "size": 234.0}, {"op": "set", "side": "bid", "price": 0.29, "size": 403.07}, {"op": "set", "side": "bid", "price": 0.31, "size": 476.0}, {"op": "set", "side": "ask", "price": 0.65, "size": 672.0}, {"op": "set", "side": "ask", "price": 0.66, "size": 4578.18}, {"op": "set", "side": "ask", "price": 0.67, "size": 260.57}]}
{"t": 1776975872.5564, "events": [{"op": "set", "side": "ask", "price": 0.28, "size": 43.0}, {"op": "set", "side": "ask", "price": 0.31, "size": 22.0}]}
{"t": 1776975873.562508, "events": [{"op": "set", "side": "bid", "price": 0.31, "size": 453.0}, {"op": "set", "side": "bid", "price": 0.3, "size": 24.0}]}
{"t": 1776975878.59487, "events": [{"op": "delete", "side": "bid", "price": 0.32}, {"op": "set", "side": "bid", "price": 0.28, "size": 134.0}, {"op": "delete", "side": "bid", "price": 0.29}, {"op": "set", "side": "bid", "price": 0.3, "size": 22.0}, {"op": "set", "side": "bid", "price": 0.31, "size": 150.0}, {"op": "set", "side": "bid", "price": 0.26, "size": 194.03}, {"op": "delete", "side": "bid", "price": 0.09}, {"op": "set", "side": "bid", "price": 0.15, "size": 28.0}, {"op": "set", "side": "ask", "price": 0.61, "size": 167.99999999999997}, {"op": "set", "side": "ask", "price": 0.65, "size": 639.0}, {"op": "set", "side": "ask", "price": 0.66, "size": 3912.1800000000003}, {"op": "set", "side": "ask", "price": 0.67, "size": 407.81}, {"op": "set", "side": "ask", "price": 0.58, "size": 234.0}]}
{"t": 1776975882.637974, "events": [{"op": "set", "side": "bid", "price": 0.31, "size": 484.0}, {"op": "set", "side": "bid", "price": 0.26, "size": 1.0}, {"op": "set", "side": "bid", "price": 0.3, "size": 189.0}, {"op": "set", "side": "bid", "price": 0.32, "size": 946.0}, {"op": "set", "side": "ask", "price": 0.61, "size": 330.91999999999996}, {"op": "set", "side": "ask", "price": 0.66, "size": 5209.18}, {"op": "set", "side": "ask", "price": 0.67, "size": 260.57}]}
{"t": 1776975883.6573179, "events": [{"op": "set", "side": "bid", "price": 0.3, "size": 167.0}, {"op": "set", "side": "bid", "price": 0.31, "size": 507.0}]}
{"t": 1776975889.700941, "events": [{"op": "set", "side": "bid", "price": 0.32, "size": 666.0}, {"op": "set", "side": "bid", "price": 0.28, "size": 467.0}, {"op": "delete", "side": "bid", "price": 0.3}, {"op": "set", "side": "bid", "price": 0.31, "size": 506.0}, {"op": "set", "side": "ask", "price": 0.61, "size": 425.91999999999996}, {"op": "set", "side": "ask", "price": 0.65, "size": 744.0}, {"op": "set", "side": "ask", "price": 0.66, "size": 4073.1800000000003}, {"op": "set", "side": "ask", "price": 0.67, "size": 373.57}]}
{"t": 1776975893.74344, "events": [{"op": "set", "side": "bid", "price": 0.31, "size": 483.0}, {"op": "set", "side": "bid", "price": 0.29, "size": 26.0}]}
{"t": 1776975905.8174279, "events": [{"op": "set", "side": "bid", "price": 0.29, "size": 243.66}, {"op": "set", "side": "bid", "price": 0.09, "size": 25.0}, {"op": "delete", "side": "bid", "price": 0.11}]}
{"t": 1776975908.8328042, "events": [{"op": "set", "side": "bid", "price": 0.29, "size": 217.66}, {"op": "set", "side": "bid", "price": 0.3, "size": 25.0}]}
{"t": 1776975910.842463, "events": [{"op": "set", "side": "bid", "price": 0.32, "size": 637.0}]}
{"t": 1776975913.861079, "events": [{"op": "set", "side": "bid", "price": 0.28, "size": 134.0}, {"op": "set", "side": "bid", "price": 0.23, "size": 23.89}, {"op": "set", "side": "ask", "price": 0.61, "size": 331.91999999999996}, {"op": "set", "side": "ask", "price": 0.65, "size": 682.0}, {"op": "set", "side": "ask", "price": 0.67, "size": 260.57}]}
{"t": 1776975914.8911412, "events": [{"op": "set", "side": "bid", "price": 0.32, "size": 666.0}, {"op": "set", "side": "bid", "price": 0.29, "size": 384.65999999999997}, {"op": "set", "side": "bid", "price": 0.3, "size": 358.0}, {"op": "set", "side": "bid", "price": 0.31, "size": 504.0}, {"op": "set", "side": "ask", "price": 0.66, "size": 4578.18}, {"op": "set", "side": "ask", "price": 0.58, "size": 236.0}]}
{"t": 1776975916.9452019, "events": [{"op": "set", "side": "bid", "price": 0.32, "size": 333.0}, {"op": "set", "side": "bid", "price": 0.29, "size": 350.65999999999997}, {"op": "set", "side": "bid", "price": 0.3, "size": 242.0}, {"op": "set", "side": "bid", "price": 0.31, "size": 469.0}]}
{"t": 1776975917.960892, "events": [{"op": "set", "side": "bid", "price": 0.28, "size": 201.0}, {"op": "set", "side": "ask", "price": 0.65, "size": 683.0}]}
{"t": 1776975918.9692569, "events": [{"op": "set", "side": "bid", "price": 0.3, "size": 241.0}]}
{"t": 1776975940.061205, "events": [{"op": "delete", "side": "bid", "price": 0.32}, {"op": "set", "side": "bid", "price": 0.28, "size": 134.0}, {"op": "delete", "side": "bid", "price": 0.29}, {"op": "set", "side": "bid", "price": 0.3, "size": 24.0}, {"op": "set", "side": "bid", "price": 0.31, "size": 150.0}, {"op": "set", "side": "bid", "price": 0.26, "size": 194.15}, {"op": "set", "side": "ask", "price": 0.61, "size": 167.99999999999997}, {"op": "set", "side": "ask", "price": 0.65, "size": 639.0}, {"op": "set", "side": "ask", "price": 0.66, "size": 3912.1800000000003}, {"op": "set", "side": "ask", "price": 0.67, "size": 407.81}, {"op": "set", "side": "ask", "price": 0.58, "size": 234.0}]}
{"t": 1776975942.095907, "events": [{"op": "set", "side": "bid", "price": 0.31, "size": 484.0}, {"op": "set", "side": "bid", "price": 0.3, "size": 191.0}, {"op": "set", "side": "bid", "price": 0.32, "size": 922.0}, {"op": "set", "side": "ask", "price": 0.66, "size": 5192.18}, {"op": "set", "side": "ask", "price": 0.67, "size": 408.81}]}
{"t": 1776975943.110956, "events": [{"op": "set", "side": "bid", "price": 0.3, "size": 167.0}]}
{"t": 1776975944.1347961, "events": [{"op": "set", "side": "bid", "price": 0.31, "size": 507.0}]}
{"t": 1776975945.176098, "events": [{"op": "delete", "side": "bid", "price": 0.3}, {"op": "set", "side": "ask", "price": 0.67, "size": 379.81}]}
{"t": 1776975946.19179, "events": [{"op": "set", "side": "ask", "price": 0.66, "size": 5226.18}]}
{"t": 1776975947.2255669, "events": [{"op": "set", "side": "bid", "price": 0.32, "size": 666.0}, {"op": "set", "side": "bid", "price": 0.31, "size": 506.0}, {"op": "set", "side": "ask", "price": 0.66, "size": 4173.18}, {"op": "set", "side": "ask", "price": 0.67, "size": 231.57}]}
{"t": 1776975948.2322109, "events": [{"op": "set", "side": "bid", "price": 0.28, "size": 467.0}, {"op": "set", "side": "bid", "price": 0.26, "size": 1.0}, {"op": "set", "side": "bid", "price": 0.31, "size": 483.0}, {"op": "set", "side": "ask", "price": 0.61, "size": 313.0}, {"op": "set", "side": "ask", "price": 0.65, "size": 789.0}, {"op": "set", "side": "ask", "price": 0.66, "size": 4139.18}, {"op": "set", "side": "ask", "price": 0.67, "size": 406.57}]}
{"t": 1776975949.255933, "events": [{"op": "set", "side": "bid", "price": 0.29, "size": 26.0}, {"op": "set", "side": "ask", "price": 0.67, "size": 436.57}]}
{"t": 1776975951.2976189, "events": [{"op": "delete", "side": "bid", "price": 0.32}, {"op": "set", "side": "bid", "price": 0.28, "size": 134.0}, {"op": "set", "side": "bid", "price": 0.31, "size": 150.0}, {"op": "set", "side": "bid", "price": 0.23, "size": 16.0}, {"op": "set", "side": "ask", "price": 0.61, "size": 168.0}, {"op": "set", "side": "ask", "price": 0.65, "size": 639.0}, {"op": "set", "side": "ask", "price": 0.66, "size": 3912.1800000000003}, {"op": "set", "side": "ask", "price": 0.67, "size": 260.57}]}
{"t": 1776975953.32274, "events": [{"op": "set", "side": "bid", "price": 0.29, "size": 25.0}, {"op": "set", "side": "bid", "price": 0.16, "size": 111.64}, {"op": "delete", "side": "bid", "price": 0.09}]}
{"t": 1776975954.332581, "events": [{"op": "set", "side": "bid", "price": 0.31, "size": 1040.0}, {"op": "set", "side": "bid", "price": 0.29, "size": 193.0}, {"op": "set", "side": "bid", "price": 0.32, "size": 499.0}, {"op": "set", "side": "ask", "price": 0.66, "size": 5189.18}, {"op": "set", "side": "ask", "price": 0.67, "size": 261.57}]}
{"t": 1776975956.348256, "events": [{"op": "set", "side": "ask", "price": 0.61, "size": 330.91999999999996}]}
{"t": 1776975959.372451, "events": [{"op": "set", "side": "bid", "price": 0.32, "size": 527.0}, {"op": "set", "side": "bid", "price": 0.28, "size": 301.0}, {"op": "set", "side": "bid", "price": 0.29, "size": 333.0}, {"op": "set", "side": "bid", "price": 0.31, "size": 483.0}, {"op": "set", "side": "bid", "price": 0.09, "size": 32.0}, {"op": "set", "side": "bid", "price": 0.3, "size": 25.0}, {"op": "delete", "side": "bid", "price": 0.15}, {"op": "set", "side": "ask", "price": 0.61, "size": 423.91999999999996}, {"op": "set", "side": "ask", "price": 0.65, "size": 758.0}, {"op": "set", "side": "ask", "price": 0.66, "size": 4138.18}, {"op": "set", "side": "ask", "price": 0.67, "size": 342.57}]}
{"t": 1776975963.398977, "events": [{"op": "delete", "side": "bid", "price": 0.3}, {"op": "set", "side": "ask", "price": 0.66, "size": 4103.18}]}
{"t": 1776975964.407889, "events": [{"op": "set", "side": "bid", "price": 0.3, "size": 25.0}, {"op": "set", "side": "ask", "price": 0.67, "size": 371.57}]}
{"t": 1776975968.4348412, "events": [{"op": "delete", "side": "bid", "price": 0.26}]}
{"t": 1776975971.450849, "events": [{"op": "set", "side": "bid", "price": 0.32, "size": 499.0}, {"op": "set", "side": "bid", "price": 0.28, "size": 134.0}, {"op": "delete", "side": "bid", "price": 0.29}, {"op": "set", "side": "ask", "price": 0.61, "size": 331.91999999999996}, {"op": "set", "side": "ask", "price": 0.65, "size": 700.0}, {"op": "set", "side": "ask", "price": 0.67, "size": 231.57}]}
{"t": 1776975972.4612129, "events": [{"op": "set", "side": "bid", "price": 0.23, "size": 23.89}, {"op": "set", "side": "ask", "price": 0.66, "size": 4137.18}]}
{"t": 1776975973.468818, "events": [{"op": "set", "side": "bid", "price": 0.32, "size": 636.0}, {"op": "set", "side": "bid", "price": 0.3, "size": 167.0}, {"op": "set", "side": "ask", "price": 0.66, "size": 4578.18}, {"op": "set", "side": "ask", "price": 0.58, "size": 286.0}]}
{"t": 1776975974.486274, "events": [{"op": "set", "side": "bid", "price": 0.31, "size": 506.0}, {"op": "set", "side": "ask", "price": 0.66, "size": 4613.18}]}
{"t": 1776975977.5051599, "events": [{"op": "set", "side": "bid", "price": 0.32, "size": 499.0}, {"op": "delete", "side": "bid", "price": 0.3}, {"op": "set", "side": "ask", "price": 0.66, "size": 4138.18}, {"op": "set", "side": "ask", "price": 0.67, "size": 230.57}]}
{"t": 1776975978.524107, "events": [{"op": "set", "side": "bid", "price": 0.32, "size": 666.0}, {"op": "set", "side": "bid", "price": 0.28, "size": 135.0}, {"op": "set", "side": "bid", "price": 0.31, "size": 1025.0}, {"op": "set", "side": "ask", "price": 0.65, "size": 702.0}, {"op": "set", "side": "ask", "price": 0.66, "size": 4038.1800000000003}]}
{"t": 1776975979.530004, "events": [{"op": "set", "side": "bid", "price": 0.29, "size": 26.0}, {"op": "set", "side": "ask", "price": 0.66, "size": 4072.1800000000003}]}
{"t": 1776975984.561141, "events": [{"op": "set", "side": "bid", "price": 0.23, "size": 73.89}]}
{"t": 1776975989.593303, "events": [{"op": "set", "side": "bid", "price": 0.32, "size": 532.0}, {"op": "set", "side": "bid", "price": 0.28, "size": 301.0}, {"op": "set", "side": "bid", "price": 0.31, "size": 483.0}, {"op": "set", "side": "ask", "price": 0.65, "size": 706.0}, {"op": "set", "side": "ask", "price": 0.66, "size": 4612.18}, {"op": "set", "side": "ask", "price": 0.67, "size": 231.57}]}
{"t": 1776975993.639185, "events": [{"op": "set", "side": "bid", "price": 0.29, "size": 231.19}, {"op": "set", "side": "bid", "price": 0.16, "size": 88.64}, {"op": "set", "side": "bid", "price": 0.11, "size": 26.0}, {"op": "set", "side": "ask", "price": 0.66, "size": 4578.18}]}
{"t": 1776975994.652439, "events": [{"op": "set", "side": "bid", "price": 0.3, "size": 25.0}, {"op": "set", "side": "ask", "price": 0.67, "size": 260.57}]}
{"t": 1776976002.718677, "events": [{"op": "delete", "side": "bid", "price": 0.32}, {"op": "set", "side": "bid", "price": 0.28, "size": 134.0}, {"op": "delete", "side": "bid", "price": 0.29}, {"op": "set", "side": "bid", "price": 0.3, "size": 359.0}, {"op": "set", "side": "bid", "price": 0.31, "size": 1079.0}, {"op": "set", "side": "bid", "price": 0.23, "size": 23.89}, {"op": "delete", "side": "bid", "price": 0.09}, {"op": "set", "side": "bid", "price": 0.15, "size": 27.0}, {"op": "set", "side": "bid", "price": 0.24, "size": 217.12}, {"op": "set", "side": "ask", "price": 0.65, "size": 710.0}, {"op": "set", "side": "ask", "price": 0.66, "size": 4052.1800000000003}, {"op": "set", "side": "ask", "price": 0.67, "size": 309.57}, {"op": "set", "side": "ask", "price": 0.58, "size": 236.0}]}
{"t": 1776976003.738184, "events": [{"op": "set", "side": "bid", "price": 0.31, "size": 1101.0}, {"op": "set", "side": "bid", "price": 0.3, "size": 334.0}]}
{"t": 1776976005.821455, "events": [{"op": "set", "side": "bid", "price": 0.31, "size": 1031.0}, {"op": "set", "side": "bid", "price": 0.28, "size": 135.0}, {"op": "set", "side": "bid", "price": 0.23, "size": 16.0}, {"op": "delete", "side": "bid", "price": 0.3}, {"op": "set", "side": "bid", "price": 0.32, "size": 666.0}, {"op": "set", "side": "ask", "price": 0.61, "size": 330.91999999999996}, {"op": "set", "side": "ask", "price": 0.65, "size": 639.0}, {"op": "set", "side": "ask", "price": 0.66, "size": 5173.18}, {"op": "set", "side": "ask", "price": 0.67, "size": 260.57}, {"op": "set", "side": "ask", "price": 0.58, "size": 234.0}]}
{"t": 1776976008.8495371, "events": [{"op": "set", "side": "bid", "price": 0.31, "size": 1009.0}, {"op": "set", "side": "bid", "price": 0.29, "size": 26.0}]}
{"t": 1776976009.860466, "events": [{"op": "delete", "side": "bid", "price": 0.24}]}
{"t": 1776976011.8745532, "events": [{"op": "set", "side": "bid", "price": 0.32, "size": 499.0}, {"op": "set", "side": "bid", "price": 0.28, "size": 134.0}, {"op": "set", "side": "bid", "price": 0.31, "size": 1005.0}, {"op": "set", "side": "bid", "price": 0.23, "size": 73.89}, {"op": "set", "side": "ask", "price": 0.66, "size": 4130.18}, {"op": "set", "side": "ask", "price": 0.58, "size": 284.0}]}
{"t": 1776976013.8963861, "events": [{"op": "set", "side": "bid", "price": 0.29, "size": 168.0}, {"op": "set", "side": "bid", "price": 0.23, "size": 307.13}, {"op": "set", "side": "bid", "price": 0.3, "size": 25.0}, {"op": "set", "side": "ask", "price": 0.61, "size": 423.91999999999996}, {"op": "set", "side": "ask", "price": 0.65, "size": 769.0}, {"op": "set", "side": "ask", "price": 0.67, "size": 371.57}]}
{"t": 1776976015.9212391, "events": [{"op": "set", "side": "bid", "price": 0.23, "size": 73.88999999999999}]}
{"t": 1776976021.967751, "events": [{"op": "delete", "side": "bid", "price": 0.29}, {"op": "set", "side": "bid", "price": 0.3, "size": 193.0}, {"op": "set", "side": "bid", "price": 0.31, "size": 999.0}, {"op": "set", "side": "ask", "price": 0.61, "size": 353.91999999999996}, {"op": "set", "side": "ask", "price": 0.65, "size": 738.0}, {"op": "set", "side": "ask", "price": 0.66, "size": 4127.18}, {"op": "set", "side": "ask", "price": 0.67, "size": 230.57}]}
{"t": 1776976022.983882, "events": [{"op": "set", "side": "ask", "price": 0.58, "size": 307.0}]}
{"t": 1776976023.989538, "events": [{"op": "set", "side": "bid", "price": 0.3, "size": 168.0}, {"op": "set", "side": "bid", "price": 0.31, "size": 1022.0}, {"op": "set", "side": "ask", "price": 0.66, "size": 4128.18}]}
{"t": 1776976028.033005, "events": [{"op": "set", "side": "ask", "price": 0.66, "size": 4093.1800000000003}]}
{"t": 1776976029.046649, "events": [{"op": "set", "side": "ask", "price": 0.66, "size": 4128.18}]}
{"t": 1776976030.0649989, "events": [{"op": "delete", "side": "bid", "price": 0.3}, {"op": "set", "side": "bid", "price": 0.31, "size": 506.0}, {"op": "set", "side": "ask", "price": 0.66, "size": 4073.1800000000003}]}
{"t": 1776976031.0763671, "events": [{"op": "set", "side": "bid", "price": 0.32, "size": 666.0}, {"op": "set", "side": "bid", "price": 0.09, "size": 32.0}, {"op": "delete", "side": "bid", "price": 0.11}, {"op": "set", "side": "ask", "price": 0.61, "size": 331.91999999999996}, {"op": "set", "side": "ask", "price": 0.65, "size": 718.0}, {"op": "set", "side": "ask", "price": 0.66, "size": 4613.18}, {"op": "set", "side": "ask", "price": 0.67, "size": 231.57}, {"op": "set", "side": "ask", "price": 0.58, "size": 286.0}]}
{"t": 1776976033.0979562, "events": [{"op": "set", "side": "bid", "price": 0.31, "size": 483.0}, {"op": "set", "side": "ask", "price": 0.66, "size": 4578.18}]}
{"t": 1776976034.1065989, "events": [{"op": "set", "side": "bid", "price": 0.29, "size": 26.0}, {"op": "set", "side": "ask", "price": 0.66, "size": 4613.18}]}
{"t": 1776976038.1259038, "events": [{"op": "delete", "side": "bid", "price": 0.29}, {"op": "set", "side": "bid", "price": 0.23, "size": 304.13}, {"op": "set", "side": "ask", "price": 0.66, "size": 4578.18}]}
{"t": 1776976039.130999, "events": [{"op": "set", "side": "bid", "price": 0.29, "size": 26.0}, {"op": "set", "side": "ask", "price": 0.66, "size": 4109.18}, {"op": "set", "side": "ask", "price": 0.67, "size": 230.57}]}
{"t": 1776976040.136569, "events": [{"op": "set", "side": "bid", "price": 0.28, "size": 135.0}, {"op": "set", "side": "bid", "price": 0.31, "size": 989.0}, {"op": "set", "side": "ask", "price": 0.65, "size": 720.0}]}
{"t": 1776976041.146323, "events": [{"op": "set", "side": "bid", "price": 0.28, "size": 134.0}, {"op": "set", "side": "bid", "price": 0.29, "size": 253.82}, {"op": "set", "side": "bid", "price": 0.31, "size": 483.0}, {"op": "set", "side": "bid", "price": 0.23, "size": 73.88999999999999}, {"op": "set", "side": "ask", "price": 0.65, "size": 718.0}, {"op": "set", "side": "ask", "price": 0.66, "size": 4073.1800000000003}]}
{"t": 1776976042.1519518, "events": [{"op": "set", "side": "bid", "price": 0.32, "size": 625.0}, {"op": "set", "side": "bid", "price": 0.29, "size": 420.82}, {"op": "set", "side": "ask", "price": 0.65, "size": 721.0}, {"op": "set", "side": "ask", "price": 0.66, "size": 4613.18}, {"op": "set", "side": "ask", "price": 0.67, "size": 231.57}]}
{"t": 1776976043.1629992, "events": [{"op": "set", "side": "bid", "price": 0.29, "size": 394.82}, {"op": "set", "side": "ask", "price": 0.66, "size": 4578.18}]}
{"t": 1776976044.185159, "events": [{"op": "delete", "side": "bid", "price": 0.32}, {"op": "set", "side": "bid", "price": 0.29, "size": 227.82}, {"op": "set", "side": "bid", "price": 0.31, "size": 150.0}, {"op": "set", "side": "bid", "price": 0.3, "size": 25.0}, {"op": "set", "side": "ask", "price": 0.61, "size": 330.91999999999996}, {"op": "set", "side": "ask", "price": 0.65, "size": 639.0}, {"op": "set", "side": "ask", "price": 0.66, "size": 3912.1800000000003}, {"op": "set", "side": "ask", "price": 0.67, "size": 260.57}, {"op": "set", "side": "ask", "price": 0.58, "size": 234.0}]}
{"t": 1776976045.204722, "events": [{"op": "delete", "side": "bid", "price": 0.29}, {"op": "set", "side": "bid", "price": 0.23, "size": 277.08}, {"op": "set", "side": "ask", "price": 0.61, "size": 167.99999999999997}, {"op": "set", "side": "ask", "price": 0.67, "size": 408.81}]}
{"t": 1776976048.218187, "events": [{"op": "set", "side": "bid", "price": 0.31, "size": 985.0}, {"op": "set", "side": "bid", "price": 0.23, "size": 73.88999999999999}, {"op": "set", "side": "bid", "price": 0.3, "size": 168.0}, {"op": "set", "side": "bid", "price": 0.32, "size": 500.0}, {"op": "set", "side": "ask", "price": 0.66, "size": 5161.18}, {"op": "set", "side": "ask", "price": 0.67, "size": 261.57}]}
{"t": 1776976049.2295182, "events": [{"op": "delete", "side": "bid", "price": 0.3}, {"op": "set", "side": "bid", "price": 0.31, "size": 1006.0}, {"op": "set", "side": "ask", "price": 0.67, "size": 260.57}]}
{"t": 1776976050.238752, "events": [{"op": "set", "side": "bid", "price": 0.32, "size": 666.0}, {"op": "set", "side": "bid", "price": 0.28, "size": 135.0}, {"op": "set", "side": "bid", "price": 0.23, "size": 305.89}, {"op": "set", "side": "ask", "price": 0.61, "size": 331.91999999999996}, {"op": "set", "side": "ask", "price": 0.65, "size": 723.0}, {"op": "set", "side": "ask", "price": 0.66, "size": 4079.1800000000003}, {"op": "set", "side": "ask", "price": 0.58, "size": 236.0}]}
{"t": 1776976053.276522, "events": [{"op": "set", "side": "bid", "price": 0.31, "size": 983.0}, {"op": "delete", "side": "bid", "price": 0.15}, {"op": "set", "side": "bid", "price": 0.1, "size": 274.0}, {"op": "set", "side": "ask", "price": 0.58, "size": 286.0}]}
{"t": 1776976054.2832232, "events": [{"op": "set", "side": "bid", "price": 0.29, "size": 26.0}]}
{"t": 1776976055.298068, "events": [{"op": "set", "side": "bid", "price": 0.29, "size": 264.16999999999996}, {"op": "set", "side": "bid", "price": 0.23, "size": 73.88999999999999}]}
{"t": 1776976058.306615, "events": [{"op": "delete", "side": "bid", "price": 0.32}, {"op": "set", "side": "bid", "price": 0.28, "size": 134.0}, {"op": "set", "side": "bid", "price": 0.29, "size": 238.16999999999996}, {"op": "set", "side": "bid", "price": 0.31, "size": 150.0}, {"op": "set", "side": "bid", "price": 0.3, "size": 23.0}, {"op": "set", "side": "ask", "price": 0.61, "size": 330.91999999999996}, {"op": "set", "side": "ask", "price": 0.65, "size": 639.0}, {"op": "set", "side": "ask", "price": 0.66, "size": 3912.1800000000003}, {"op": "set", "side": "ask", "price": 0.58, "size": 234.0}]}
{"t": 1776976059.3257349, "events": [{"op": "delete", "side": "bid", "price": 0.29}, {"op": "set", "side": "bid", "price": 0.23, "size": 286.59}, {"op": "delete", "side": "bid", "price": 0.09}, {"op": "set", "side": "bid", "price": 0.15, "size": 33.0}, {"op": "set", "side": "ask", "price": 0.61, "size": 167.99999999999997}, {"op": "set", "side": "ask", "price": 0.67, "size": 408.81}]}
{"t": 1776976061.337662, "events": [{"op": "set", "side": "bid", "price": 0.31, "size": 1019.0}, {"op": "set", "side": "bid", "price": 0.28, "size": 301.0}, {"op": "set", "side": "bid", "price": 0.3, "size": 357.0}, {"op": "set", "side": "ask", "price": 0.66, "size": 5158.18}, {"op": "set", "side": "ask", "price": 0.67, "size": 409.81}]}
{"t": 1776976063.365494, "events": [{"op": "set", "side": "bid", "price": 0.3, "size": 334.0}]}
{"t": 1776976064.375992, "events": [{"op": "set", "side": "bid", "price": 0.29, "size": 26.0}]}
{"t": 1776976065.3873029, "events": [{"op": "set", "side": "bid", "price": 0.31, "size": 150.0}, {"op": "set", "side": "ask", "price": 0.66, "size": 4088.1800000000003}, {"op": "set", "side": "ask", "price": 0.67, "size": 408.81}]}
{"t": 1776976066.397533, "events": [{"op": "set", "side": "bid", "price": 0.29, "size": 360.0}, {"op": "set", "side": "bid", "price": 0.3, "size": 868.0}, {"op": "set", "side": "bid", "price": 0.23, "size": 65.99999999999999}, {"op": "set", "side": "ask", "price": 0.61, "size": 169.99999999999997}, {"op": "set", "side": "ask", "price": 0.65, "size": 727.0}, {"op": "set", "side": "ask", "price": 0.67, "size": 310.57}]}
{"t": 1776976068.419334, "events": [{"op": "set", "side": "bid", "price": 0.29, "size": 334.0}]}
{"t": 1776976069.436353, "events": [{"op": "set", "side": "bid", "price": 0.3, "size": 892.0}]}
{"t": 1776976074.460224, "events": [{"op": "set", "side": "bid", "price": 0.28, "size": 134.0}, {"op": "delete", "side": "bid", "price": 0.29}, {"op": "set", "side": "bid", "price": 0.3, "size": 358.0}, {"op": "set", "side": "ask", "price": 0.61, "size": 167.99999999999997}, {"op": "set", "side": "ask", "price": 0.65, "size": 639.0}]}
{"t": 1776976075.471221, "events": [{"op": "set", "side": "bid", "price": 0.31, "size": 816.0}, {"op": "set", "side": "bid", "price": 0.3, "size": 357.0}, {"op": "set", "side": "ask", "price": 0.66, "size": 5154.18}, {"op": "set", "side": "ask", "price": 0.67, "size": 311.57}]}
{"t": 1776976077.482344, "events": [{"op": "set", "side": "bid", "price": 0.31, "size": 529.0}, {"op": "set", "side": "ask", "price": 0.66, "size": 4184.18}]}
{"t": 1776976078.494921, "events": [{"op": "set", "side": "bid", "price": 0.31, "size": 551.0}, {"op": "set", "side": "bid", "price": 0.28, "size": 301.0}, {"op": "set", "side": "bid", "price": 0.3, "size": 333.0}, {"op": "set", "side": "bid", "price": 0.32, "size": 500.0}, {"op": "set", "side": "bid", "price": 0.24, "size": 7.89}, {"op": "set", "side": "ask", "price": 0.65, "size": 859.0}, {"op": "set", "side": "ask", "price": 0.67, "size": 416.57}, {"op": "set", "side": "ask", "price": 0.58, "size": 284.0}]}
{"t": 1776976083.531923, "events": [{"op": "set", "side": "bid", "price": 0.31, "size": 529.0}]}
{"t": 1776976084.54107, "events": [{"op": "set", "side": "bid", "price": 0.31, "size": 551.0}]}
{"t": 1776976085.548361, "events": [{"op": "delete", "side": "bid", "price": 0.32}, {"op": "set", "side": "bid", "price": 0.28, "size": 134.0}, {"op": "delete", "side": "bid", "price": 0.3}, {"op": "set", "side": "bid", "price": 0.31, "size": 172.0}, {"op": "delete", "side": "bid", "price": 0.24}, {"op": "set", "side": "ask", "price": 0.65, "size": 639.0}, {"op": "set", "side": "ask", "price": 0.66, "size": 3912.1800000000003}, {"op": "set", "side": "ask", "price": 0.67, "size": 310.57}, {"op": "set", "side": "ask", "price": 0.58, "size": 234.0}]}
{"t": 1776976086.5729961, "events": [{"op": "set", "side": "bid", "price": 0.23, "size": 290.08}, {"op": "set", "side": "bid", "price": 0.16, "size": 112.64}, {"op": "set", "side": "bid", "price": 0.1, "size": 250.0}, {"op": "set", "side": "ask", "price": 0.67, "size": 458.81}]}
{"t": 1776976088.582797, "events": [{"op": "set", "side": "bid", "price": 0.31, "size": 962.0}, {"op": "set", "side": "bid", "price": 0.28, "size": 135.0}, {"op": "set", "side": "bid", "price": 0.32, "size": 666.0}, {"op": "set", "side": "bid", "price": 0.29, "size": 24.0}, {"op": "set", "side": "ask", "price": 0.66, "size": 5150.18}, {"op": "set", "side": "ask", "price": 0.67, "size": 459.81}]}
{"t": 1776976089.58958, "events": [{"op": "set", "side": "bid", "price": 0.23, "size": 65.99999999999997}, {"op": "set", "side": "ask", "price": 0.61, "size": 330.91999999999996}, {"op": "set", "side": "ask", "price": 0.66, "size": 5184.18}, {"op": "set", "side": "ask", "price": 0.67, "size": 231.57}]}
{"t": 1776976091.599458, "events": [{"op": "set", "side": "bid", "price": 0.31, "size": 502.0}, {"op": "set", "side": "ask", "price": 0.66, "size": 4202.18}, {"op": "set", "side": "ask", "price": 0.58, "size": 284.0}]}
{"t": 1776976092.6074328, "events": [{"op": "set", "side": "bid", "price": 0.28, "size": 334.0}, {"op": "set", "side": "bid", "price": 0.29, "size": 324.0}, {"op": "set", "side": "ask", "price": 0.65, "size": 829.0}, {"op": "set", "side": "ask", "price": 0.67, "size": 346.57}]}
{"t": 1776976093.6152132, "events": [{"op": "set", "side": "bid", "price": 0.29, "size": 300.0}, {"op": "set", "side": "bid", "price": 0.3, "size": 25.0}, {"op": "set", "side": "ask", "price": 0.66, "size": 4203.18}]}
{"t": 1776976095.6349592, "events": [{"op": "delete", "side": "bid", "price": 0.29}, {"op": "set", "side": "ask", "price": 0.67, "size": 231.57}]}
{"t": 1776976096.652119, "events": [{"op": "set", "side": "ask", "price": 0.65, "size": 735.0}]}
{"t": 1776976097.657048, "events": [{"op": "set", "side": "bid", "price": 0.3, "size": 325.0}, {"op": "delete", "side": "bid", "price": 0.15}, {"op": "set", "side": "bid", "price": 0.09, "size": 27.0}, {"op": "set", "side": "bid", "price": 0.29, "size": 232.76}, {"op": "set", "side": "ask", "price": 0.61, "size": 332.91999999999996}, {"op": "set", "side": "ask", "price": 0.66, "size": 4613.18}]}
{"t": 1776976098.6700659, "events": [{"op": "set", "side": "bid", "price": 0.3, "size": 300.0}, {"op": "set", "side": "bid", "price": 0.31, "size": 525.0}, {"op": "set", "side": "ask", "price": 0.66, "size": 4578.18}, {"op": "set", "side": "ask", "price": 0.67, "size": 261.57}]}
{"t": 1776976099.67869, "events": [{"op": "set", "side": "bid", "price": 0.28, "size": 134.0}, {"op": "delete", "side": "bid", "price": 0.3}]}
{"t": 1776976100.698726, "events": [{"op": "set", "side": "bid", "price": 0.29, "size": 565.76}, {"op": "set", "side": "bid", "price": 0.31, "size": 603.0}, {"op": "set", "side": "ask", "price": 0.65, "size": 736.0}]}
{"t": 1776976103.7164748, "events": [{"op": "set", "side": "bid", "price": 0.31, "size": 580.0}, {"op": "set", "side": "bid", "price": 0.3, "size": 25.0}]}
{"t": 1776976113.775799, "events": [{"op": "set", "side": "bid", "price": 0.29, "size": 26.0}, {"op": "set", "side": "bid", "price": 0.3, "size": 333.0}, {"op": "set", "side": "bid", "price": 0.31, "size": 584.0}, {"op": "set", "side": "ask", "price": 0.65, "size": 740.0}]}
{"t": 1776976116.79982, "events": [{"op": "delete", "side": "bid", "price": 0.3}, {"op": "set", "side": "bid", "price": 0.31, "size": 503.0}, {"op": "set", "side": "ask", "price": 0.65, "size": 735.0}]}
{"t": 1776976117.808927, "events": [{"op": "set", "side": "bid", "price": 0.28, "size": 334.0}, {"op": "set", "side": "bid", "price": 0.29, "size": 326.0}, {"op": "set", "side": "ask", "price": 0.65, "size": 741.0}]}
{"t": 1776976118.820491, "events": [{"op": "set", "side": "bid", "price": 0.29, "size": 300.0}]}
{"t": 1776976119.83535, "events": [{"op": "set", "side": "bid", "price": 0.3, "size": 25.0}]}
{"t": 1776976128.8931751, "events": [{"op": "delete", "side": "bid", "price": 0.32}, {"op": "set", "side": "bid", "price": 0.29, "size": 26.0}, {"op": "set", "side": "bid", "price": 0.3, "size": 300.0}, {"op": "set", "side": "bid", "price": 0.31, "size": 961.0}, {"op": "set", "side": "bid", "price": 0.23, "size": 165.99999999999997}, {"op": "set", "side": "bid", "price": 0.16, "size": 88.64}, {"op": "set", "side": "bid", "price": 0.11, "size": 30.0}, {"op": "set", "side": "bid", "price": 0.24, "size": 7.89}, {"op": "set", "side": "ask", "price": 0.65, "size": 744.0}, {"op": "set", "side": "ask", "price": 0.66, "size": 4121.18}, {"op": "set", "side": "ask", "price": 0.67, "size": 310.57}, {"op": "set", "side": "ask", "price": 0.58, "size": 234.0}]}
{"t": 1776976130.9047801, "events": [{"op": "set", "side": "bid", "price": 0.31, "size": 150.0}, {"op": "set", "side": "bid", "price": 0.28, "size": 326.0}, {"op": "set", "side": "bid", "price": 0.29, "size": 314.0}, {"op": "set", "side": "bid", "price": 0.3, "size": 805.0}, {"op": "set", "side": "bid", "price": 0.24, "size": 96.0}, {"op": "set", "side": "bid", "price": 0.23, "size": 65.99999999999997}, {"op": "set", "side": "ask", "price": 0.61, "size": 330.91999999999996}, {"op": "set", "side": "ask", "price": 0.65, "size": 639.0}, {"op": "set", "side": "ask", "price": 0.66, "size": 5139.18}, {"op": "set", "side": "ask", "price": 0.67, "size": 311.57}]}
{"t": 1776976133.922157, "events": [{"op": "set", "side": "bid", "price": 0.29, "size": 288.0}, {"op": "set", "side": "bid", "price": 0.3, "size": 828.0}]}
{"t": 1776976135.934583, "events": [{"op": "set", "side": "bid", "price": 0.31, "size": 157.89}, {"op": "set", "side": "bid", "price": 0.28, "size": 134.0}, {"op": "delete", "side": "bid", "price": 0.29}, {"op": "set", "side": "bid", "price": 0.3, "size": 23.0}, {"op": "delete", "side": "bid", "price": 0.24}, {"op": "set", "side": "ask", "price": 0.66, "size": 3912.1800000000003}, {"op": "set", "side": "ask", "price": 0.67, "size": 310.57}]}
{"t": 1776976136.9557, "events": [{"op": "set", "side": "bid", "price": 0.31, "size": 150.0}, {"op": "delete", "side": "bid", "price": 0.09}, {"op": "set", "side": "bid", "price": 0.15, "size": 17.0}, {"op": "set", "side": "ask", "price": 0.61, "size": 167.99999999999997}]}
{"t": 1776976137.96097, "events": [{"op": "delete", "side": "bid", "price": 0.3}]}
{"t": 1776976138.9725718, "events": [{"op": "set", "side": "bid", "price": 0.29, "size": 25.0}]}
{"t": 1776976139.976351, "events": [{"op": "set", "side": "bid", "price": 0.28, "size": 334.0}, {"op": "set", "side": "bid", "price": 0.23, "size": 165.99999999999997}, {"op": "set", "side": "bid", "price": 0.29, "size": 325.0}, {"op": "set", "side": "bid", "price": 0.3, "size": 806.0}, {"op": "set", "side": "ask", "price": 0.66, "size": 5137.18}, {"op": "set", "side": "ask", "price": 0.67, "size": 311.57}]}
{"t": 1776976143.994279, "events": [{"op": "set", "side": "bid", "price": 0.29, "size": 300.0}, {"op": "set", "side": "bid", "price": 0.3, "size": 830.0}]}
{"t": 1776976148.011776, "events": [{"op": "set", "side": "ask", "price": 0.61, "size": 330.91999999999996}]}
{"t": 1776976152.035327, "events": [{"op": "set", "side": "bid", "price": 0.28, "size": 134.0}, {"op": "delete", "side": "bid", "price": 0.29}, {"op": "set", "side": "bid", "price": 0.3, "size": 24.0}, {"op": "set", "side": "bid", "price": 0.23, "size": 294.42999999999995}, {"op": "set", "side": "ask", "price": 0.61, "size": 167.99999999999997}, {"op": "set", "side": "ask", "price": 0.66, "size": 3912.1800000000003}, {"op": "set", "side": "ask", "price": 0.67, "size": 458.81}]}
{"t": 1776976154.063997, "events": [{"op": "delete", "side": "bid", "price": 0.3}, {"op": "set", "side": "bid", "price": 0.29, "size": 25.0}]}
{"t": 1776976155.081144, "events": [{"op": "set", "side": "bid", "price": 0.31, "size": 983.0}, {"op": "set", "side": "bid", "price": 0.28, "size": 301.0}, {"op": "set", "side": "bid", "price": 0.3, "size": 333.0}, {"op": "set", "side": "ask", "price": 0.66, "size": 5134.18}, {"op": "set", "side": "ask", "price": 0.67, "size": 459.81}]}
{"t": 1776976156.091637, "events": [{"op": "set", "side": "bid", "price": 0.23, "size": 65.99999999999994}]}
{"t": 1776976159.129062, "events": [{"op": "set", "side": "bid", "price": 0.29, "size": 26.0}]}
{"t": 1776976163.1601741, "events": [{"op": "delete", "side": "bid", "price": 0.29}]}
{"t": 1776976164.1660988, "events": [{"op": "set", "side": "bid", "price": 0.23, "size": 73.88999999999994}, {"op": "set", "side": "bid", "price": 0.29, "size": 26.0}]}
{"t": 1776976168.185441, "events": [{"op": "delete", "side": "bid", "price": 0.29}]}
{"t": 1776976169.201382, "events": [{"op": "set", "side": "bid", "price": 0.29, "size": 26.0}]}
{"t": 1776976172.213068, "events": [{"op": "set", "side": "bid", "price": 0.31, "size": 150.0}, {"op": "set", "side": "bid", "price": 0.28, "size": 421.0}, {"op": "set", "side": "bid", "price": 0.29, "size": 566.0}, {"op": "set", "side": "bid", "price": 0.3, "size": 400.0}, {"op": "set", "side": "bid", "price": 0.23, "size": 165.99999999999994}, {"op": "set", "side": "bid", "price": 0.09, "size": 41.0}, {"op": "delete", "side": "bid", "price": 0.11}, {"op": "set", "side": "ask", "price": 0.65, "size": 935.0}, {"op": "set", "side": "ask", "price": 0.66, "size": 4262.18}, {"op": "set", "side": "ask", "price": 0.67, "size": 687.81}]}
{"t": 1776976173.230133, "events": [{"op": "set", "side": "bid", "price": 0.29, "size": 540.0}]}
{"t": 1776976174.237823, "events": [{"op": "set", "side": "bid", "price": 0.3, "size": 423.0}]}
{"t": 1776976175.24962, "events": [{"op": "delete", "side": "bid", "price": 0.29}, {"op": "set", "side": "bid", "price": 0.3, "size": 356.0}, {"op": "set", "side": "ask", "price": 0.67, "size": 459.80999999999995}]}
{"t": 1776976177.2679732, "events": [{"op": "set", "side": "bid", "price": 0.31, "size": 650.0}, {"op": "set", "side": "bid", "price": 0.28, "size": 409.0}, {"op": "set", "side": "bid", "price": 0.23, "size": 462.5999999999999}, {"op": "set", "side": "bid", "price": 0.3, "size": 465.0}, {"op": "set", "side": "ask", "price": 0.65, "size": 996.0}, {"op": "set", "side": "ask", "price": 0.66, "size": 4303.18}, {"op": "set", "side": "ask", "price": 0.67, "size": 762.81}]}
{"t": 1776976178.273995, "events": [{"op": "set", "side": "bid", "price": 0.3, "size": 442.0}, {"op": "delete", "side": "bid", "price": 0.15}, {"op": "set", "side": "bid", "price": 0.1, "size": 267.0}]}
{"t": 1776976179.287406, "events": [{"op": "set", "side": "bid", "price": 0.23, "size": 232.99999999999991}, {"op": "set", "side": "bid", "price": 0.29, "size": 25.0}]}
{"t": 1776976183.318472, "events": [{"op": "delete", "side": "bid", "price": 0.29}, {"op": "set", "side": "bid", "price": 0.23, "size": 490.1199999999999}]}
{"t": 1776976184.330831, "events": [{"op": "set", "side": "bid", "price": 0.29, "size": 25.0}]}
{"t": 1776976185.3367848, "events": [{"op": "set", "side": "bid", "price": 0.23, "size": 232.9999999999999}]}
{"t": 1776976188.349905, "events": [{"op": "delete", "side": "bid", "price": 0.29}, {"op": "set", "side": "bid", "price": 0.23, "size": 490.1199999999999}]}
{"t": 1776976189.36215, "events": [{"op": "set", "side": "bid", "price": 0.29, "size": 25.0}]}
{"t": 1776976190.3798301, "events": [{"op": "set", "side": "bid", "price": 0.23, "size": 232.9999999999999}]}
{"t": 1776976192.388874, "events": [{"op": "set", "side": "bid", "price": 0.23, "size": 182.9999999999999}, {"op": "set", "side": "ask", "price": 0.67, "size": 712.81}]}
{"t": 1776976193.395335, "events": [{"op": "delete", "side": "bid", "price": 0.29}, {"op": "set", "side": "bid", "price": 0.23, "size": 438.2099999999999}]}
{"t": 1776976194.405488, "events": [{"op": "set", "side": "bid", "price": 0.29, "size": 25.0}]}
{"t": 1776976195.413012, "events": [{"op": "set", "side": "bid", "price": 0.23, "size": 182.99999999999991}]}
{"t": 1776976197.420757, "events": [{"op": "set", "side": "bid", "price": 0.31, "size": 150.0}, {"op": "set", "side": "bid", "price": 0.28, "size": 334.0}, {"op": "set", "side": "bid", "price": 0.3, "size": 333.0}, {"op": "set", "side": "bid", "price": 0.23, "size": 115.99999999999991}, {"op": "set", "side": "ask", "price": 0.65, "size": 935.0}, {"op": "set", "side": "ask", "price": 0.66, "size": 4262.18}, {"op": "set", "side": "ask", "price": 0.67, "size": 409.80999999999995}]}
{"t": 1776976198.435571, "events": [{"op": "set", "side": "bid", "price": 0.29, "size": 300.0}, {"op": "set", "side": "bid", "price": 0.3, "size": 804.0}, {"op": "set", "side": "ask", "price": 0.65, "size": 999.0}, {"op": "set", "side": "ask", "price": 0.66, "size": 4310.18}, {"op": "set", "side": "ask", "price": 0.67, "size": 713.81}]}
{"t": 1776976203.4636748, "events": [{"op": "set", "side": "bid", "price": 0.3, "size": 781.0}]}
{"t": 1776976204.476952, "events": [{"op": "set", "side": "bid", "price": 0.28, "size": 134.0}, {"op": "delete", "side": "bid", "price": 0.29}, {"op": "set", "side": "bid", "price": 0.3, "size": 23.0}, {"op": "set", "side": "bid", "price": 0.23, "size": 15.999999999999915}, {"op": "set", "side": "ask", "price": 0.65, "size": 639.0}, {"op": "set", "side": "ask", "price": 0.66, "size": 3912.1800000000003}, {"op": "set", "side": "ask", "price": 0.67, "size": 408.80999999999995}]}
{"t": 1776976207.508864, "events": [{"op": "set", "side": "bid", "price": 0.31, "size": 550.0}, {"op": "set", "side": "bid", "price": 0.28, "size": 334.0}, {"op": "set", "side": "bid", "price": 0.23, "size": 115.99999999999991}, {"op": "set", "side": "bid", "price": 0.3, "size": 764.0}, {"op": "delete", "side": "bid", "price": 0.09}, {"op": "set", "side": "bid", "price": 0.1, "size": 250.0}, {"op": "set", "side": "bid", "price": 0.15, "size": 54.0}, {"op": "set", "side": "ask", "price": 0.66, "size": 5121.18}, {"op": "set", "side": "ask", "price": 0.67, "size": 409.80999999999995}]}
{"t": 1776976208.525941, "events": [{"op": "set", "side": "bid", "price": 0.3, "size": 741.0}]}
{"t": 1776976209.539958, "events": [{"op": "set", "side": "bid", "price": 0.29, "size": 26.0}]}
{"t": 1776976213.5675368, "events": [{"op": "set", "side": "bid", "price": 0.23, "size": 363.68999999999994}]}
{"t": 1776976214.569775, "events": [{"op": "set", "side": "bid", "price": 0.31, "size": 150.0}, {"op": "set", "side": "bid", "price": 0.23, "size": 263.68999999999994}]}
{"t": 1776976215.5757089, "events": [{"op": "set", "side": "bid", "price": 0.28, "size": 301.0}, {"op": "set", "side": "bid", "price": 0.29, "size": 359.0}, {"op": "set", "side": "bid", "price": 0.3, "size": 811.0}, {"op": "set", "side": "bid", "price": 0.23, "size": 15.999999999999943}, {"op": "set", "side": "ask", "price": 0.65, "size": 922.0}, {"op": "set", "side": "ask", "price": 0.66, "size": 4264.18}, {"op": "set", "side": "ask", "price": 0.67, "size": 612.81}]}
{"t": 1776976217.597552, "events": [{"op": "set", "side": "bid", "price": 0.29, "size": 347.0}, {"op": "set", "side": "bid", "price": 0.3, "size": 462.0}, {"op": "set", "side": "ask", "price": 0.67, "size": 409.80999999999995}]}
{"t": 1776976218.6080482, "events": [{"op": "set", "side": "bid", "price": 0.28, "size": 313.0}, {"op": "set", "side": "bid", "price": 0.29, "size": 321.0}, {"op": "set", "side": "bid", "price": 0.3, "size": 485.0}, {"op": "set", "side": "bid", "price": 0.23, "size": 115.99999999999994}, {"op": "set", "side": "ask", "price": 0.65, "size": 975.0}, {"op": "set", "side": "ask", "price": 0.66, "size": 4299.18}, {"op": "set", "side": "ask", "price": 0.67, "size": 680.81}]}
{"t": 1776976222.6332319, "events": [{"op": "set", "side": "bid", "price": 0.31, "size": 816.0}, {"op": "set", "side": "bid", "price": 0.28, "size": 467.0}, {"op": "delete", "side": "bid", "price": 0.29}, {"op": "set", "side": "bid", "price": 0.3, "size": 460.0}, {"op": "set", "side": "bid", "price": 0.23, "size": 182.99999999999994}, {"op": "set", "side": "ask", "price": 0.65, "size": 922.0}, {"op": "set", "side": "ask", "price": 0.66, "size": 4264.18}, {"op": "set", "side": "ask", "price": 0.67, "size": 409.80999999999995}]}
{"t": 1776976223.6436858, "events": [{"op": "set", "side": "bid", "price": 0.31, "size": 650.0}, {"op": "set", "side": "bid", "price": 0.28, "size": 404.0}, {"op": "set", "side": "bid", "price": 0.3, "size": 436.0}, {"op": "set", "side": "bid", "price": 0.29, "size": 25.0}, {"op": "set", "side": "ask", "price": 0.65, "size": 999.0}, {"op": "set", "side": "ask", "price": 0.66, "size": 4315.18}, {"op": "set", "side": "ask", "price": 0.67, "size": 710.81}]}
{"t": 1776976228.677294, "events": [{"op": "set", "side": "bid", "price": 0.23, "size": 437.99999999999994}]}
{"t": 1776976231.6930492, "events": [{"op": "set", "side": "bid", "price": 0.23, "size": 182.99999999999994}, {"op": "set", "side": "ask", "price": 0.67, "size": 562.5699999999999}]}
{"t": 1776976237.712051, "events": [{"op": "set", "side": "ask", "price": 0.61, "size": 330.91999999999996}]}
{"t": 1776976238.714187, "events": [{"op": "delete", "side": "bid", "price": 0.29}]}
{"t": 1776976239.7258828, "events": [{"op": "set", "side": "bid", "price": 0.29, "size": 25.0}]}
{"t": 1776976253.8076642, "events": [{"op": "delete", "side": "bid", "price": 0.29}]}
{"t": 1776976254.822479, "events": [{"op": "set", "side": "bid", "price": 0.31, "size": 150.0}, {"op": "set", "side": "bid", "price": 0.23, "size": 115.99999999999994}, {"op": "set", "side": "bid", "price": 0.29, "size": 25.0}, {"op": "set", "side": "ask", "price": 0.65, "size": 922.0}, {"op": "set", "side": "ask", "price": 0.66, "size": 4264.18}, {"op": "set", "side": "ask", "price": 0.67, "size": 260.56999999999994}]}
{"t": 1776976255.835129, "events": [{"op": "set", "side": "bid", "price": 0.28, "size": 334.0}, {"op": "set", "side": "bid", "price": 0.29, "size": 325.0}, {"op": "set", "side": "bid", "price": 0.3, "size": 757.0}, {"op": "delete", "side": "bid", "price": 0.15}, {"op": "set", "side": "bid", "price": 0.09, "size": 49.0}, {"op": "set", "side": "ask", "price": 0.61, "size": 422.91999999999996}, {"op": "set", "side": "ask", "price": 0.65, "size": 828.0}, {"op": "set", "side": "ask", "price": 0.66, "size": 4253.18}]}
{"t": 1776976258.864931, "events": [{"op": "set", "side": "bid", "price": 0.29, "size": 300.0}, {"op": "set", "side": "bid", "price": 0.3, "size": 781.0}, {"op": "set", "side": "ask", "price": 0.66, "size": 4225.150000000001}, {"op": "delete", "side": "ask", "price": 0.67}]}
{"t": 1776976259.875783, "events": [{"op": "set", "side": "bid", "price": 0.3, "size": 424.0}, {"op": "set", "side": "ask", "price": 0.67, "size": 1000.0}, {"op": "set", "side": "ask", "price": 0.61, "size": 330.91999999999996}, {"op": "set", "side": "ask", "price": 0.65, "size": 639.0}, {"op": "set", "side": "ask", "price": 0.66, "size": 3884.1500000000005}]}
{"t": 1776976260.885631, "events": [{"op": "set", "side": "ask", "price": 0.62, "size": 42.0}]}
{"t": 1776976262.903209, "events": [{"op": "set", "side": "ask", "price": 0.61, "size": 167.99999999999997}, {"op": "set", "side": "ask", "price": 0.63, "size": 157.72}]}
{"t": 1776976263.909769, "events": [{"op": "set", "side": "bid", "price": 0.3, "size": 423.0}, {"op": "delete", "side": "ask", "price": 0.62}, {"op": "set", "side": "ask", "price": 0.64, "size": 40.0}]}
{"t": 1776976264.9246562, "events": [{"op": "delete", "side": "ask", "price": 0.63}]}
{"t": 1776976268.9457762, "events": [{"op": "set", "side": "ask", "price": 0.61, "size": 330.91999999999996}, {"op": "set", "side": "ask", "price": 0.66, "size": 3921.1500000000005}, {"op": "delete", "side": "ask", "price": 0.64}]}
{"t": 1776976276.0147579, "events": [{"op": "delete", "side": "bid", "price": 0.29}, {"op": "set", "side": "bid", "price": 0.3, "size": 323.0}, {"op": "delete", "side": "ask", "price": 0.67}]}
{"t": 1776976277.039475, "events": [{"op": "set", "side": "bid", "price": 0.31, "size": 550.0}, {"op": "set", "side": "ask", "price": 0.66, "size": 4921.150000000001}]}
{"t": 1776976279.0620182, "events": [{"op": "set", "side": "bid", "price": 0.3, "size": 300.0}, {"op": "set", "side": "bid", "price": 0.29, "size": 25.0}]}
{"t": 1776976280.070851, "events": [{"op": "set", "side": "bid", "price": 0.31, "size": 150.0}, {"op": "set", "side": "bid", "price": 0.28, "size": 134.0}, {"op": "set", "side": "bid", "price": 0.23, "size": 15.999999999999943}, {"op": "set", "side": "ask", "price": 0.66, "size": 3921.1500000000005}]}
{"t": 1776976281.087897, "events": [{"op": "set", "side": "bid", "price": 0.29, "size": 26.0}, {"op": "set", "side": "bid", "price": 0.3, "size": 999.0}, {"op": "set", "side": "ask", "price": 0.67, "size": 1034.0}, {"op": "set", "side": "ask", "price": 0.61, "size": 167.99999999999997}, {"op": "set", "side": "ask", "price": 0.66, "size": 3884.1500000000005}]}
{"t": 1776976284.125754, "events": [{"op": "set", "side": "bid", "price": 0.29, "size": 1.0}, {"op": "set", "side": "bid", "price": 0.3, "size": 1022.0}]}
{"t": 1776976285.139929, "events": [{"op": "delete", "side": "bid", "price": 0.29}, {"op": "set", "side": "bid", "price": 0.3, "size": 23.0}, {"op": "set", "side": "bid", "price": 0.23, "size": 258.44999999999993}, {"op": "set", "side": "ask", "price": 0.61, "size": 330.91999999999996}, {"op": "set", "side": "ask", "price": 0.67, "size": 34.0}]}
{"t": 1776976287.161626, "events": [{"op": "set", "side": "bid", "price": 0.31, "size": 151.0}, {"op": "set", "side": "bid", "price": 0.32, "size": 999.0}, {"op": "set", "side": "ask", "price": 0.61, "size": 167.99999999999997}, {"op": "set", "side": "ask", "price": 0.66, "size": 3918.1500000000005}, {"op": "set", "side": "ask", "price": 0.67, "size": 1000.0}]}
{"t": 1776976289.1844962, "events": [{"op": "set", "side": "bid", "price": 0.23, "size": 15.999999999999943}, {"op": "delete", "side": "bid", "price": 0.3}, {"op": "set", "side": "ask", "price": 0.66, "size": 3884.1500000000005}]}
{"t": 1776976290.196137, "events": [{"op": "set", "side": "bid", "price": 0.29, "size": 26.0}, {"op": "set", "side": "ask", "price": 0.66, "size": 3918.1500000000005}]}
{"t": 1776976299.2527418, "events": [{"op": "set", "side": "bid", "price": 0.23, "size": 263.28}, {"op": "set", "side": "ask", "price": 0.61, "size": 330.91999999999996}]}
{"t": 1776976301.276474, "events": [{"op": "delete", "side": "bid", "price": 0.32}, {"op": "set", "side": "bid", "price": 0.31, "size": 150.0}, {"op": "set", "side": "bid", "price": 0.23, "size": 15.999999999999972}, {"op": "delete", "side": "bid", "price": 0.09}, {"op": "set", "side": "bid", "price": 0.15, "size": 54.0}, {"op": "delete", "side": "ask", "price": 0.67}]}
{"t": 1776976303.3065321, "events": [{"op": "delete", "side": "bid", "price": 0.29}, {"op": "set", "side": "ask", "price": 0.61, "size": 167.99999999999997}]}
{"t": 1776976304.313708, "events": [{"op": "set", "side": "bid", "price": 0.31, "size": 151.0}, {"op": "set", "side": "bid", "price": 0.32, "size": 999.0}, {"op": "set", "side": "bid", "price": 0.29, "size": 25.0}, {"op": "set", "side": "ask", "price": 0.66, "size": 4918.150000000001}]}
{"t": 1776976306.360851, "events": [{"op": "delete", "side": "bid", "price": 0.32}, {"op": "set", "side": "bid", "price": 0.31, "size": 150.0}, {"op": "set", "side": "ask", "price": 0.66, "size": 3918.1500000000005}]}
{"t": 1776976307.3653572, "events": [{"op": "set", "side": "bid", "price": 0.29, "size": 26.0}, {"op": "set", "side": "bid", "price": 0.3, "size": 999.0}, {"op": "set", "side": "ask", "price": 0.67, "size": 1000.0}]}
{"t": 1776976308.374354, "events": [{"op": "set", "side": "bid", "price": 0.29, "size": 1.0}, {"op": "set", "side": "ask", "price": 0.66, "size": 3884.1500000000005}, {"op": "set", "side": "ask", "price": 0.67, "size": 1034.0}]}
{"t": 1776976309.386129, "events": [{"op": "set", "side": "bid", "price": 0.3, "size": 1022.0}]}
{"t": 1776976310.395447, "events": [{"op": "set", "side": "ask", "price": 0.61, "size": 330.91999999999996}]}
{"t": 1776976313.409361, "events": [{"op": "set", "side": "bid", "price": 0.3, "size": 999.0}]}
{"t": 1776976314.4200819, "events": [{"op": "set", "side": "bid", "price": 0.3, "size": 1022.0}]}
{"t": 1776976318.442741, "events": [{"op": "set", "side": "bid", "price": 0.3, "size": 999.0}]}
{"t": 1776976319.457519, "events": [{"op": "set", "side": "bid", "price": 0.3, "size": 1022.0}]}
{"t": 1776976323.4797351, "events": [{"op": "set", "side": "bid", "price": 0.3, "size": 23.0}]}
{"t": 1776976324.50117, "events": [{"op": "set", "side": "bid", "price": 0.28, "size": 135.0}, {"op": "set", "side": "bid", "price": 0.29, "size": 999.0}]}
{"t": 1776976325.519989, "events": [{"op": "set", "side": "bid", "price": 0.23, "size": 263.86}]}
{"t": 1776976329.543661, "events": [{"op": "set", "side": "bid", "price": 0.23, "size": 16.0}, {"op": "set", "side": "ask", "price": 0.61, "size": 167.99999999999997}]}
{"t": 1776976332.56369, "events": [{"op": "set", "side": "bid", "price": 0.28, "size": 134.0}, {"op": "delete", "side": "bid", "price": 0.29}]}
{"t": 1776976333.587355, "events": [{"op": "set", "side": "bid", "price": 0.31, "size": 151.0}, {"op": "delete", "side": "bid", "price": 0.3}, {"op": "set", "side": "bid", "price": 0.32, "size": 999.0}, {"op": "set", "side": "ask", "price": 0.67, "size": 1000.0}]}
{"t": 1776976334.603316, "events": [{"op": "delete", "side": "bid", "price": 0.32}, {"op": "set", "side": "bid", "price": 0.31, "size": 150.0}, {"op": "set", "side": "bid", "price": 0.29, "size": 26.0}, {"op": "set", "side": "ask", "price": 0.66, "size": 3919.1500000000005}, {"op": "delete", "side": "ask", "price": 0.67}]}
{"t": 1776976336.625223, "events": [{"op": "set", "side": "bid", "price": 0.28, "size": 135.0}, {"op": "set", "side": "bid", "price": 0.29, "size": 1025.0}, {"op": "set", "side": "ask", "price": 0.66, "size": 4919.150000000001}]}
{"t": 1776976337.636217, "events": [{"op": "set", "side": "bid", "price": 0.23, "size": 259.77}, {"op": "set", "side": "ask", "price": 0.61, "size": 330.91999999999996}]}
{"t": 1776976339.6474261, "events": [{"op": "set", "side": "bid", "price": 0.28, "size": 134.0}, {"op": "set", "side": "bid", "price": 0.29, "size": 999.0}, {"op": "set", "side": "ask", "price": 0.66, "size": 3919.1500000000005}]}
{"t": 1776976340.6580539, "events": [{"op": "delete", "side": "bid", "price": 0.29}, {"op": "set", "side": "bid", "price": 0.3, "size": 23.0}, {"op": "set", "side": "ask", "price": 0.67, "size": 164.24}, {"op": "set", "side": "ask", "price": 0.61, "size": 167.99999999999997}]}
{"t": 1776976341.674314, "events": [{"op": "set", "side": "bid", "price": 0.3, "size": 689.0}, {"op": "delete", "side": "bid", "price": 0.15}, {"op": "set", "side": "bid", "price": 0.09, "size": 48.0}, {"op": "set", "side": "ask", "price": 0.66, "size": 3884.1500000000005}, {"op": "set", "side": "ask", "price": 0.67, "size": 1164.24}]}
{"t": 1776976342.686982, "events": [{"op": "set", "side": "bid", "price": 0.3, "size": 23.0}, {"op": "set", "side": "ask", "price": 0.67, "size": 1197.24}]}
{"t": 1776976344.703347, "events": [{"op": "set", "side": "ask", "price": 0.67, "size": 182.24}]}
{"t": 1776976350.768629, "events": [{"op": "set", "side": "bid", "price": 0.31, "size": 151.0}, {"op": "set", "side": "bid", "price": 0.32, "size": 999.0}, {"op": "set", "side": "ask", "price": 0.67, "size": 1182.24}]}
{"t": 1776976351.775647, "events": [{"op": "delete", "side": "bid", "price": 0.32}, {"op": "delete", "side": "bid", "price": 0.3}, {"op": "set", "side": "bid", "price": 0.31, "size": 150.0}, {"op": "set", "side": "ask", "price": 0.67, "size": 148.24}]}
{"t": 1776976352.80179, "events": [{"op": "set", "side": "bid", "price": 0.29, "size": 25.0}, {"op": "set", "side": "ask", "price": 0.67, "size": 183.24}]}
{"t": 1776976355.830212, "events": [{"op": "delete", "side": "bid", "price": 0.29}]}
{"t": 1776976356.839608, "events": [{"op": "set", "side": "bid", "price": 0.31, "size": 151.0}, {"op": "set", "side": "bid", "price": 0.32, "size": 999.0}, {"op": "set", "side": "bid", "price": 0.29, "size": 24.0}, {"op": "set", "side": "ask", "price": 0.67, "size": 1183.24}]}
{"t": 1776976357.858582, "events": [{"op": "set", "side": "bid", "price": 0.23, "size": 15.999999999999972}, {"op": "set", "side": "ask", "price": 0.67, "size": 1000.0}]}
{"t": 1776976358.871298, "events": [{"op": "set", "side": "ask", "price": 0.66, "size": 3918.1500000000005}]}
{"t": 1776976359.87871, "events": [{"op": "delete", "side": "bid", "price": 0.32}, {"op": "set", "side": "bid", "price": 0.31, "size": 150.0}, {"op": "delete", "side": "ask", "price": 0.67}]}
{"t": 1776976360.895073, "events": [{"op": "set", "side": "bid", "price": 0.29, "size": 1.0}, {"op": "set", "side": "bid", "price": 0.3, "size": 999.0}, {"op": "delete", "side": "ask", "price": 0.56}, {"op": "set", "side": "ask", "price": 0.66, "size": 4918.150000000001}]}
{"t": 1776976361.903726, "events": [{"op": "set", "side": "ask", "price": 0.61, "size": 330.91999999999996}]}
{"t": 1776976362.91397, "events": [{"op": "delete", "side": "bid", "price": 0.29}, {"op": "set", "side": "bid", "price": 0.3, "size": 1023.0}, {"op": "set", "side": "ask", "price": 0.66, "size": 3918.1500000000005}]}
{"t": 1776976363.930155, "events": [{"op": "set", "side": "bid", "price": 0.31, "size": 816.0}, {"op": "set", "side": "bid", "price": 0.3, "size": 357.0}, {"op": "set", "side": "ask", "price": 0.67, "size": 1000.0}, {"op": "set", "side": "ask", "price": 0.66, "size": 3884.1500000000005}]}
{"t": 1776976364.937811, "events": [{"op": "set", "side": "bid", "price": 0.3, "size": 333.0}, {"op": "set", "side": "ask", "price": 0.67, "size": 1033.0}]}
{"t": 1776976365.9445639, "events": [{"op": "set", "side": "bid", "price": 0.29, "size": 25.0}]}
{"t": 1776976370.9749482, "events": [{"op": "delete", "side": "bid", "price": 0.29}]}
{"t": 1776976371.985274, "events": [{"op": "set", "side": "bid", "price": 0.29, "size": 25.0}]}
{"t": 1776976375.010626, "events": [{"op": "delete", "side": "bid", "price": 0.29}]}
{"t": 1776976376.01981, "events": [{"op": "set", "side": "bid", "price": 0.29, "size": 25.0}]}
{"t": 1776976385.0620549, "events": [{"op": "delete", "side": "bid", "price": 0.29}, {"op": "set", "side": "bid", "price": 0.23, "size": 269.63}]}
{"t": 1776976386.068693, "events": [{"op": "set", "side": "bid", "price": 0.29, "size": 25.0}]}
{"t": 1776976387.075101, "events": [{"op": "set", "side": "bid", "price": 0.23, "size": 16.0}]}
{"t": 1776976390.085834, "events": [{"op": "set", "side": "bid", "price": 0.31, "size": 150.0}, {"op": "set", "side": "bid", "price": 0.29, "size": 1.0}, {"op": "set", "side": "bid", "price": 0.3, "size": 999.0}, {"op": "set", "side": "bid", "price": 0.23, "size": 256.3}, {"op": "delete", "side": "bid", "price": 0.09}, {"op": "set", "side": "bid", "price": 0.15, "size": 43.0}, {"op": "set", "side": "ask", "price": 0.67, "size": 1032.0}, {"op": "set", "side": "ask", "price": 0.68, "size": 1.0}]}
{"t": 1776976391.098208, "events": [{"op": "set", "side": "bid", "price": 0.3, "size": 1022.0}, {"op": "set", "side": "ask", "price": 0.61, "size": 167.99999999999997}]}
{"t": 1776976392.10567, "events": [{"op": "set", "side": "bid", "price": 0.23, "size": 16.0}]}
{"t": 1776976393.108543, "events": [{"op": "delete", "side": "bid", "price": 0.29}, {"op": "set", "side": "bid", "price": 0.3, "size": 23.0}, {"op": "set", "side": "bid", "price": 0.23, "size": 238.74}, {"op": "set", "side": "bid", "price": 0.09, "size": 14.0}, {"op": "set", "side": "ask", "price": 0.67, "size": 182.24}, {"op": "delete", "side": "ask", "price": 0.68}]}
{"t": 1776976394.119156, "events": [{"op": "set", "side": "bid", "price": 0.31, "size": 151.0}, {"op": "set", "side": "bid", "price": 0.32, "size": 999.0}, {"op": "set", "side": "ask", "price": 0.67, "size": 149.24}, {"op": "set", "side": "ask", "price": 0.66, "size": 4883.150000000001}]}
{"t": 1776976395.125777, "events": [{"op": "set", "side": "bid", "price": 0.23, "size": 16.0}, {"op": "delete", "side": "bid", "price": 0.3}, {"op": "set", "side": "ask", "price": 0.67, "size": 1.0}, {"op": "set", "side": "ask", "price": 0.62, "size": 160.28}, {"op": "set", "side": "ask", "price": 0.66, "size": 4917.150000000001}]}
{"t": 1776976396.130979, "events": [{"op": "set", "side": "bid", "price": 0.29, "size": 26.0}]}
{"t": 1776976400.151349, "events": [{"op": "delete", "side": "bid", "price": 0.29}, {"op": "set", "side": "bid", "price": 0.23, "size": 245.0}, {"op": "set", "side": "ask", "price": 0.58, "size": 250.0}]}
{"t": 1776976401.163003, "events": [{"op": "set", "side": "bid", "price": 0.29, "size": 26.0}]}
{"t": 1776976402.168892, "events": [{"op": "set", "side": "bid", "price": 0.23, "size": 16.0}]}
{"t": 1776976405.183253, "events": [{"op": "delete", "side": "bid", "price": 0.29}]}
{"t": 1776976406.18958, "events": [{"op": "set", "side": "bid", "price": 0.29, "size": 26.0}]}
{"t": 1776976410.218621, "events": [{"op": "set", "side": "bid", "price": 0.23, "size": 245.31}]}
{"t": 1776976415.243485, "events": [{"op": "delete", "side": "bid", "price": 0.29}, {"op": "set", "side": "ask", "price": 0.66, "size": 3918.1500000000005}]}
{"t": 1776976416.25911, "events": [{"op": "set", "side": "bid", "price": 0.32, "size": 666.0}, {"op": "set", "side": "bid", "price": 0.31, "size": 483.0}, {"op": "set", "side": "bid", "price": 0.29, "size": 26.0}, {"op": "set", "side": "ask", "price": 0.66, "size": 3884.1500000000005}, {"op": "set", "side": "ask", "price": 0.67, "size": 1030.0}]}
{"t": 1776976420.296268, "events": [{"op": "delete", "side": "bid", "price": 0.29}]}
{"t": 1776976421.30323, "events": [{"op": "set", "side": "bid", "price": 0.23, "size": 16.0}, {"op": "set", "side": "bid", "price": 0.29, "size": 26.0}, {"op": "delete", "side": "ask", "price": 0.62}]}
{"t": 1776976423.3098712, "events": [{"op": "delete", "side": "bid", "price": 0.32}, {"op": "set", "side": "bid", "price": 0.29, "size": 27.0}, {"op": "set", "side": "bid", "price": 0.31, "size": 150.0}, {"op": "set", "side": "bid", "price": 0.3, "size": 999.0}, {"op": "set", "side": "ask", "price": 0.67, "size": 1029.0}, {"op": "set", "side": "ask", "price": 0.58, "size": 234.0}, {"op": "set", "side": "ask", "price": 0.68, "size": 1.0}]}
{"t": 1776976425.340163, "events": [{"op": "set", "side": "bid", "price": 0.29, "size": 25.0}, {"op": "delete", "side": "bid", "price": 0.3}, {"op": "delete", "side": "ask", "price": 0.28}, {"op": "set", "side": "ask", "price": 0.67, "size": 30.0}, {"op": "delete", "side": "ask", "price": 0.68}, {"op": "set", "side": "ask", "price": 0.32, "size": 39.0}]}
{"t": 1776976428.364198, "events": [{"op": "set", "side": "bid", "price": 0.31, "size": 151.0}, {"op": "set", "side": "bid", "price": 0.32, "size": 999.0}, {"op": "set", "side": "ask", "price": 0.67, "size": 1030.0}]}
{"t": 1776976429.3717241, "events": [{"op": "set", "side": "ask", "price": 0.31, "size": 7.0}, {"op": "set", "side": "ask", "price": 0.67, "size": 1000.0}, {"op": "set", "side": "ask", "price": 0.28, "size": 13.0}, {"op": "set", "side": "ask", "price": 0.62, "size": 160.28}, {"op": "set", "side": "ask", "price": 0.66, "size": 3918.1500000000005}]}
{"t": 1776976430.376935, "events": [{"op": "delete", "side": "bid", "price": 0.32}, {"op": "delete", "side": "bid", "price": 0.29}, {"op": "set", "side": "bid", "price": 0.31, "size": 150.0}, {"op": "set", "side": "bid", "price": 0.23, "size": 248.75}, {"op": "set", "side": "ask", "price": 0.66, "size": 3884.1500000000005}, {"op": "delete", "side": "ask", "price": 0.67}]}
{"t": 1776976431.391558, "events": [{"op": "set", "side": "bid", "price": 0.16, "size": 103.64}, {"op": "delete", "side": "bid", "price": 0.15}, {"op": "delete", "side": "bid", "price": 0.09}, {"op": "set", "side": "bid", "price": 0.3, "size": 999.0}, {"op": "set", "side": "bid", "price": 0.29, "size": 26.0}, {"op": "set", "side": "ask", "price": 0.66, "size": 4884.150000000001}, {"op": "delete", "side": "ask", "price": 0.62}, {"op": "set", "side": "ask", "price": 0.67, "size": 148.24}, {"op": "set", "side": "ask", "price": 0.68, "size": 30.0}]}
{"t": 1776976433.407309, "events": [{"op": "set", "side": "bid", "price": 0.23, "size": 16.0}, {"op": "set", "side": "bid", "price": 0.09, "size": 38.0}]}
{"t": 1776976435.41402, "events": [{"op": "set", "side": "bid", "price": 0.29, "size": 1.0}, {"op": "delete", "side": "ask", "price": 0.68}]}
{"t": 1776976436.4190028, "events": [{"op": "set", "side": "bid", "price": 0.3, "size": 24.0}, {"op": "set", "side": "ask", "price": 0.66, "size": 3884.1500000000005}, {"op": "set", "side": "ask", "price": 0.67, "size": 181.24}]}
{"t": 1776976437.425882, "events": [{"op": "set", "side": "bid", "price": 0.28, "size": 135.0}, {"op": "set", "side": "bid", "price": 0.29, "size": 999.0}, {"op": "set", "side": "ask", "price": 0.67, "size": 1181.24}]}
{"t": 1776976438.4467258, "events": [{"op": "set", "side": "bid", "price": 0.28, "size": 134.0}, {"op": "delete", "side": "bid", "price": 0.29}, {"op": "set", "side": "ask", "price": 0.67, "size": 1180.24}]}
{"t": 1776976439.456811, "events": [{"op": "set", "side": "bid", "price": 0.31, "size": 1149.0}, {"op": "set", "side": "bid", "price": 0.3, "size": 25.0}, {"op": "set", "side": "ask", "price": 0.68, "size": 1.0}]}
{"t": 1776976440.468045, "events": [{"op": "set", "side": "bid", "price": 0.23, "size": 249.12}, {"op": "set", "side": "bid", "price": 0.3, "size": 1.0}, {"op": "set", "side": "bid", "price": 0.29, "size": 26.0}]}
{"t": 1776976442.480271, "events": [{"op": "delete", "side": "bid", "price": 0.3}]}
{"t": 1776976443.4918458, "events": [{"op": "set", "side": "bid", "price": 0.31, "size": 150.0}, {"op": "set", "side": "bid", "price": 0.29, "size": 27.0}, {"op": "set", "side": "bid", "price": 0.3, "size": 999.0}, {"op": "set", "side": "ask", "price": 0.66, "size": 4883.150000000001}, {"op": "set", "side": "ask", "price": 0.67, "size": 182.24}, {"op": "delete", "side": "ask", "price": 0.68}]}
{"t": 1776976444.5010781, "events": [{"op": "set", "side": "bid", "price": 0.23, "size": 16.0}, {"op": "set", "side": "ask", "price": 0.67, "size": 34.0}]}
{"t": 1776976445.5077739, "events": [{"op": "set", "side": "bid", "price": 0.29, "size": 1.0}, {"op": "set", "side": "bid", "price": 0.3, "size": 1023.0}]}
{"t": 1776976450.5300539, "events": [{"op": "set", "side": "bid", "price": 0.3, "size": 999.0}]}
{"t": 1776976451.535392, "events": [{"op": "set", "side": "bid", "price": 0.3, "size": 24.0}]}
{"t": 1776976452.543754, "events": [{"op": "set", "side": "ask", "price": 0.66, "size": 4384.150000000001}]}
{"t": 1776976453.5542011, "events": [{"op": "set", "side": "bid", "price": 0.28, "size": 135.0}, {"op": "set", "side": "bid", "price": 0.29, "size": 999.0}, {"op": "set", "side": "ask", "price": 0.67, "size": 533.0}]}
{"t": 1776976455.5719721, "events": [{"op": "set", "side": "bid", "price": 0.31, "size": 1149.0}, {"op": "set", "side": "bid", "price": 0.28, "size": 134.0}, {"op": "set", "side": "bid", "price": 0.29, "size": 26.0}, {"op": "set", "side": "bid", "price": 0.3, "size": 1.0}, {"op": "set", "side": "bid", "price": 0.23, "size": 66.0}]}
{"t": 1776976457.590011, "events": [{"op": "set", "side": "bid", "price": 0.31, "size": 150.0}]}
{"t": 1776976459.62, "events": [{"op": "set", "side": "bid", "price": 0.29, "size": 27.0}, {"op": "set", "side": "bid", "price": 0.3, "size": 999.0}]}
{"t": 1776976460.625124, "events": [{"op": "set", "side": "bid", "price": 0.29, "size": 1.0}, {"op": "set", "side": "bid", "price": 0.3, "size": 1023.0}]}
{"t": 1776976461.631319, "events": [{"op": "set", "side": "bid", "price": 0.3, "size": 24.0}]}
{"t": 1776976462.638276, "events": [{"op": "set", "side": "bid", "price": 0.28, "size": 135.0}, {"op": "set", "side": "bid", "price": 0.29, "size": 999.0}, {"op": "set", "side": "bid", "price": 0.3, "size": 74.0}, {"op": "set", "side": "bid", "price": 0.23, "size": 16.0}]}
{"t": 1776976465.66493, "events": [{"op": "set", "side": "bid", "price": 0.28, "size": 134.0}, {"op": "set", "side": "bid", "price": 0.29, "size": 25.0}, {"op": "delete", "side": "bid", "price": 0.3}, {"op": "set", "side": "ask", "price": 0.31, "size": 49.0}, {"op": "delete", "side": "ask", "price": 0.32}, {"op": "set", "side": "ask", "price": 0.66, "size": 3884.1500000000005}, {"op": "set", "side": "ask", "price": 0.67, "size": 33.0}]}
{"t": 1776976467.6886039, "events": [{"op": "set", "side": "bid", "price": 0.31, "size": 151.0}, {"op": "set", "side": "bid", "price": 0.32, "size": 999.0}, {"op": "set", "side": "ask", "price": 0.67, "size": 1033.0}]}
{"t": 1776976468.700096, "events": [{"op": "set", "side": "ask", "price": 0.67, "size": 1000.0}, {"op": "set", "side": "ask", "price": 0.66, "size": 3917.1500000000005}]}
{"t": 1776976470.713255, "events": [{"op": "set", "side": "bid", "price": 0.29, "size": 26.0}]}
{"t": 1776976472.725442, "events": [{"op": "delete", "side": "bid", "price": 0.32}, {"op": "set", "side": "bid", "price": 0.29, "size": 27.0}, {"op": "set", "side": "bid", "price": 0.31, "size": 150.0}, {"op": "set", "side": "bid", "price": 0.16, "size": 88.64}, {"op": "set", "side": "bid", "price": 0.3, "size": 999.0}, {"op": "set", "side": "bid", "price": 0.11, "size": 18.0}, {"op": "delete", "side": "ask", "price": 0.67}, {"op": "set", "side": "ask", "price": 0.58, "size": 300.0}, {"op": "set", "side": "ask", "price": 0.66, "size": 4917.150000000001}]}
{"t": 1776976473.738061, "events": [{"op": "set", "side": "bid", "price": 0.23, "size": 66.0}]}
{"t": 1776976474.742902, "events": [{"op": "set", "side": "bid", "price": 0.29, "size": 1.0}]}
{"t": 1776976475.752197, "events": [{"op": "set", "side": "bid", "price": 0.3, "size": 1023.0}]}
{"t": 1776976476.758684, "events": [{"op": "set", "side": "ask", "price": 0.61, "size": 330.91999999999996}]}
{"t": 1776976477.761339, "events": [{"op": "delete", "side": "bid", "price": 0.29}, {"op": "set", "side": "bid", "price": 0.3, "size": 24.0}, {"op": "set", "side": "ask", "price": 0.66, "size": 3917.1500000000005}]}
{"t": 1776976478.778097, "events": [{"op": "delete", "side": "bid", "price": 0.09}, {"op": "set", "side": "bid", "price": 0.15, "size": 38.0}, {"op": "set", "side": "ask", "price": 0.61, "size": 167.99999999999997}]}
{"t": 1776976479.7830348, "events": [{"op": "delete", "side": "bid", "price": 0.3}]}
{"t": 1776976480.793513, "events": [{"op": "set", "side": "bid", "price": 0.28, "size": 135.0}, {"op": "set", "side": "bid", "price": 0.23, "size": 16.0}, {"op": "set", "side": "bid", "price": 0.29, "size": 1024.0}, {"op": "set", "side": "ask", "price": 0.66, "size": 4917.150000000001}]}
{"t": 1776976484.820907, "events": [{"op": "set", "side": "bid", "price": 0.28, "size": 134.0}, {"op": "set", "side": "bid", "price": 0.29, "size": 358.0}, {"op": "set", "side": "ask", "price": 0.66, "size": 3917.1500000000005}]}
{"t": 1776976485.858399, "events": [{"op": "set", "side": "bid", "price": 0.29, "size": 333.0}, {"op": "set", "side": "bid", "price": 0.3, "size": 690.0}, {"op": "set", "side": "ask", "price": 0.67, "size": 1033.0}, {"op": "set", "side": "ask", "price": 0.66, "size": 3884.1500000000005}]}
{"t": 1776976486.877176, "events": [{"op": "set", "side": "ask", "price": 0.61, "size": 330.91999999999996}]}
{"t": 1776976489.887844, "events": [{"op": "set", "side": "bid", "price": 0.3, "size": 666.0}, {"op": "set", "side": "bid", "price": 0.22, "size": 150.0}]}
{"t": 1776976490.901129, "events": [{"op": "set", "side": "bid", "price": 0.3, "size": 23.0}, {"op": "set", "side": "bid", "price": 0.23, "size": 66.0}, {"op": "set", "side": "bid", "price": 0.22, "size": 100.0}]}
{"t": 1776976491.914994, "events": [{"op": "set", "side": "bid", "price": 0.28, "size": 135.0}, {"op": "set", "side": "bid", "price": 0.29, "size": 999.0}, {"op": "set", "side": "bid", "price": 0.23, "size": 16.0}, {"op": "set", "side": "ask", "price": 0.58, "size": 284.0}]}
{"t": 1776976499.969461, "events": [{"op": "delete", "side": "bid", "price": 0.3}]}
{"t": 1776976500.976686, "events": [{"op": "set", "side": "bid", "price": 0.3, "size": 23.0}]}
{"t": 1776976504.995602, "events": [{"op": "set", "side": "bid", "price": 0.28, "size": 134.0}, {"op": "delete", "side": "bid", "price": 0.29}, {"op": "delete", "side": "bid", "price": 0.3}, {"op": "set", "side": "bid", "price": 0.23, "size": 240.06}, {"op": "set", "side": "ask", "price": 0.61, "size": 167.99999999999997}]}
{"t": 1776976506.004798, "events": [{"op": "set", "side": "bid", "price": 0.31, "size": 1149.0}, {"op": "set", "side": "bid", "price": 0.29, "size": 24.0}, {"op": "set", "side": "bid", "price": 0.3, "size": 1.0}, {"op": "set", "side": "ask", "price": 0.67, "size": 1032.0}, {"op": "set", "side": "ask", "price": 0.68, "size": 1.0}]}
{"t": 1776976509.028773, "events": [{"op": "set", "side": "bid", "price": 0.23, "size": 16.0}]}
{"t": 1776976510.0364318, "events": [{"op": "delete", "side": "bid", "price": 0.29}]}
{"t": 1776976511.044847, "events": [{"op": "set", "side": "bid", "price": 0.29, "size": 26.0}]}
{"t": 1776976515.079541, "events": [{"op": "set", "side": "bid", "price": 0.23, "size": 32.0}, {"op": "set", "side": "bid", "price": 0.09, "size": 2777.0}, {"op": "delete", "side": "bid", "price": 0.08}, {"op": "delete", "side": "ask", "price": 0.27}, {"op": "set", "side": "ask", "price": 0.29, "size": 3294.0}, {"op": "set", "side": "ask", "price": 0.58, "size": 300.0}]}
{"t": 1776976520.122738, "events": [{"op": "delete", "side": "bid", "price": 0.29}]}
{"t": 1776976521.1357608, "events": [{"op": "set", "side": "bid", "price": 0.31, "size": 150.0}, {"op": "set", "side": "bid", "price": 0.28, "size": 135.0}, {"op": "delete", "side": "bid", "price": 0.3}, {"op": "set", "side": "bid", "price": 0.16, "size": 107.64}, {"op": "delete", "side": "bid", "price": 0.11}, {"op": "set", "side": "bid", "price": 0.29, "size": 1025.0}, {"op": "delete", "side": "ask", "price": 0.28}, {"op": "set", "side": "ask", "price": 0.66, "size": 4883.150000000001}, {"op": "set", "side": "ask", "price": 0.67, "size": 34.0}, {"op": "delete", "side": "ask", "price": 0.68}, {"op": "set", "side": "ask", "price": 0.01, "size": 86.0}, {"op": "set", "side": "ask", "price": 0.58, "size": 234.0}]}
{"t": 1776976522.1437619, "events": [{"op": "set", "side": "bid", "price": 0.23, "size": 253.69}, {"op": "set", "side": "ask", "price": 0.61, "size": 330.91999999999996}]}
{"t": 1776976525.156095, "events": [{"op": "set", "side": "bid", "price": 0.29, "size": 999.0}, {"op": "set", "side": "ask", "price": 0.67, "size": 84.0}]}
{"t": 1776976526.162179, "events": [{"op": "set", "side": "bid", "price": 0.23, "size": 16.0}, {"op": "set", "side": "bid", "price": 0.3, "size": 23.0}]}
{"t": 1776976531.1844459, "events": [{"op": "delete", "side": "bid", "price": 0.15}, {"op": "set", "side": "bid", "price": 0.11, "size": 35.0}]}
{"t": 1776976535.199321, "events": [{"op": "delete", "side": "bid", "price": 0.3}]}
{"t": 1776976536.203557, "events": [{"op": "set", "side": "bid", "price": 0.28, "size": 134.0}, {"op": "delete", "side": "bid", "price": 0.29}, {"op": "set", "side": "bid", "price": 0.3, "size": 23.0}, {"op": "set", "side": "ask", "price": 0.67, "size": 83.0}, {"op": "set", "side": "ask", "price": 0.66, "size": 3884.1500000000005}]}
{"t": 1776976538.221212, "events": [{"op": "set", "side": "bid", "price": 0.31, "size": 151.0}, {"op": "set", "side": "bid", "price": 0.32, "size": 999.0}, {"op": "set", "side": "ask", "price": 0.67, "size": 1000.0}]}
{"t": 1776976539.2303119, "events": [{"op": "set", "side": "ask", "price": 0.58, "size": 284.0}, {"op": "set", "side": "ask", "price": 0.66, "size": 3918.1500000000005}]}
{"t": 1776976540.237312, "events": [{"op": "delete", "side": "bid", "price": 0.32}, {"op": "delete", "side": "bid", "price": 0.3}, {"op": "set", "side": "ask", "price": 0.61, "size": 167.99999999999997}, {"op": "delete", "side": "ask", "price": 0.67}, {"op": "set", "side": "ask", "price": 0.66, "size": 3884.1500000000005}]}
{"t": 1776976541.245595, "events": [{"op": "set", "side": "bid", "price": 0.29, "size": 25.0}, {"op": "set", "side": "ask", "price": 0.58, "size": 234.0}, {"op": "set", "side": "ask", "price": 0.67, "size": 85.0}]}
{"t": 1776976542.257569, "events": [{"op": "delete", "side": "bid", "price": 0.31}, {"op": "delete", "side": "bid", "price": 0.28}, {"op": "set", "side": "bid", "price": 0.23, "size": 253.13}, {"op": "delete", "side": "bid", "price": 0.29}, {"op": "set", "side": "ask", "price": 0.67, "size": 233.24}]}
{"t": 1776976544.27052, "events": [{"op": "set", "side": "bid", "price": 0.31, "size": 998.0}, {"op": "set", "side": "bid", "price": 0.3, "size": 1.0}, {"op": "set", "side": "bid", "price": 0.24, "size": 50.0}, {"op": "set", "side": "ask", "price": 0.67, "size": 249.24}, {"op": "set", "side": "ask", "price": 0.01, "size": 70.0}, {"op": "set", "side": "ask", "price": 0.32, "size": 16.0}, {"op": "set", "side": "ask", "price": 0.66, "size": 4884.150000000001}]}
{"t": 1776976545.305117, "events": [{"op": "delete", "side": "bid", "price": 0.31}, {"op": "set", "side": "bid", "price": 0.23, "size": 223.98}, {"op": "delete", "side": "bid", "price": 0.3}, {"op": "set", "side": "bid", "price": 0.25, "size": 28.0}, {"op": "set", "side": "ask", "price": 0.66, "size": 3884.1500000000005}]}
{"t": 1776976546.315924, "events": [{"op": "set", "side": "bid", "price": 0.25, "size": 1027.0}, {"op": "set", "side": "bid", "price": 0.24, "size": 1.0}, {"op": "set", "side": "ask", "price": 0.67, "size": 1249.24}]}
{"t": 1776976547.325418, "events": [{"op": "set", "side": "bid", "price": 0.23, "size": 16.0}, {"op": "set", "side": "bid", "price": 0.26, "size": 248.2}]}
{"t": 1776976548.331649, "events": [{"op": "delete", "side": "bid", "price": 0.24}]}
{"t": 1776976549.3694139, "events": [{"op": "set", "side": "bid", "price": 0.25, "size": 361.0}]}
{"t": 1776976550.374534, "events": [{"op": "set", "side": "bid", "price": 0.26, "size": 940.2}, {"op": "set", "side": "bid", "price": 0.25, "size": 333.0}, {"op": "set", "side": "bid", "price": 0.16, "size": 88.64}, {"op": "set", "side": "bid", "price": 0.1, "size": 271.0}]}
{"t": 1776976552.38733, "events": [{"op": "set", "side": "bid", "price": 0.26, "size": 607.2}, {"op": "delete", "side": "bid", "price": 0.25}, {"op": "set", "side": "bid", "price": 0.27, "size": 666.0}]}
{"t": 1776976555.404792, "events": [{"op": "set", "side": "bid", "price": 0.26, "size": 581.2}]}
{"t": 1776976556.4166641, "events": [{"op": "set", "side": "bid", "price": 0.21, "size": 150.0}, {"op": "set", "side": "bid", "price": 0.24, "size": 28.0}]}
{"t": 1776976560.430049, "events": [{"op": "delete", "side": "bid", "price": 0.24}]}
{"t": 1776976561.438821, "events": [{"op": "set", "side": "bid", "price": 0.27, "size": 691.0}, {"op": "set", "side": "ask", "price": 0.67, "size": 1000.0}, {"op": "set", "side": "ask", "price": 0.68, "size": 750.0}, {"op": "set", "side": "ask", "price": 0.69, "size": 143.91}]}
{"t": 1776976562.4563148, "events": [{"op": "set", "side": "ask", "price": 0.69, "size": 177.91}]}
{"t": 1776976565.468847, "events": [{"op": "delete", "side": "ask", "price": 0.67}]}
{"t": 1776976566.4827142, "events": [{"op": "set", "side": "ask", "price": 0.69, "size": 1177.91}]}
{"t": 1776976569.49947, "events": [{"op": "delete", "side": "bid", "price": 0.27}, {"op": "set", "side": "bid", "price": 0.26, "size": 5.684341886080802e-14}, {"op": "set", "side": "bid", "price": 0.21, "size": 100.0}, {"op": "set", "side": "ask", "price": 0.69, "size": 177.91000000000008}]}
{"t": 1776976570.521151, "events": [{"op": "set", "side": "ask", "price": 0.69, "size": 34.000000000000085}]}
{"t": 1776976572.538016, "events": [{"op": "set", "side": "bid", "price": 0.22, "size": 127.0}]}
{"t": 1776976573.54511, "events": [{"op": "set", "side": "bid", "price": 0.23, "size": 247.16}, {"op": "set", "side": "ask", "price": 0.69, "size": 264.1600000000001}]}
{"t": 1776976575.5694778, "events": [{"op": "set", "side": "bid", "price": 0.22, "size": 100.0}]}
{"t": 1776976576.575867, "events": [{"op": "set", "side": "bid", "price": 0.22, "size": 127.0}, {"op": "set", "side": "ask", "price": 0.69, "size": 231.16000000000008}, {"op": "set", "side": "ask", "price": 0.7, "size": 26.78}]}
{"t": 1776976577.582925, "events": [{"op": "set", "side": "ask", "price": 0.7, "size": 64.78}]}
{"t": 1776976581.6204429, "events": [{"op": "set", "side": "bid", "price": 0.23, "size": 257.15999999999997}, {"op": "set", "side": "ask", "price": 0.01, "size": 85.0}]}
{"t": 1776976585.646488, "events": [{"op": "set", "side": "bid", "price": 0.22, "size": 100.0}, {"op": "set", "side": "bid", "price": 0.23, "size": 284.15999999999997}]}
{"t": 1776976590.681835, "events": [{"op": "set", "side": "ask", "price": 0.01, "size": 135.0}]}
{"t": 1776976591.6983402, "events": [{"op": "set", "side": "bid", "price": 0.23, "size": 334.15999999999997}, {"op": "set", "side": "bid", "price": 0.11, "size": 85.0}, {"op": "set", "side": "bid", "price": 0.15, "size": 30.0}]}
{"t": 1776976592.712306, "events": [{"op": "set", "side": "ask", "price": 0.62, "size": 30.0}]}
{"t": 1776976599.750893, "events": [{"op": "set", "side": "bid", "price": 0.23, "size": 390.22999999999996}]}
{"t": 1776976650.106755, "events": [{"op": "set", "side": "ask", "price": 0.7, "size": 88.0}]}
{"t": 1776976739.229032, "events": [{"op": "set", "side": "ask", "price": 0.7, "size": 73.0}]}
{"t": 1776976904.13005, "events": [{"op": "set", "side": "ask", "price": 0.01, "size": 65.0}]}
{"t": 1776976905.158245, "events": [{"op": "set", "side": "bid", "price": 0.02, "size": 15.0}, {"op": "set", "side": "ask", "price": 0.03, "size": 34.0}]}
{"t": 1776976922.498913, "events": [{"op": "set", "side": "bid", "price": 0.23, "size": 284.15999999999997}, {"op": "set", "side": "bid", "price": 0.24, "size": 5.0}, {"op": "set", "side": "ask", "price": 0.7, "size": 88.0}, {"op": "set", "side": "ask", "price": 0.01, "size": 50.0}]}
{"t": 1776976941.7294898, "events": [{"op": "set", "side": "bid", "price": 0.23, "size": 274.15999999999997}, {"op": "set", "side": "ask", "price": 0.7, "size": 73.0}]}
{"t": 1776976943.753908, "events": [{"op": "set", "side": "ask", "price": 0.7, "size": 23.0}]}
{"t": 1776976950.802366, "events": [{"op": "delete", "side": "bid", "price": 0.15}, {"op": "set", "side": "bid", "price": 0.11, "size": 35.0}, {"op": "delete", "side": "ask", "price": 0.62}, {"op": "delete", "side": "ask", "price": 0.01}]}
{"t": 1776976970.939878, "events": [{"op": "set", "side": "bid", "price": 0.23, "size": 1274.1599999999999}, {"op": "set", "side": "ask", "price": 0.69, "size": 8.526512829121202e-14}, {"op": "set", "side": "ask", "price": 0.7, "size": 4.0}, {"op": "set", "side": "ask", "price": 0.71, "size": 996.0}, {"op": "set", "side": "ask", "price": 0.72, "size": 247.2}, {"op": "set", "side": "ask", "price": 0.73, "size": 32.0}]}
{"t": 1776976976.001222, "events": [{"op": "delete", "side": "ask", "price": 0.7}, {"op": "delete", "side": "ask", "price": 0.71}]}
{"t": 1776976977.017309, "events": [{"op": "set", "side": "ask", "price": 0.69, "size": 40.000000000000085}, {"op": "set", "side": "ask", "price": 0.73, "size": 4.0}, {"op": "set", "side": "ask", "price": 0.74, "size": 996.0}]}
{"t": 1776976979.055949, "events": [{"op": "delete", "side": "ask", "price": 0.74}]}
{"t": 1776976980.067904, "events": [{"op": "set", "side": "ask", "price": 0.72, "size": 251.2}, {"op": "set", "side": "ask", "price": 0.73, "size": 996.0}]}
{"t": 1776976981.073195, "events": [{"op": "set", "side": "ask", "price": 0.72, "size": 4.0}, {"op": "set", "side": "ask", "price": 0.74, "size": 240.7}]}
{"t": 1776976982.084939, "events": [{"op": "set", "side": "ask", "price": 0.69, "size": 8.526512829121202e-14}, {"op": "set", "side": "ask", "price": 0.74, "size": 272.7}]}
{"t": 1776976992.1589901, "events": [{"op": "set", "side": "ask", "price": 0.31, "size": 20.0}, {"op": "delete", "side": "ask", "price": 0.32}, {"op": "set", "side": "ask", "price": 0.69, "size": 289.20000000000005}, {"op": "set", "side": "ask", "price": 0.75, "size": 1026.0}, {"op": "delete", "side": "ask", "price": 0.72}, {"op": "delete", "side": "ask", "price": 0.73}, {"op": "set", "side": "ask", "price": 0.74, "size": 4.0}]}
{"t": 1776976997.2072861, "events": [{"op": "set", "side": "bid", "price": 0.24, "size": 8.0}, {"op": "set", "side": "bid", "price": 0.22, "size": 1432.0}, {"op": "set", "side": "bid", "price": 0.23, "size": 708.9999999999999}, {"op": "set", "side": "bid", "price": 0.21, "size": 301.4}, {"op": "set", "side": "bid", "price": 0.15, "size": 7.89}, {"op": "set", "side": "ask", "price": 0.69, "size": 290.20000000000005}, {"op": "set", "side": "ask", "price": 0.75, "size": 1028.0}, {"op": "delete", "side": "ask", "price": 0.74}]}
{"t": 1776976998.230459, "events": [{"op": "set", "side": "ask", "price": 0.75, "size": 998.0}]}
{"t": 1776976999.238602, "events": [{"op": "set", "side": "ask", "price": 0.69, "size": 43.00000000000006}, {"op": "set", "side": "ask", "price": 0.7, "size": 42.0}, {"op": "set", "side": "ask", "price": 0.71, "size": 247.2}]}
{"t": 1776977002.2822442, "events": [{"op": "delete", "side": "ask", "price": 0.7}, {"op": "delete", "side": "ask", "price": 0.71}, {"op": "set", "side": "ask", "price": 0.72, "size": 39.0}]}
{"t": 1776977007.304636, "events": [{"op": "set", "side": "ask", "price": 0.7, "size": 42.0}, {"op": "delete", "side": "ask", "price": 0.72}]}
{"t": 1776977009.313969, "events": [{"op": "set", "side": "bid", "price": 0.24, "size": 7.0}, {"op": "set", "side": "bid", "price": 0.22, "size": 1090.0}, {"op": "set", "side": "bid", "price": 0.23, "size": 543.9999999999999}, {"op": "set", "side": "bid", "price": 0.21, "size": 99.99999999999997}, {"op": "delete", "side": "bid", "price": 0.15}, {"op": "set", "side": "ask", "price": 0.66, "size": 3892.1500000000005}, {"op": "set", "side": "ask", "price": 0.69, "size": 67.00000000000006}, {"op": "delete", "side": "ask", "price": 0.75}, {"op": "set", "side": "ask", "price": 0.68, "size": 767.0}, {"op": "set", "side": "ask", "price": 0.7, "size": 80.0}, {"op": "set", "side": "ask", "price": 0.71, "size": 982.0}]}
{"t": 1776977012.346987, "events": [{"op": "set", "side": "ask", "price": 0.7, "size": 38.0}]}
{"t": 1776977013.4125519, "events": [{"op": "set", "side": "ask", "price": 0.72, "size": 36.0}]}
{"t": 1776977014.428458, "events": [{"op": "set", "side": "bid", "price": 0.23, "size": 795.2099999999999}, {"op": "set", "side": "ask", "price": 0.69, "size": 25.000000000000057}, {"op": "set", "side": "ask", "price": 0.72, "size": 283.2}, {"op": "set", "side": "ask", "price": 0.32, "size": 20.0}]}
{"t": 1776977022.481051, "events": [{"op": "set", "side": "bid", "price": 0.22, "size": 599.0}, {"op": "set", "side": "ask", "price": 0.66, "size": 3884.1500000000005}, {"op": "set", "side": "ask", "price": 0.69, "size": 5.684341886080802e-14}, {"op": "set", "side": "ask", "price": 0.68, "size": 751.0}, {"op": "delete", "side": "ask", "price": 0.7}, {"op": "delete", "side": "ask", "price": 0.71}]}
{"t": 1776977023.497673, "events": [{"op": "set", "side": "bid", "price": 0.23, "size": 546.9999999999999}, {"op": "set", "side": "bid", "price": 0.21, "size": 333.80999999999995}, {"op": "set", "side": "ask", "price": 0.72, "size": 336.00000000000006}, {"op": "set", "side": "ask", "price": 0.73, "size": 986.0}, {"op": "set", "side": "ask", "price": 0.74, "size": 280.2}]}
{"t": 1776977024.50718, "events": [{"op": "set", "side": "bid", "price": 0.23, "size": 543.9999999999999}, {"op": "set", "side": "ask", "price": 0.72, "size": 5.684341886080802e-14}, {"op": "delete", "side": "ask", "price": 0.73}]}
{"t": 1776977025.520211, "events": [{"op": "set", "side": "bid", "price": 0.24, "size": 234.36}, {"op": "set", "side": "bid", "price": 0.22, "size": 434.0}, {"op": "set", "side": "bid", "price": 0.23, "size": 514.9999999999999}, {"op": "set", "side": "bid", "price": 0.21, "size": 1081.0}, {"op": "set", "side": "ask", "price": 0.31, "size": 7.0}, {"op": "set", "side": "ask", "price": 0.69, "size": 255.36000000000007}, {"op": "set", "side": "ask", "price": 0.75, "size": 985.0}, {"op": "set", "side": "ask", "price": 0.74, "size": 369.0}]}
{"t": 1776977026.53603, "events": [{"op": "set", "side": "bid", "price": 0.23, "size": 536.9999999999999}]}
{"t": 1776977027.54447, "events": [{"op": "set", "side": "bid", "price": 0.24, "size": 5.0}, {"op": "set", "side": "bid", "price": 0.22, "size": 100.0}, {"op": "set", "side": "bid", "price": 0.23, "size": 234.8299999999999}, {"op": "set", "side": "bid", "price": 0.21, "size": 100.0}, {"op": "set", "side": "ask", "price": 0.69, "size": 246.83000000000007}, {"op": "delete", "side": "ask", "price": 0.75}, {"op": "set", "side": "ask", "price": 0.68, "size": 750.0}, {"op": "delete", "side": "ask", "price": 0.74}]}
{"t": 1776977028.556958, "events": [{"op": "set", "side": "bid", "price": 0.24, "size": 37.89}, {"op": "set", "side": "bid", "price": 0.25, "size": 22.0}, {"op": "set", "side": "ask", "price": 0.7, "size": 42.0}]}
{"t": 1776977032.5981371, "events": [{"op": "set", "side": "bid", "price": 0.25, "size": 26.0}, {"op": "set", "side": "bid", "price": 0.23, "size": 683.7399999999999}, {"op": "set", "side": "bid", "price": 0.24, "size": 990.89}, {"op": "set", "side": "ask", "price": 0.66, "size": 3894.1500000000005}, {"op": "set", "side": "ask", "price": 0.69, "size": 58.00000000000003}, {"op": "set", "side": "ask", "price": 0.68, "size": 770.0}, {"op": "set", "side": "ask", "price": 0.7, "size": 86.0}, {"op": "set", "side": "ask", "price": 0.71, "size": 959.0}, {"op": "set", "side": "ask", "price": 0.72, "size": 241.60000000000005}]}
{"t": 1776977033.6091561, "events": [{"op": "set", "side": "bid", "price": 0.25, "size": 27.0}, {"op": "set", "side": "ask", "price": 0.7, "size": 44.0}, {"op": "set", "side": "ask", "price": 0.72, "size": 275.6}]}
{"t": 1776977036.641244, "events": [{"op": "set", "side": "bid", "price": 0.25, "size": 247.1}, {"op": "set", "side": "bid", "price": 0.23, "size": 514.9999999999999}, {"op": "set", "side": "bid", "price": 0.24, "size": 518.89}, {"op": "set", "side": "ask", "price": 0.66, "size": 3884.1500000000005}, {"op": "set", "side": "ask", "price": 0.68, "size": 751.0}, {"op": "delete", "side": "ask", "price": 0.7}, {"op": "delete", "side": "ask", "price": 0.71}]}
{"t": 1776977037.65825, "events": [{"op": "set", "side": "bid", "price": 0.25, "size": 2.0}, {"op": "set", "side": "bid", "price": 0.22, "size": 262.48}, {"op": "set", "side": "bid", "price": 0.24, "size": 541.89}, {"op": "set", "side": "ask", "price": 0.69, "size": 196.00000000000003}, {"op": "set", "side": "ask", "price": 0.72, "size": 336.0}, {"op": "set", "side": "ask", "price": 0.73, "size": 974.0}, {"op": "set", "side": "ask", "price": 0.74, "size": 265.91999999999996}]}
{"t": 1776977052.744798, "events": [{"op": "delete", "side": "bid", "price": 0.25}, {"op": "set", "side": "bid", "price": 0.22, "size": 100.00000000000003}, {"op": "set", "side": "bid", "price": 0.24, "size": 272.2}, {"op": "set", "side": "ask", "price": 0.69, "size": 429.31000000000006}, {"op": "delete", "side": "ask", "price": 0.72}, {"op": "delete", "side": "ask", "price": 0.73}, {"op": "delete", "side": "ask", "price": 0.74}]}
{"t": 1776977053.757576, "events": [{"op": "set", "side": "bid", "price": 0.24, "size": 241.31}, {"op": "set", "side": "bid", "price": 0.22, "size": 1077.0}, {"op": "set", "side": "bid", "price": 0.23, "size": 705.9999999999999}, {"op": "set", "side": "ask", "price": 0.75, "size": 965.0}, {"op": "set", "side": "ask", "price": 0.7, "size": 41.0}, {"op": "set", "side": "ask", "price": 0.74, "size": 336.0}]}
{"t": 1776977054.773813, "events": [{"op": "set", "side": "bid", "price": 0.24, "size": 8.0}, {"op": "set", "side": "ask", "price": 0.69, "size": 196.00000000000006}, {"op": "set", "side": "ask", "price": 0.71, "size": 247.2}]}
{"t": 1776977057.7837021, "events": [{"op": "set", "side": "bid", "price": 0.22, "size": 1303.37}, {"op": "set", "side": "ask", "price": 0.31, "size": 36.0}, {"op": "delete", "side": "ask", "price": 0.32}, {"op": "set", "side": "ask", "price": 0.69, "size": 168.00000000000006}, {"op": "delete", "side": "ask", "price": 0.75}, {"op": "delete", "side": "ask", "price": 0.7}, {"op": "delete", "side": "ask", "price": 0.74}]}
{"t": 1776977058.819532, "events": [{"op": "set", "side": "bid", "price": 0.22, "size": 658.3699999999999}, {"op": "set", "side": "bid", "price": 0.23, "size": 693.9999999999999}, {"op": "set", "side": "bid", "price": 0.21, "size": 599.0}, {"op": "set", "side": "ask", "price": 0.71, "size": 253.0}, {"op": "set", "side": "ask", "price": 0.68, "size": 812.0}, {"op": "set", "side": "ask", "price": 0.75, "size": 31.0}, {"op": "set", "side": "ask", "price": 0.69, "size": 125.00000000000006}, {"op": "set", "side": "ask", "price": 0.7, "size": 187.0}, {"op": "set", "side": "ask", "price": 0.72, "size": 950.0}, {"op": "set", "side": "ask", "price": 0.73, "size": 247.2}]}
{"t": 1776977062.857884, "events": [{"op": "delete", "side": "ask", "price": 0.75}, {"op": "set", "side": "ask", "price": 0.73, "size": 282.2}, {"op": "set", "side": "ask", "price": 0.32, "size": 26.0}]}
{"t": 1776977075.923553, "events": [{"op": "set", "side": "bid", "price": 0.23, "size": 537.9999999999999}, {"op": "set", "side": "ask", "price": 0.69, "size": 5.684341886080802e-14}, {"op": "set", "side": "ask", "price": 0.68, "size": 751.0}, {"op": "delete", "side": "ask", "price": 0.7}, {"op": "delete", "side": "ask", "price": 0.71}, {"op": "delete", "side": "ask", "price": 0.72}]}
{"t": 1776977076.963868, "events": [{"op": "set", "side": "bid", "price": 0.24, "size": 7.0}, {"op": "set", "side": "bid", "price": 0.22, "size": 629.3699999999999}, {"op": "set", "side": "bid", "price": 0.23, "size": 447.9999999999999}, {"op": "set", "side": "bid", "price": 0.21, "size": 396.0}]}
{"t": 1776977079.006007, "events": [{"op": "set", "side": "bid", "price": 0.24, "size": 2.0}, {"op": "set", "side": "ask", "price": 0.73, "size": 583.2}, {"op": "set", "side": "ask", "price": 0.74, "size": 1001.0}]}
{"t": 1776977088.161928, "events": [{"op": "delete", "side": "bid", "price": 0.24}, {"op": "set", "side": "bid", "price": 0.22, "size": 765.9999999999999}, {"op": "set", "side": "bid", "price": 0.23, "size": 18.999999999999886}, {"op": "set", "side": "bid", "price": 0.21, "size": 583.0}, {"op": "set", "side": "bid", "price": 0.2, "size": 999.0}, {"op": "set", "side": "ask", "price": 0.75, "size": 367.0}, {"op": "set", "side": "ask", "price": 0.76, "size": 664.0}, {"op": "set", "side": "ask", "price": 0.68, "size": 750.0}, {"op": "set", "side": "ask", "price": 0.73, "size": 1.0000000000000568}, {"op": "set", "side": "ask", "price": 0.74, "size": 333.0}]}
{"t": 1776977089.181201, "events": [{"op": "set", "side": "bid", "price": 0.22, "size": 788.9999999999999}, {"op": "set", "side": "ask", "price": 0.76, "size": 693.0}]}
{"t": 1776977092.223785, "events": [{"op": "set", "side": "bid", "price": 0.22, "size": 765.9999999999999}]}
{"t": 1776977093.235487, "events": [{"op": "set", "side": "bid", "price": 0.22, "size": 788.9999999999999}]}
{"t": 1776977094.2532868, "events": [{"op": "set", "side": "bid", "price": 0.22, "size": 623.9999999999999}, {"op": "set", "side": "bid", "price": 0.23, "size": 17.999999999999886}, {"op": "set", "side": "bid", "price": 0.2, "size": 500.0}, {"op": "set", "side": "bid", "price": 0.21, "size": 396.0}, {"op": "delete", "side": "ask", "price": 0.75}, {"op": "set", "side": "ask", "price": 0.73, "size": 196.68000000000006}, {"op": "delete", "side": "ask", "price": 0.74}]}
{"t": 1776977095.277729, "events": [{"op": "set", "side": "bid", "price": 0.21, "size": 731.0}, {"op": "set", "side": "bid", "price": 0.16, "size": 587.64}, {"op": "set", "side": "ask", "price": 0.76, "size": 1623.0}, {"op": "set", "side": "ask", "price": 0.68, "size": 754.0}]}
{"t": 1776977097.301329, "events": [{"op": "set", "side": "bid", "price": 0.22, "size": 600.9999999999999}]}
{"t": 1776977098.3066041, "events": [{"op": "set", "side": "bid", "price": 0.21, "size": 755.0}, {"op": "delete", "side": "bid", "price": 0.02}, {"op": "set", "side": "ask", "price": 0.03, "size": 21.0}]}
{"t": 1776977099.3119411, "events": [{"op": "set", "side": "bid", "price": 0.01, "size": 105.0}, {"op": "set", "side": "ask", "price": 0.02, "size": 181.0}]}
{"t": 1776977102.3221838, "events": [{"op": "set", "side": "bid", "price": 0.21, "size": 731.0}]}
{"t": 1776977103.330272, "events": [{"op": "set", "side": "bid", "price": 0.21, "size": 755.0}]}
{"t": 1776977104.3342972, "events": [{"op": "set", "side": "ask", "price": 0.71, "size": 1.0}, {"op": "set", "side": "ask", "price": 0.73, "size": 5.684341886080802e-14}]}
{"t": 1776977105.3373911, "events": [{"op": "set", "side": "ask", "price": 0.71, "size": 248.2}]}
{"t": 1776977107.342998, "events": [{"op": "set", "side": "bid", "price": 0.21, "size": 731.0}]}
{"t": 1776977108.387475, "events": [{"op": "set", "side": "bid", "price": 0.21, "size": 755.0}, {"op": "delete", "side": "bid", "price": 0.11}, {"op": "set", "side": "bid", "price": 0.01, "size": 140.0}, {"op": "set", "side": "ask", "price": 0.76, "size": 1618.0}]}
{"t": 1776977109.418417, "events": [{"op": "set", "side": "bid", "price": 0.22, "size": 99.99999999999989}, {"op": "set", "side": "bid", "price": 0.23, "size": 15.999999999999886}, {"op": "set", "side": "bid", "price": 0.21, "size": 420.0}, {"op": "set", "side": "bid", "price": 0.16, "size": 88.63999999999999}, {"op": "set", "side": "ask", "price": 0.76, "size": 688.0}, {"op": "set", "side": "ask", "price": 0.68, "size": 750.0}]}
{"t": 1776977110.4252942, "events": [{"op": "set", "side": "bid", "price": 0.21, "size": 127.0}, {"op": "set", "side": "ask", "price": 0.76, "size": 4.0}, {"op": "set", "side": "ask", "price": 0.71, "size": 1.0}, {"op": "set", "side": "ask", "price": 0.72, "size": 38.0}]}
{"t": 1776977111.429607, "events": [{"op": "set", "side": "bid", "price": 0.2, "size": 1497.0}, {"op": "set", "side": "ask", "price": 0.31, "size": 7.0}, {"op": "delete", "side": "ask", "price": 0.32}, {"op": "set", "side": "ask", "price": 0.69, "size": 55.00000000000006}]}
{"t": 1776977112.4502468, "events": [{"op": "set", "side": "bid", "price": 0.21, "size": 126.0}, {"op": "set", "side": "ask", "price": 0.76, "size": 1000.0}, {"op": "set", "side": "ask", "price": 0.72, "size": 41.0}]}
{"t": 1776977114.464504, "events": [{"op": "set", "side": "bid", "price": 0.23, "size": 260.15999999999985}, {"op": "delete", "side": "ask", "price": 0.76}, {"op": "set", "side": "ask", "price": 0.72, "size": 288.2}]}
{"t": 1776977115.483753, "events": [{"op": "set", "side": "ask", "price": 0.72, "size": 292.2}, {"op": "set", "side": "ask", "price": 0.73, "size": 996.0}]}
{"t": 1776977116.493232, "events": [{"op": "set", "side": "bid", "price": 0.23, "size": 15.999999999999858}, {"op": "set", "side": "ask", "price": 0.72, "size": 45.0}]}
{"t": 1776977117.496323, "events": [{"op": "set", "side": "bid", "price": 0.21, "size": 366.33}, {"op": "set", "side": "ask", "price": 0.72, "size": 4.0}, {"op": "set", "side": "ask", "price": 0.74, "size": 247.2}]}
{"t": 1776977118.500858, "events": [{"op": "set", "side": "bid", "price": 0.22, "size": 123.99999999999989}, {"op": "set", "side": "ask", "price": 0.75, "size": 32.0}]}
{"t": 1776977130.577865, "events": [{"op": "set", "side": "bid", "price": 0.22, "size": 99.99999999999989}, {"op": "set", "side": "bid", "price": 0.23, "size": 249.49999999999986}, {"op": "set", "side": "bid", "price": 0.2, "size": 500.0}, {"op": "set", "side": "bid", "price": 0.21, "size": 100.0}, {"op": "set", "side": "bid", "price": 0.01, "size": 105.0}, {"op": "delete", "side": "ask", "price": 0.75}, {"op": "set", "side": "ask", "price": 0.71, "size": 234.5}, {"op": "delete", "side": "ask", "price": 0.72}, {"op": "delete", "side": "ask", "price": 0.73}, {"op": "delete", "side": "ask", "price": 0.74}]}
{"t": 1776977131.605501, "events": [{"op": "set", "side": "bid", "price": 0.23, "size": 249.4999999999999}, {"op": "set", "side": "bid", "price": 0.11, "size": 37.0}, {"op": "set", "side": "bid", "price": 0.24, "size": 25.0}, {"op": "set", "side": "ask", "price": 0.72, "size": 35.0}]}
{"t": 1776977291.9004061, "events": [{"op": "set", "side": "bid", "price": 0.25, "size": 400.0}, {"op": "set", "side": "ask", "price": 0.31, "size": 57.0}, {"op": "set", "side": "ask", "price": 0.69, "size": 5.684341886080802e-14}]}
