{"t": 1776975854.366905, "events": [{"op": "set", "side": "bid", "price": 0.37, "size": 134.0}, {"op": "set", "side": "ask", "price": 0.59, "size": 36.0}]}
{"t": 1776975855.3857431, "events": [{"op": "set", "side": "bid", "price": 0.38, "size": 147.0}, {"op": "set", "side": "bid", "price": 0.31, "size": 1.0}, {"op": "set", "side": "bid", "price": 0.36, "size": 87.0}, {"op": "delete", "side": "ask", "price": 0.58}]}
{"t": 1776975856.396708, "events": [{"op": "set", "side": "bid", "price": 0.36, "size": 123.0}, {"op": "set", "side": "bid", "price": 0.39, "size": 174.0}, {"op": "set", "side": "ask", "price": 0.57, "size": 1999.0}]}
{"t": 1776975858.419916, "events": [{"op": "set", "side": "bid", "price": 0.38, "size": 169.0}, {"op": "set", "side": "bid", "price": 0.37, "size": 110.0}, {"op": "delete", "side": "ask", "price": 0.59}, {"op": "set", "side": "ask", "price": 0.58, "size": 38.0}]}
{"t": 1776975859.432927, "events": [{"op": "delete", "side": "bid", "price": 0.37}, {"op": "set", "side": "bid", "price": 0.36, "size": 87.0}, {"op": "set", "side": "bid", "price": 0.3, "size": 20.0}, {"op": "delete", "side": "ask", "price": 0.57}]}
{"t": 1776975860.4405582, "events": [{"op": "set", "side": "bid", "price": 0.39, "size": 617.0}, {"op": "set", "side": "bid", "price": 0.38, "size": 175.0}, {"op": "set", "side": "bid", "price": 0.36, "size": 138.0}, {"op": "set", "side": "ask", "price": 0.58, "size": 2037.0}]}
{"t": 1776975863.466253, "events": [{"op": "set", "side": "bid", "price": 0.38, "size": 153.0}, {"op": "set", "side": "bid", "price": 0.37, "size": 25.0}, {"op": "set", "side": "ask", "price": 0.59, "size": 34.0}, {"op": "set", "side": "ask", "price": 0.58, "size": 1999.0}]}
{"t": 1776975866.4869819, "events": [{"op": "delete", "side": "bid", "price": 0.39}, {"op": "set", "side": "bid", "price": 0.38, "size": 477.0}, {"op": "set", "side": "bid", "price": 0.37, "size": 135.0}, {"op": "set", "side": "bid", "price": 0.31, "size": 38.0}, {"op": "set", "side": "bid", "price": 0.36, "size": 122.0}, {"op": "delete", "side": "bid", "price": 0.3}, {"op": "set", "side": "ask", "price": 0.57, "size": 1999.0}, {"op": "delete", "side": "ask", "price": 0.58}]}
{"t": 1776975868.5054138, "events": [{"op": "set", "side": "bid", "price": 0.37, "size": 110.0}, {"op": "delete", "side": "ask", "price": 0.59}]}
{"t": 1776975869.519797, "events": [{"op": "set", "side": "bid", "price": 0.38, "size": 147.0}, {"op": "set", "side": "bid", "price": 0.37, "size": 134.0}, {"op": "set", "side": "bid", "price": 0.31, "size": 1.0}, {"op": "set", "side": "bid", "price": 0.36, "size": 87.0}, {"op": "delete", "side": "ask", "price": 0.57}, {"op": "set", "side": "ask", "price": 0.58, "size": 38.0}]}
{"t": 1776975870.536895, "events": [{"op": "set", "side": "bid", "price": 0.36, "size": 123.0}, {"op": "set", "side": "bid", "price": 0.3, "size": 20.0}, {"op": "set", "side": "bid", "price": 0.39, "size": 174.0}, {"op": "set", "side": "ask", "price": 0.58, "size": 2037.0}]}
{"t": 1776975873.562508, "events": [{"op": "set", "side": "ask", "price": 0.59, "size": 36.0}, {"op": "set", "side": "ask", "price": 0.58, "size": 1999.0}]}
{"t": 1776975878.59487, "events": [{"op": "delete", "side": "bid", "price": 0.39}, {"op": "delete", "side": "bid", "price": 0.38}, {"op": "delete", "side": "bid", "price": 0.37}, {"op": "set", "side": "bid", "price": 0.36, "size": 49.0}, {"op": "delete", "side": "bid", "price": 0.3}, {"op": "delete", "side": "bid", "price": 0.21}, {"op": "set", "side": "bid", "price": 0.02, "size": 48.0}, {"op": "set", "side": "bid", "price": 0.32, "size": 27.0}, {"op": "delete", "side": "ask", "price": 0.59}, {"op": "set", "side": "ask", "price": 0.6, "size": 675.99}, {"op": "set", "side": "ask", "price": 0.61, "size": 36.0}, {"op": "delete", "side": "ask", "price": 0.58}]}
{"t": 1776975879.608191, "events": [{"op": "delete", "side": "bid", "price": 0.31}]}
{"t": 1776975880.618389, "events": [{"op": "set", "side": "bid", "price": 0.36, "size": 132.0}, {"op": "set", "side": "bid", "price": 0.32, "size": 82.0}, {"op": "set", "side": "bid", "price": 0.38, "size": 666.0}, {"op": "set", "side": "bid", "price": 0.37, "size": 189.0}, {"op": "set", "side": "ask", "price": 0.6, "size": 1557.99}, {"op": "set", "side": "ask", "price": 0.61, "size": 703.0}]}
{"t": 1776975882.637974, "events": [{"op": "set", "side": "bid", "price": 0.32, "size": 83.0}]}
{"t": 1776975883.6573179, "events": [{"op": "set", "side": "bid", "price": 0.37, "size": 212.0}, {"op": "set", "side": "bid", "price": 0.32, "size": 56.0}, {"op": "set", "side": "ask", "price": 0.61, "size": 668.0}, {"op": "set", "side": "ask", "price": 0.57, "size": 40.0}]}
{"t": 1776975884.672483, "events": [{"op": "set", "side": "bid", "price": 0.36, "size": 83.0}]}
{"t": 1776975889.700941, "events": [{"op": "set", "side": "bid", "price": 0.38, "size": 134.0}, {"op": "set", "side": "bid", "price": 0.37, "size": 118.0}, {"op": "set", "side": "bid", "price": 0.32, "size": 57.0}, {"op": "delete", "side": "bid", "price": 0.36}, {"op": "set", "side": "bid", "price": 0.39, "size": 231.0}, {"op": "set", "side": "ask", "price": 0.43, "size": 528.0}, {"op": "set", "side": "ask", "price": 0.6, "size": 675.99}, {"op": "set", "side": "ask", "price": 0.57, "size": 707.0}, {"op": "delete", "side": "ask", "price": 0.61}, {"op": "set", "side": "ask", "price": 0.58, "size": 400.0}]}
{"t": 1776975893.74344, "events": [{"op": "set", "side": "bid", "price": 0.38, "size": 156.0}, {"op": "set", "side": "bid", "price": 0.37, "size": 95.0}, {"op": "set", "side": "ask", "price": 0.59, "size": 35.0}, {"op": "set", "side": "ask", "price": 0.57, "size": 667.0}]}
{"t": 1776975912.854771, "events": [{"op": "set", "side": "bid", "price": 0.38, "size": 134.0}]}
{"t": 1776975913.861079, "events": [{"op": "set", "side": "bid", "price": 0.39, "size": 108.0}, {"op": "set", "side": "bid", "price": 0.38, "size": 77.0}, {"op": "delete", "side": "bid", "price": 0.37}, {"op": "set", "side": "bid", "price": 0.32, "size": 46.0}, {"op": "set", "side": "bid", "price": 0.21, "size": 56.0}, {"op": "delete", "side": "bid", "price": 0.02}, {"op": "set", "side": "bid", "price": 0.33, "size": 28.0}, {"op": "delete", "side": "ask", "price": 0.59}, {"op": "set", "side": "ask", "price": 0.43, "size": 16.0}, {"op": "set", "side": "ask", "price": 0.58, "size": 38.0}]}
{"t": 1776975914.8911412, "events": [{"op": "set", "side": "ask", "price": 0.6, "size": 676.99}, {"op": "set", "side": "ask", "price": 0.57, "size": 1999.0}]}
{"t": 1776975915.9392462, "events": [{"op": "set", "side": "bid", "price": 0.39, "size": 293.0}]}
{"t": 1776975916.9452019, "events": [{"op": "delete", "side": "bid", "price": 0.39}, {"op": "delete", "side": "bid", "price": 0.38}, {"op": "set", "side": "bid", "price": 0.32, "size": 22.0}, {"op": "delete", "side": "ask", "price": 0.57}]}
{"t": 1776975917.960892, "events": [{"op": "set", "side": "bid", "price": 0.33, "size": 60.0}, {"op": "set", "side": "bid", "price": 0.35, "size": 666.0}, {"op": "set", "side": "bid", "price": 0.34, "size": 133.0}, {"op": "set", "side": "ask", "price": 0.59, "size": 1000.0}, {"op": "set", "side": "ask", "price": 0.58, "size": 1037.0}]}
{"t": 1776975918.9692569, "events": [{"op": "set", "side": "bid", "price": 0.33, "size": 32.0}, {"op": "set", "side": "bid", "price": 0.36, "size": 23.0}, {"op": "set", "side": "ask", "price": 0.61, "size": 34.0}, {"op": "set", "side": "ask", "price": 0.58, "size": 999.0}]}
{"t": 1776975927.006464, "events": [{"op": "set", "side": "bid", "price": 0.32, "size": 21.0}]}
{"t": 1776975940.061205, "events": [{"op": "delete", "side": "bid", "price": 0.36}, {"op": "delete", "side": "bid", "price": 0.35}, {"op": "delete", "side": "bid", "price": 0.32}, {"op": "delete", "side": "bid", "price": 0.34}, {"op": "delete", "side": "bid", "price": 0.33}, {"op": "delete", "side": "bid", "price": 0.21}, {"op": "set", "side": "bid", "price": 0.02, "size": 50.0}, {"op": "delete", "side": "ask", "price": 0.59}, {"op": "set", "side": "ask", "price": 0.6, "size": 675.99}, {"op": "delete", "side": "ask", "price": 0.58}]}
{"t": 1776975941.0863051, "events": [{"op": "set", "side": "bid", "price": 0.21, "size": 30.0}]}
{"t": 1776975943.110956, "events": [{"op": "set", "side": "bid", "price": 0.25, "size": 36.0}, {"op": "delete", "side": "bid", "price": 0.21}, {"op": "set", "side": "bid", "price": 0.27, "size": 666.0}, {"op": "set", "side": "bid", "price": 0.26, "size": 96.0}, {"op": "set", "side": "ask", "price": 0.6, "size": 1342.99}, {"op": "set", "side": "ask", "price": 0.61, "size": 35.0}, {"op": "set", "side": "ask", "price": 0.57, "size": 1333.0}]}
{"t": 1776975944.1347961, "events": [{"op": "set", "side": "bid", "price": 0.28, "size": 28.0}, {"op": "set", "side": "ask", "price": 0.61, "size": 42.0}]}
{"t": 1776975945.176098, "events": [{"op": "delete", "side": "bid", "price": 0.27}, {"op": "set", "side": "bid", "price": 0.26, "size": 1.0}, {"op": "set", "side": "bid", "price": 0.25, "size": 16.0}]}
{"t": 1776975948.2322109, "events": [{"op": "set", "side": "bid", "price": 0.28, "size": 44.0}, {"op": "set", "side": "bid", "price": 0.31, "size": 39.0}, {"op": "set", "side": "bid", "price": 0.29, "size": 52.0}, {"op": "set", "side": "bid", "price": 0.3, "size": 109.0}]}
{"t": 1776975949.255933, "events": [{"op": "set", "side": "bid", "price": 0.32, "size": 25.0}]}
{"t": 1776975951.2976189, "events": [{"op": "delete", "side": "bid", "price": 0.28}, {"op": "delete", "side": "bid", "price": 0.29}, {"op": "delete", "side": "bid", "price": 0.3}, {"op": "set", "side": "ask", "price": 0.6, "size": 675.99}, {"op": "delete", "side": "ask", "price": 0.57}, {"op": "set", "side": "ask", "price": 0.61, "size": 41.0}]}
{"t": 1776975954.332581, "events": [{"op": "set", "side": "bid", "price": 0.32, "size": 29.0}, {"op": "set", "side": "bid", "price": 0.31, "size": 58.0}, {"op": "set", "side": "bid", "price": 0.34, "size": 666.0}, {"op": "set", "side": "bid", "price": 0.33, "size": 118.0}, {"op": "set", "side": "ask", "price": 0.6, "size": 1342.99}, {"op": "set", "side": "ask", "price": 0.61, "size": 35.0}, {"op": "set", "side": "ask", "price": 0.57, "size": 1333.0}]}
{"t": 1776975955.341995, "events": [{"op": "set", "side": "bid", "price": 0.35, "size": 24.0}]}
{"t": 1776975959.372451, "events": [{"op": "set", "side": "bid", "price": 0.35, "size": 30.0}, {"op": "set", "side": "bid", "price": 0.32, "size": 25.0}, {"op": "set", "side": "bid", "price": 0.31, "size": 59.0}, {"op": "delete", "side": "bid", "price": 0.34}, {"op": "delete", "side": "bid", "price": 0.33}, {"op": "set", "side": "bid", "price": 0.36, "size": 131.0}, {"op": "set", "side": "bid", "price": 0.37, "size": 666.0}, {"op": "set", "side": "ask", "price": 0.61, "size": 1.0}, {"op": "set", "side": "ask", "price": 0.58, "size": 39.0}]}
{"t": 1776975963.398977, "events": [{"op": "delete", "side": "bid", "price": 0.32}, {"op": "delete", "side": "ask", "price": 0.58}]}
{"t": 1776975964.407889, "events": [{"op": "set", "side": "bid", "price": 0.37, "size": 689.0}, {"op": "delete", "side": "bid", "price": 0.26}, {"op": "set", "side": "bid", "price": 0.29, "size": 20.0}, {"op": "set", "side": "ask", "price": 0.58, "size": 39.0}]}
{"t": 1776975971.450849, "events": [{"op": "set", "side": "bid", "price": 0.37, "size": 279.0}, {"op": "delete", "side": "bid", "price": 0.36}, {"op": "delete", "side": "bid", "price": 0.35}, {"op": "set", "side": "bid", "price": 0.31, "size": 58.0}, {"op": "set", "side": "bid", "price": 0.21, "size": 44.0}, {"op": "delete", "side": "bid", "price": 0.02}, {"op": "set", "side": "bid", "price": 0.23, "size": 13.0}, {"op": "delete", "side": "ask", "price": 0.57}, {"op": "set", "side": "ask", "price": 0.6, "size": 676.99}, {"op": "delete", "side": "ask", "price": 0.61}]}
{"t": 1776975973.468818, "events": [{"op": "set", "side": "bid", "price": 0.31, "size": 198.0}, {"op": "set", "side": "bid", "price": 0.38, "size": 353.0}, {"op": "set", "side": "bid", "price": 0.39, "size": 400.0}, {"op": "set", "side": "ask", "price": 0.58, "size": 1999.0}]}
{"t": 1776975974.486274, "events": [{"op": "set", "side": "bid", "price": 0.38, "size": 377.0}, {"op": "set", "side": "bid", "price": 0.37, "size": 256.0}, {"op": "set", "side": "ask", "price": 0.59, "size": 33.0}]}
{"t": 1776975977.5051599, "events": [{"op": "delete", "side": "bid", "price": 0.37}, {"op": "delete", "side": "ask", "price": 0.58}]}
{"t": 1776975978.524107, "events": [{"op": "set", "side": "bid", "price": 0.39, "size": 663.0}, {"op": "set", "side": "bid", "price": 0.38, "size": 188.0}, {"op": "set", "side": "bid", "price": 0.31, "size": 153.0}, {"op": "delete", "side": "ask", "price": 0.59}, {"op": "set", "side": "ask", "price": 0.57, "size": 1999.0}]}
{"t": 1776975979.530004, "events": [{"op": "set", "side": "bid", "price": 0.32, "size": 29.0}, {"op": "set", "side": "ask", "price": 0.58, "size": 36.0}]}
{"t": 1776975989.593303, "events": [{"op": "delete", "side": "bid", "price": 0.39}, {"op": "delete", "side": "bid", "price": 0.38}, {"op": "set", "side": "bid", "price": 0.29, "size": 29.0}, {"op": "set", "side": "bid", "price": 0.31, "size": 93.0}, {"op": "set", "side": "bid", "price": 0.32, "size": 115.0}, {"op": "set", "side": "bid", "price": 0.33, "size": 241.0}]}
{"t": 1776975993.639185, "events": [{"op": "set", "side": "bid", "price": 0.32, "size": 86.0}, {"op": "delete", "side": "ask", "price": 0.58}]}
{"t": 1776975994.652439, "events": [{"op": "set", "side": "bid", "price": 0.34, "size": 45.0}, {"op": "set", "side": "ask", "price": 0.61, "size": 37.0}]}
{"t": 1776976002.718677, "events": [{"op": "set", "side": "bid", "price": 0.34, "size": 500.0}, {"op": "set", "side": "bid", "price": 0.32, "size": 186.0}, {"op": "delete", "side": "bid", "price": 0.29}, {"op": "set", "side": "bid", "price": 0.31, "size": 137.0}, {"op": "delete", "side": "bid", "price": 0.33}, {"op": "set", "side": "bid", "price": 0.35, "size": 67.0}, {"op": "set", "side": "ask", "price": 0.6, "size": 1515.99}, {"op": "delete", "side": "ask", "price": 0.57}, {"op": "set", "side": "ask", "price": 0.61, "size": 704.0}]}
{"t": 1776976003.738184, "events": [{"op": "set", "side": "bid", "price": 0.35, "size": 91.0}]}
{"t": 1776976005.821455, "events": [{"op": "set", "side": "bid", "price": 0.35, "size": 67.0}, {"op": "delete", "side": "bid", "price": 0.32}, {"op": "set", "side": "bid", "price": 0.31, "size": 64.0}, {"op": "delete", "side": "bid", "price": 0.34}, {"op": "delete", "side": "bid", "price": 0.23}, {"op": "set", "side": "bid", "price": 0.22, "size": 16.0}, {"op": "set", "side": "bid", "price": 0.36, "size": 60.0}, {"op": "set", "side": "bid", "price": 0.37, "size": 138.0}, {"op": "set", "side": "ask", "price": 0.6, "size": 1342.99}, {"op": "set", "side": "ask", "price": 0.61, "size": 37.0}, {"op": "set", "side": "ask", "price": 0.57, "size": 1333.0}]}
{"t": 1776976008.8495371, "events": [{"op": "set", "side": "bid", "price": 0.36, "size": 84.0}, {"op": "set", "side": "bid", "price": 0.35, "size": 43.0}]}
{"t": 1776976011.8745532, "events": [{"op": "delete", "side": "bid", "price": 0.35}, {"op": "set", "side": "ask", "price": 0.6, "size": 676.99}, {"op": "delete", "side": "ask", "price": 0.57}]}
{"t": 1776976012.8924701, "events": [{"op": "set", "side": "bid", "price": 0.37, "size": 58.0}, {"op": "set", "side": "bid", "price": 0.36, "size": 65.0}, {"op": "set", "side": "bid", "price": 0.31, "size": 25.0}, {"op": "set", "side": "bid", "price": 0.38, "size": 99.0}, {"op": "set", "side": "bid", "price": 0.29, "size": 20.0}, {"op": "set", "side": "ask", "price": 0.6, "size": 1573.99}, {"op": "set", "side": "ask", "price": 0.61, "size": 704.0}]}
{"t": 1776976013.8963861, "events": [{"op": "set", "side": "bid", "price": 0.36, "size": 41.0}, {"op": "set", "side": "bid", "price": 0.32, "size": 28.0}]}
{"t": 1776976021.967751, "events": [{"op": "delete", "side": "bid", "price": 0.38}, {"op": "delete", "side": "bid", "price": 0.37}, {"op": "delete", "side": "bid", "price": 0.31}, {"op": "set", "side": "bid", "price": 0.32, "size": 60.0}, {"op": "delete", "side": "bid", "price": 0.36}, {"op": "set", "side": "bid", "price": 0.29, "size": 21.0}, {"op": "delete", "side": "bid", "price": 0.21}, {"op": "set", "side": "bid", "price": 0.34, "size": 667.0}, {"op": "set", "side": "bid", "price": 0.02, "size": 42.0}, {"op": "set", "side": "bid", "price": 0.33, "size": 116.0}, {"op": "set", "side": "ask", "price": 0.6, "size": 1342.99}, {"op": "set", "side": "ask", "price": 0.61, "size": 37.0}, {"op": "set", "side": "ask", "price": 0.57, "size": 1333.0}]}
{"t": 1776976023.989538, "events": [{"op": "set", "side": "bid", "price": 0.32, "size": 32.0}, {"op": "set", "side": "bid", "price": 0.35, "size": 24.0}]}
{"t": 1776976030.0649989, "events": [{"op": "delete", "side": "bid", "price": 0.35}, {"op": "delete", "side": "bid", "price": 0.32}, {"op": "delete", "side": "bid", "price": 0.29}, {"op": "delete", "side": "bid", "price": 0.34}, {"op": "delete", "side": "bid", "price": 0.33}, {"op": "set", "side": "bid", "price": 0.22, "size": 1.0}, {"op": "set", "side": "bid", "price": 0.01, "size": 1576.0}]}
{"t": 1776976031.0763671, "events": [{"op": "set", "side": "bid", "price": 0.25, "size": 35.0}, {"op": "set", "side": "bid", "price": 0.37, "size": 667.0}, {"op": "set", "side": "bid", "price": 0.36, "size": 123.0}, {"op": "set", "side": "bid", "price": 0.35, "size": 28.0}, {"op": "set", "side": "bid", "price": 0.21, "size": 30.0}, {"op": "delete", "side": "ask", "price": 0.61}, {"op": "set", "side": "ask", "price": 0.58, "size": 39.0}]}
{"t": 1776976033.0979562, "events": [{"op": "delete", "side": "bid", "price": 0.21}, {"op": "delete", "side": "ask", "price": 0.58}]}
{"t": 1776976034.1065989, "events": [{"op": "set", "side": "bid", "price": 0.37, "size": 690.0}, {"op": "set", "side": "ask", "price": 0.58, "size": 39.0}]}
{"t": 1776976038.1259038, "events": [{"op": "delete", "side": "ask", "price": 0.58}]}
{"t": 1776976039.130999, "events": [{"op": "set", "side": "bid", "price": 0.37, "size": 250.0}, {"op": "delete", "side": "bid", "price": 0.36}, {"op": "delete", "side": "bid", "price": 0.35}, {"op": "set", "side": "ask", "price": 0.6, "size": 676.99}, {"op": "set", "side": "ask", "price": 0.58, "size": 39.0}]}
{"t": 1776976040.136569, "events": [{"op": "set", "side": "bid", "price": 0.37, "size": 227.0}, {"op": "set", "side": "bid", "price": 0.25, "size": 156.0}, {"op": "set", "side": "bid", "price": 0.39, "size": 400.0}, {"op": "set", "side": "bid", "price": 0.38, "size": 312.0}, {"op": "set", "side": "ask", "price": 0.57, "size": 1999.0}]}
{"t": 1776976041.146323, "events": [{"op": "delete", "side": "bid", "price": 0.39}, {"op": "set", "side": "bid", "price": 0.38, "size": 23.0}, {"op": "delete", "side": "bid", "price": 0.37}, {"op": "delete", "side": "ask", "price": 0.57}]}
{"t": 1776976042.1519518, "events": [{"op": "set", "side": "bid", "price": 0.25, "size": 63.0}, {"op": "set", "side": "bid", "price": 0.27, "size": 100.0}, {"op": "set", "side": "bid", "price": 0.26, "size": 70.0}, {"op": "set", "side": "ask", "price": 0.59, "size": 1000.0}, {"op": "set", "side": "ask", "price": 0.58, "size": 1039.0}]}
{"t": 1776976043.1629992, "events": [{"op": "delete", "side": "bid", "price": 0.38}, {"op": "set", "side": "ask", "price": 0.58, "size": 1000.0}]}
{"t": 1776976044.185159, "events": [{"op": "delete", "side": "bid", "price": 0.27}, {"op": "delete", "side": "bid", "price": 0.26}, {"op": "set", "side": "bid", "price": 0.25, "size": 16.0}, {"op": "set", "side": "bid", "price": 0.28, "size": 27.0}, {"op": "delete", "side": "ask", "price": 0.59}, {"op": "set", "side": "ask", "price": 0.6, "size": 675.99}, {"op": "set", "side": "ask", "price": 0.61, "size": 42.0}, {"op": "delete", "side": "ask", "price": 0.58}]}
{"t": 1776976047.209746, "events": [{"op": "set", "side": "bid", "price": 0.28, "size": 61.0}, {"op": "set", "side": "bid", "price": 0.3, "size": 667.0}, {"op": "set", "side": "bid", "price": 0.29, "size": 108.0}, {"op": "set", "side": "ask", "price": 0.6, "size": 1342.99}, {"op": "set", "side": "ask", "price": 0.61, "size": 49.0}, {"op": "set", "side": "ask", "price": 0.57, "size": 1333.0}]}
{"t": 1776976048.218187, "events": [{"op": "set", "side": "bid", "price": 0.28, "size": 34.0}]}
{"t": 1776976049.2295182, "events": [{"op": "delete", "side": "bid", "price": 0.3}, {"op": "delete", "side": "bid", "price": 0.28}, {"op": "delete", "side": "bid", "price": 0.29}, {"op": "set", "side": "bid", "price": 0.31, "size": 26.0}, {"op": "set", "side": "bid", "price": 0.21, "size": 42.0}, {"op": "delete", "side": "bid", "price": 0.02}]}
{"t": 1776976050.238752, "events": [{"op": "set", "side": "bid", "price": 0.31, "size": 59.0}, {"op": "set", "side": "bid", "price": 0.33, "size": 667.0}, {"op": "set", "side": "bid", "price": 0.32, "size": 116.0}]}
{"t": 1776976053.276522, "events": [{"op": "set", "side": "bid", "price": 0.31, "size": 33.0}]}
{"t": 1776976054.2832232, "events": [{"op": "set", "side": "bid", "price": 0.34, "size": 45.0}, {"op": "set", "side": "ask", "price": 0.61, "size": 42.0}]}
{"t": 1776976058.306615, "events": [{"op": "delete", "side": "bid", "price": 0.34}, {"op": "delete", "side": "bid", "price": 0.32}, {"op": "delete", "side": "bid", "price": 0.31}, {"op": "delete", "side": "bid", "price": 0.33}, {"op": "set", "side": "bid", "price": 0.22, "size": 17.0}, {"op": "set", "side": "bid", "price": 0.01, "size": 1560.0}, {"op": "set", "side": "ask", "price": 0.6, "size": 675.99}, {"op": "delete", "side": "ask", "price": 0.57}]}
{"t": 1776976059.3257349, "events": [{"op": "set", "side": "bid", "price": 0.22, "size": 46.0}, {"op": "set", "side": "ask", "price": 0.61, "size": 49.0}]}
{"t": 1776976061.337662, "events": [{"op": "set", "side": "bid", "price": 0.25, "size": 36.0}, {"op": "set", "side": "bid", "price": 0.27, "size": 667.0}, {"op": "set", "side": "bid", "price": 0.26, "size": 81.0}, {"op": "set", "side": "bid", "price": 0.24, "size": 20.0}, {"op": "set", "side": "ask", "price": 0.6, "size": 1342.99}, {"op": "set", "side": "ask", "price": 0.57, "size": 1333.0}]}
{"t": 1776976063.365494, "events": [{"op": "set", "side": "bid", "price": 0.22, "size": 17.0}]}
{"t": 1776976064.375992, "events": [{"op": "delete", "side": "bid", "price": 0.24}, {"op": "set", "side": "bid", "price": 0.28, "size": 28.0}]}
{"t": 1776976065.3873029, "events": [{"op": "delete", "side": "bid", "price": 0.27}, {"op": "delete", "side": "bid", "price": 0.26}, {"op": "set", "side": "bid", "price": 0.25, "size": 16.0}]}
{"t": 1776976066.397533, "events": [{"op": "set", "side": "bid", "price": 0.28, "size": 64.0}, {"op": "set", "side": "bid", "price": 0.3, "size": 82.0}, {"op": "set", "side": "bid", "price": 0.29, "size": 52.0}]}
{"t": 1776976068.419334, "events": [{"op": "set", "side": "bid", "price": 0.28, "size": 36.0}]}
{"t": 1776976069.436353, "events": [{"op": "set", "side": "bid", "price": 0.31, "size": 46.0}]}
{"t": 1776976074.460224, "events": [{"op": "delete", "side": "bid", "price": 0.31}, {"op": "delete", "side": "bid", "price": 0.28}, {"op": "delete", "side": "bid", "price": 0.29}, {"op": "delete", "side": "bid", "price": 0.3}, {"op": "delete", "side": "bid", "price": 0.21}, {"op": "set", "side": "bid", "price": 0.02, "size": 35.0}]}
{"t": 1776976075.471221, "events": [{"op": "set", "side": "bid", "price": 0.33, "size": 667.0}, {"op": "set", "side": "bid", "price": 0.31, "size": 57.0}, {"op": "set", "side": "bid", "price": 0.32, "size": 143.0}, {"op": "set", "side": "bid", "price": 0.21, "size": 30.0}]}
{"t": 1776976076.476594, "events": [{"op": "set", "side": "bid", "price": 0.34, "size": 49.0}, {"op": "set", "side": "ask", "price": 0.61, "size": 42.0}]}
{"t": 1776976077.482344, "events": [{"op": "delete", "side": "bid", "price": 0.32}, {"op": "delete", "side": "bid", "price": 0.31}, {"op": "delete", "side": "bid", "price": 0.33}]}
{"t": 1776976078.494921, "events": [{"op": "set", "side": "bid", "price": 0.34, "size": 104.0}, {"op": "set", "side": "bid", "price": 0.25, "size": 53.0}, {"op": "delete", "side": "bid", "price": 0.21}, {"op": "set", "side": "bid", "price": 0.36, "size": 691.0}, {"op": "set", "side": "bid", "price": 0.35, "size": 142.0}]}
{"t": 1776976085.548361, "events": [{"op": "delete", "side": "bid", "price": 0.36}, {"op": "set", "side": "bid", "price": 0.35, "size": 22.0}, {"op": "set", "side": "bid", "price": 0.22, "size": 1.0}, {"op": "set", "side": "bid", "price": 0.34, "size": 49.0}, {"op": "set", "side": "bid", "price": 0.25, "size": 16.0}, {"op": "set", "side": "bid", "price": 0.01, "size": 1583.0}, {"op": "set", "side": "ask", "price": 0.6, "size": 675.99}, {"op": "delete", "side": "ask", "price": 0.57}]}
{"t": 1776976086.5729961, "events": [{"op": "set", "side": "bid", "price": 0.28, "size": 20.0}]}
{"t": 1776976088.582797, "events": [{"op": "set", "side": "bid", "price": 0.35, "size": 61.0}, {"op": "set", "side": "bid", "price": 0.28, "size": 33.0}, {"op": "set", "side": "bid", "price": 0.34, "size": 75.0}, {"op": "set", "side": "bid", "price": 0.36, "size": 307.0}, {"op": "set", "side": "ask", "price": 0.6, "size": 1342.99}, {"op": "set", "side": "ask", "price": 0.57, "size": 1333.0}]}
{"t": 1776976089.58958, "events": [{"op": "set", "side": "bid", "price": 0.36, "size": 331.0}, {"op": "set", "side": "bid", "price": 0.35, "size": 39.0}]}
{"t": 1776976091.599458, "events": [{"op": "delete", "side": "bid", "price": 0.35}, {"op": "set", "side": "bid", "price": 0.28, "size": 20.0}, {"op": "delete", "side": "ask", "price": 0.57}]}
{"t": 1776976092.6074328, "events": [{"op": "set", "side": "bid", "price": 0.36, "size": 186.0}]}
{"t": 1776976093.6152132, "events": [{"op": "set", "side": "bid", "price": 0.36, "size": 162.0}, {"op": "set", "side": "bid", "price": 0.34, "size": 157.0}, {"op": "set", "side": "bid", "price": 0.38, "size": 271.0}, {"op": "set", "side": "bid", "price": 0.37, "size": 240.0}, {"op": "set", "side": "ask", "price": 0.6, "size": 1582.99}, {"op": "set", "side": "ask", "price": 0.61, "size": 709.0}]}
{"t": 1776976095.6349592, "events": [{"op": "delete", "side": "bid", "price": 0.36}, {"op": "set", "side": "ask", "price": 0.6, "size": 1342.99}]}
{"t": 1776976096.652119, "events": [{"op": "set", "side": "bid", "price": 0.38, "size": 218.0}, {"op": "set", "side": "bid", "price": 0.37, "size": 180.0}, {"op": "set", "side": "bid", "price": 0.34, "size": 144.0}, {"op": "set", "side": "bid", "price": 0.21, "size": 30.0}, {"op": "delete", "side": "bid", "price": 0.02}, {"op": "set", "side": "ask", "price": 0.6, "size": 1236.99}, {"op": "set", "side": "ask", "price": 0.56, "size": 1300.0}, {"op": "set", "side": "ask", "price": 0.61, "size": 442.0}]}
{"t": 1776976097.657048, "events": [{"op": "set", "side": "bid", "price": 0.38, "size": 618.0}]}
{"t": 1776976098.6700659, "events": [{"op": "set", "side": "bid", "price": 0.37, "size": 157.0}, {"op": "set", "side": "bid", "price": 0.35, "size": 26.0}, {"op": "set", "side": "ask", "price": 0.61, "size": 400.0}, {"op": "set", "side": "ask", "price": 0.57, "size": 40.0}]}
{"t": 1776976099.67869, "events": [{"op": "delete", "side": "bid", "price": 0.38}, {"op": "set", "side": "bid", "price": 0.34, "size": 80.0}, {"op": "set", "side": "ask", "price": 0.6, "size": 676.99}, {"op": "set", "side": "ask", "price": 0.56, "size": 767.0}, {"op": "delete", "side": "ask", "price": 0.61}]}
{"t": 1776976100.698726, "events": [{"op": "set", "side": "bid", "price": 0.37, "size": 667.0}, {"op": "set", "side": "bid", "price": 0.35, "size": 72.0}, {"op": "set", "side": "bid", "price": 0.36, "size": 136.0}, {"op": "set", "side": "ask", "price": 0.57, "size": 1040.0}, {"op": "set", "side": "ask", "price": 0.58, "size": 1000.0}]}
{"t": 1776976103.7164748, "events": [{"op": "set", "side": "bid", "price": 0.37, "size": 691.0}, {"op": "set", "side": "bid", "price": 0.35, "size": 46.0}, {"op": "set", "side": "ask", "price": 0.59, "size": 37.0}, {"op": "set", "side": "ask", "price": 0.57, "size": 1000.0}]}
{"t": 1776976113.775799, "events": [{"op": "set", "side": "bid", "price": 0.37, "size": 294.0}, {"op": "delete", "side": "bid", "price": 0.36}, {"op": "delete", "side": "bid", "price": 0.35}, {"op": "set", "side": "bid", "price": 0.34, "size": 219.0}, {"op": "set", "side": "bid", "price": 0.22, "size": 28.0}, {"op": "set", "side": "bid", "price": 0.38, "size": 368.0}, {"op": "set", "side": "bid", "price": 0.39, "size": 400.0}, {"op": "set", "side": "bid", "price": 0.01, "size": 1560.0}, {"op": "set", "side": "ask", "price": 0.57, "size": 1999.0}, {"op": "delete", "side": "ask", "price": 0.59}, {"op": "set", "side": "ask", "price": 0.58, "size": 39.0}]}
{"t": 1776976114.786037, "events": [{"op": "set", "side": "bid", "price": 0.38, "size": 391.0}, {"op": "set", "side": "bid", "price": 0.37, "size": 270.0}]}
{"t": 1776976115.790102, "events": [{"op": "delete", "side": "bid", "price": 0.37}, {"op": "delete", "side": "ask", "price": 0.57}]}
{"t": 1776976116.79982, "events": [{"op": "set", "side": "bid", "price": 0.39, "size": 278.0}, {"op": "set", "side": "bid", "price": 0.38, "size": 224.0}, {"op": "set", "side": "bid", "price": 0.34, "size": 173.0}, {"op": "set", "side": "ask", "price": 0.58, "size": 2038.0}]}
{"t": 1776976117.808927, "events": [{"op": "set", "side": "bid", "price": 0.39, "size": 678.0}]}
{"t": 1776976118.820491, "events": [{"op": "set", "side": "bid", "price": 0.38, "size": 201.0}, {"op": "set", "side": "ask", "price": 0.58, "size": 1999.0}]}
{"t": 1776976119.83535, "events": [{"op": "set", "side": "bid", "price": 0.35, "size": 27.0}, {"op": "set", "side": "ask", "price": 0.59, "size": 33.0}]}
{"t": 1776976128.8931751, "events": [{"op": "delete", "side": "bid", "price": 0.39}, {"op": "delete", "side": "bid", "price": 0.38}, {"op": "set", "side": "bid", "price": 0.35, "size": 48.0}, {"op": "set", "side": "bid", "price": 0.34, "size": 81.0}, {"op": "set", "side": "bid", "price": 0.36, "size": 135.0}, {"op": "set", "side": "bid", "price": 0.37, "size": 691.0}, {"op": "delete", "side": "ask", "price": 0.59}, {"op": "set", "side": "ask", "price": 0.57, "size": 1999.0}, {"op": "set", "side": "ask", "price": 0.58, "size": 38.0}]}
{"t": 1776976130.9047801, "events": [{"op": "set", "side": "bid", "price": 0.37, "size": 292.0}, {"op": "delete", "side": "bid", "price": 0.36}, {"op": "delete", "side": "bid", "price": 0.35}, {"op": "set", "side": "bid", "price": 0.34, "size": 218.0}, {"op": "set", "side": "bid", "price": 0.38, "size": 366.0}, {"op": "set", "side": "bid", "price": 0.39, "size": 400.0}, {"op": "delete", "side": "ask", "price": 0.57}, {"op": "set", "side": "ask", "price": 0.58, "size": 2037.0}]}
{"t": 1776976132.9187572, "events": [{"op": "set", "side": "bid", "price": 0.37, "size": 268.0}, {"op": "set", "side": "ask", "price": 0.58, "size": 1999.0}]}
{"t": 1776976133.922157, "events": [{"op": "set", "side": "bid", "price": 0.38, "size": 389.0}, {"op": "set", "side": "ask", "price": 0.59, "size": 34.0}]}
{"t": 1776976135.934583, "events": [{"op": "delete", "side": "bid", "price": 0.39}, {"op": "set", "side": "bid", "price": 0.38, "size": 23.0}, {"op": "delete", "side": "bid", "price": 0.37}, {"op": "set", "side": "bid", "price": 0.34, "size": 49.0}, {"op": "set", "side": "ask", "price": 0.6, "size": 675.99}, {"op": "delete", "side": "ask", "price": 0.58}]}
{"t": 1776976137.96097, "events": [{"op": "delete", "side": "bid", "price": 0.38}, {"op": "delete", "side": "ask", "price": 0.59}]}
{"t": 1776976138.9725718, "events": [{"op": "set", "side": "bid", "price": 0.35, "size": 23.0}, {"op": "set", "side": "ask", "price": 0.61, "size": 38.0}]}
{"t": 1776976139.976351, "events": [{"op": "set", "side": "bid", "price": 0.35, "size": 64.0}, {"op": "set", "side": "bid", "price": 0.28, "size": 34.0}, {"op": "set", "side": "bid", "price": 0.34, "size": 76.0}, {"op": "set", "side": "bid", "price": 0.36, "size": 294.0}, {"op": "set", "side": "ask", "price": 0.6, "size": 1342.99}, {"op": "set", "side": "ask", "price": 0.57, "size": 1333.0}]}
{"t": 1776976140.985537, "events": [{"op": "set", "side": "bid", "price": 0.34, "size": 27.0}]}
{"t": 1776976143.994279, "events": [{"op": "set", "side": "bid", "price": 0.36, "size": 318.0}, {"op": "set", "side": "bid", "price": 0.35, "size": 41.0}]}
{"t": 1776976152.035327, "events": [{"op": "delete", "side": "bid", "price": 0.36}, {"op": "delete", "side": "bid", "price": 0.35}, {"op": "set", "side": "bid", "price": 0.28, "size": 20.0}, {"op": "delete", "side": "bid", "price": 0.34}, {"op": "set", "side": "bid", "price": 0.22, "size": 1.0}, {"op": "delete", "side": "bid", "price": 0.21}, {"op": "set", "side": "bid", "price": 0.02, "size": 46.0}, {"op": "set", "side": "ask", "price": 0.6, "size": 675.99}, {"op": "delete", "side": "ask", "price": 0.57}]}
{"t": 1776976153.054967, "events": [{"op": "set", "side": "bid", "price": 0.28, "size": 25.0}, {"op": "set", "side": "bid", "price": 0.3, "size": 667.0}, {"op": "set", "side": "bid", "price": 0.23, "size": 30.0}, {"op": "set", "side": "bid", "price": 0.29, "size": 91.0}, {"op": "set", "side": "ask", "price": 0.6, "size": 1342.99}, {"op": "set", "side": "ask", "price": 0.57, "size": 1333.0}]}
{"t": 1776976154.063997, "events": [{"op": "delete", "side": "bid", "price": 0.23}, {"op": "set", "side": "bid", "price": 0.31, "size": 27.0}]}
{"t": 1776976172.213068, "events": [{"op": "set", "side": "bid", "price": 0.31, "size": 34.0}, {"op": "delete", "side": "bid", "price": 0.28}, {"op": "delete", "side": "bid", "price": 0.29}, {"op": "delete", "side": "bid", "price": 0.3}, {"op": "set", "side": "bid", "price": 0.32, "size": 109.0}]}
{"t": 1776976173.230133, "events": [{"op": "set", "side": "bid", "price": 0.33, "size": 667.0}]}
{"t": 1776976174.237823, "events": [{"op": "set", "side": "bid", "price": 0.34, "size": 25.0}]}
{"t": 1776976175.24962, "events": [{"op": "delete", "side": "bid", "price": 0.32}, {"op": "delete", "side": "bid", "price": 0.31}, {"op": "delete", "side": "bid", "price": 0.33}]}
{"t": 1776976178.273995, "events": [{"op": "set", "side": "bid", "price": 0.34, "size": 31.0}, {"op": "set", "side": "bid", "price": 0.36, "size": 667.0}, {"op": "set", "side": "bid", "price": 0.35, "size": 114.0}, {"op": "set", "side": "bid", "price": 0.21, "size": 52.0}, {"op": "delete", "side": "bid", "price": 0.02}]}
{"t": 1776976179.287406, "events": [{"op": "set", "side": "bid", "price": 0.37, "size": 22.0}]}
{"t": 1776976197.420757, "events": [{"op": "delete", "side": "bid", "price": 0.37}, {"op": "delete", "side": "bid", "price": 0.36}, {"op": "delete", "side": "bid", "price": 0.35}, {"op": "delete", "side": "bid", "price": 0.34}, {"op": "delete", "side": "ask", "price": 0.57}]}
{"t": 1776976198.435571, "events": [{"op": "set", "side": "bid", "price": 0.25, "size": 36.0}, {"op": "set", "side": "bid", "price": 0.38, "size": 783.0}, {"op": "set", "side": "bid", "price": 0.37, "size": 31.0}, {"op": "set", "side": "bid", "price": 0.26, "size": 30.0}, {"op": "set", "side": "bid", "price": 0.23, "size": 20.0}, {"op": "set", "side": "ask", "price": 0.6, "size": 1589.99}, {"op": "set", "side": "ask", "price": 0.61, "size": 705.0}]}
{"t": 1776976199.445118, "events": [{"op": "set", "side": "ask", "price": 0.61, "size": 667.0}, {"op": "set", "side": "ask", "price": 0.57, "size": 40.0}]}
{"t": 1776976203.4636748, "events": [{"op": "delete", "side": "bid", "price": 0.26}, {"op": "delete", "side": "ask", "price": 0.57}]}
{"t": 1776976204.476952, "events": [{"op": "delete", "side": "bid", "price": 0.38}, {"op": "delete", "side": "bid", "price": 0.37}, {"op": "set", "side": "bid", "price": 0.25, "size": 16.0}, {"op": "delete", "side": "bid", "price": 0.21}, {"op": "set", "side": "bid", "price": 0.26, "size": 30.0}, {"op": "set", "side": "bid", "price": 0.02, "size": 60.0}, {"op": "set", "side": "ask", "price": 0.6, "size": 675.99}, {"op": "set", "side": "ask", "price": 0.61, "size": 30.73}, {"op": "set", "side": "ask", "price": 0.57, "size": 40.0}]}
{"t": 1776976205.4979851, "events": [{"op": "set", "side": "bid", "price": 0.27, "size": 34.0}]}
{"t": 1776976207.508864, "events": [{"op": "set", "side": "ask", "price": 0.61, "size": 7.0000000000000036}]}
{"t": 1776976208.525941, "events": [{"op": "set", "side": "bid", "price": 0.27, "size": 768.0}, {"op": "set", "side": "bid", "price": 0.26, "size": 25.0}, {"op": "delete", "side": "bid", "price": 0.23}, {"op": "set", "side": "bid", "price": 0.25, "size": 28.0}, {"op": "set", "side": "bid", "price": 0.28, "size": 49.0}, {"op": "set", "side": "ask", "price": 0.6, "size": 1433.99}, {"op": "delete", "side": "ask", "price": 0.57}, {"op": "set", "side": "ask", "price": 0.61, "size": 674.0}, {"op": "set", "side": "ask", "price": 0.62, "size": 31.24}]}
{"t": 1776976209.539958, "events": [{"op": "set", "side": "bid", "price": 0.29, "size": 27.0}, {"op": "set", "side": "ask", "price": 0.63, "size": 39.0}, {"op": "set", "side": "ask", "price": 0.62, "size": 1.0}]}
{"t": 1776976213.5675368, "events": [{"op": "set", "side": "ask", "price": 0.62, "size": 41.0}, {"op": "set", "side": "ask", "price": 0.63, "size": 29.76}]}
{"t": 1776976214.569775, "events": [{"op": "delete", "side": "bid", "price": 0.28}, {"op": "delete", "side": "bid", "price": 0.26}, {"op": "set", "side": "bid", "price": 0.25, "size": 16.0}]}
{"t": 1776976215.5757089, "events": [{"op": "set", "side": "bid", "price": 0.29, "size": 155.0}, {"op": "set", "side": "bid", "price": 0.27, "size": 114.0}, {"op": "set", "side": "bid", "price": 0.32, "size": 25.0}, {"op": "set", "side": "bid", "price": 0.3, "size": 39.0}, {"op": "set", "side": "bid", "price": 0.31, "size": 420.0}, {"op": "set", "side": "ask", "price": 0.61, "size": 300.0}, {"op": "set", "side": "ask", "price": 0.6, "size": 975.99}, {"op": "set", "side": "ask", "price": 0.62, "size": 742.0}, {"op": "set", "side": "ask", "price": 0.63, "size": 30.76}]}
{"t": 1776976217.597552, "events": [{"op": "delete", "side": "bid", "price": 0.29}, {"op": "delete", "side": "bid", "price": 0.3}, {"op": "delete", "side": "bid", "price": 0.31}, {"op": "delete", "side": "ask", "price": 0.61}]}
{"t": 1776976218.6080482, "events": [{"op": "set", "side": "bid", "price": 0.32, "size": 27.0}, {"op": "set", "side": "bid", "price": 0.27, "size": 52.0}, {"op": "set", "side": "bid", "price": 0.35, "size": 22.0}, {"op": "set", "side": "bid", "price": 0.34, "size": 666.0}, {"op": "set", "side": "bid", "price": 0.33, "size": 141.0}, {"op": "set", "side": "ask", "price": 0.63, "size": 393.76}, {"op": "set", "side": "ask", "price": 0.6, "size": 1128.99}, {"op": "set", "side": "ask", "price": 0.62, "size": 418.0}]}
{"t": 1776976220.6215591, "events": [{"op": "delete", "side": "bid", "price": 0.32}, {"op": "delete", "side": "bid", "price": 0.34}, {"op": "delete", "side": "bid", "price": 0.33}, {"op": "set", "side": "ask", "price": 0.6, "size": 975.99}, {"op": "delete", "side": "ask", "price": 0.62}]}
{"t": 1776976222.6332319, "events": [{"op": "set", "side": "bid", "price": 0.35, "size": 46.0}, {"op": "set", "side": "bid", "price": 0.27, "size": 50.0}, {"op": "set", "side": "bid", "price": 0.36, "size": 151.0}, {"op": "set", "side": "bid", "price": 0.28, "size": 20.0}, {"op": "set", "side": "ask", "price": 0.25, "size": 58.0}, {"op": "set", "side": "ask", "price": 0.63, "size": 336.0}, {"op": "set", "side": "ask", "price": 0.02, "size": 100.0}, {"op": "set", "side": "ask", "price": 0.6, "size": 1169.99}, {"op": "set", "side": "ask", "price": 0.56, "size": 1253.0}]}
{"t": 1776976223.6436858, "events": [{"op": "set", "side": "bid", "price": 0.36, "size": 98.0}, {"op": "set", "side": "bid", "price": 0.35, "size": 26.0}, {"op": "set", "side": "bid", "price": 0.28, "size": 36.0}, {"op": "set", "side": "bid", "price": 0.27, "size": 34.0}, {"op": "set", "side": "bid", "price": 0.29, "size": 29.0}, {"op": "set", "side": "ask", "price": 0.63, "size": 265.0}, {"op": "set", "side": "ask", "price": 0.6, "size": 1157.99}, {"op": "set", "side": "ask", "price": 0.56, "size": 1232.0}]}
{"t": 1776976224.658376, "events": [{"op": "set", "side": "ask", "price": 0.61, "size": 37.0}]}
{"t": 1776976228.677294, "events": [{"op": "set", "side": "bid", "price": 0.21, "size": 54.0}, {"op": "delete", "side": "bid", "price": 0.02}]}
{"t": 1776976238.714187, "events": [{"op": "delete", "side": "bid", "price": 0.29}, {"op": "delete", "side": "ask", "price": 0.61}]}
{"t": 1776976239.7258828, "events": [{"op": "set", "side": "bid", "price": 0.29, "size": 29.0}, {"op": "set", "side": "ask", "price": 0.61, "size": 37.0}]}
{"t": 1776976253.8076642, "events": [{"op": "delete", "side": "bid", "price": 0.29}, {"op": "delete", "side": "ask", "price": 0.61}]}
{"t": 1776976254.822479, "events": [{"op": "delete", "side": "bid", "price": 0.36}, {"op": "delete", "side": "bid", "price": 0.35}, {"op": "set", "side": "bid", "price": 0.28, "size": 16.0}, {"op": "set", "side": "bid", "price": 0.29, "size": 29.0}, {"op": "delete", "side": "ask", "price": 0.63}, {"op": "set", "side": "ask", "price": 0.6, "size": 975.99}, {"op": "set", "side": "ask", "price": 0.56, "size": 767.0}, {"op": "set", "side": "ask", "price": 0.61, "size": 37.0}]}
{"t": 1776976255.835129, "events": [{"op": "set", "side": "bid", "price": 0.29, "size": 62.0}, {"op": "set", "side": "bid", "price": 0.28, "size": 21.0}, {"op": "delete", "side": "bid", "price": 0.21}, {"op": "set", "side": "bid", "price": 0.3, "size": 42.0}, {"op": "set", "side": "bid", "price": 0.02, "size": 47.0}, {"op": "set", "side": "bid", "price": 0.31, "size": 78.0}, {"op": "set", "side": "ask", "price": 0.6, "size": 1342.99}, {"op": "set", "side": "ask", "price": 0.61, "size": 38.0}, {"op": "set", "side": "ask", "price": 0.57, "size": 1333.0}]}
{"t": 1776976258.864931, "events": [{"op": "set", "side": "bid", "price": 0.29, "size": 33.0}, {"op": "set", "side": "bid", "price": 0.32, "size": 25.0}]}
{"t": 1776976259.875783, "events": [{"op": "delete", "side": "bid", "price": 0.28}, {"op": "delete", "side": "bid", "price": 0.29}, {"op": "delete", "side": "bid", "price": 0.3}, {"op": "delete", "side": "bid", "price": 0.31}]}
{"t": 1776976260.885631, "events": [{"op": "set", "side": "bid", "price": 0.32, "size": 52.0}, {"op": "set", "side": "bid", "price": 0.27, "size": 52.0}, {"op": "set", "side": "bid", "price": 0.34, "size": 666.0}, {"op": "set", "side": "bid", "price": 0.33, "size": 144.0}]}
{"t": 1776976263.909769, "events": [{"op": "set", "side": "bid", "price": 0.32, "size": 27.0}, {"op": "set", "side": "bid", "price": 0.35, "size": 44.0}]}
{"t": 1776976268.9457762, "events": [{"op": "set", "side": "bid", "price": 0.27, "size": 18.0}]}
{"t": 1776976269.960423, "events": [{"op": "set", "side": "bid", "price": 0.35, "size": 20.0}, {"op": "set", "side": "bid", "price": 0.36, "size": 62.0}]}
{"t": 1776976276.0147579, "events": [{"op": "delete", "side": "bid", "price": 0.35}, {"op": "delete", "side": "bid", "price": 0.32}, {"op": "delete", "side": "bid", "price": 0.34}, {"op": "delete", "side": "bid", "price": 0.33}, {"op": "delete", "side": "bid", "price": 0.27}, {"op": "set", "side": "ask", "price": 0.6, "size": 1069.99}, {"op": "delete", "side": "ask", "price": 0.57}]}
{"t": 1776976277.039475, "events": [{"op": "set", "side": "bid", "price": 0.36, "size": 132.0}, {"op": "set", "side": "bid", "price": 0.38, "size": 666.0}, {"op": "set", "side": "bid", "price": 0.37, "size": 212.0}, {"op": "set", "side": "bid", "price": 0.35, "size": 62.0}, {"op": "set", "side": "ask", "price": 0.56, "size": 1113.0}, {"op": "set", "side": "ask", "price": 0.61, "size": 25.0}]}
{"t": 1776976278.050096, "events": [{"op": "set", "side": "bid", "price": 0.38, "size": 689.0}, {"op": "set", "side": "ask", "price": 0.57, "size": 39.0}]}
{"t": 1776976280.070851, "events": [{"op": "set", "side": "bid", "price": 0.38, "size": 254.0}, {"op": "delete", "side": "bid", "price": 0.37}, {"op": "delete", "side": "bid", "price": 0.35}, {"op": "set", "side": "bid", "price": 0.21, "size": 56.0}, {"op": "delete", "side": "bid", "price": 0.02}, {"op": "set", "side": "ask", "price": 0.6, "size": 676.99}, {"op": "set", "side": "ask", "price": 0.56, "size": 767.0}, {"op": "delete", "side": "ask", "price": 0.61}]}
{"t": 1776976281.087897, "events": [{"op": "set", "side": "bid", "price": 0.38, "size": 231.0}, {"op": "set", "side": "bid", "price": 0.36, "size": 178.0}, {"op": "set", "side": "bid", "price": 0.39, "size": 724.0}, {"op": "set", "side": "bid", "price": 0.37, "size": 25.0}, {"op": "set", "side": "ask", "price": 0.57, "size": 1038.0}, {"op": "set", "side": "ask", "price": 0.58, "size": 1000.0}]}
{"t": 1776976284.125754, "events": [{"op": "set", "side": "ask", "price": 0.59, "size": 32.0}, {"op": "set", "side": "ask", "price": 0.57, "size": 999.0}]}
{"t": 1776976285.139929, "events": [{"op": "delete", "side": "bid", "price": 0.39}, {"op": "delete", "side": "bid", "price": 0.38}, {"op": "set", "side": "bid", "price": 0.36, "size": 39.0}, {"op": "delete", "side": "ask", "price": 0.57}, {"op": "set", "side": "ask", "price": 0.6, "size": 675.99}, {"op": "delete", "side": "ask", "price": 0.58}]}
{"t": 1776976288.1785212, "events": [{"op": "set", "side": "bid", "price": 0.37, "size": 103.0}, {"op": "set", "side": "bid", "price": 0.36, "size": 91.0}, {"op": "set", "side": "bid", "price": 0.39, "size": 666.0}, {"op": "set", "side": "bid", "price": 0.38, "size": 207.0}, {"op": "set", "side": "ask", "price": 0.6, "size": 676.99}, {"op": "set", "side": "ask", "price": 0.57, "size": 1999.0}]}
{"t": 1776976289.1844962, "events": [{"op": "set", "side": "bid", "price": 0.37, "size": 78.0}, {"op": "delete", "side": "ask", "price": 0.59}]}
{"t": 1776976290.196137, "events": [{"op": "set", "side": "bid", "price": 0.39, "size": 688.0}, {"op": "set", "side": "ask", "price": 0.58, "size": 35.0}]}
{"t": 1776976301.276474, "events": [{"op": "delete", "side": "bid", "price": 0.39}, {"op": "delete", "side": "bid", "price": 0.38}, {"op": "delete", "side": "bid", "price": 0.37}, {"op": "set", "side": "bid", "price": 0.36, "size": 39.0}, {"op": "set", "side": "bid", "price": 0.26, "size": 30.0}, {"op": "set", "side": "bid", "price": 0.29, "size": 20.0}, {"op": "set", "side": "ask", "price": 0.6, "size": 675.99}, {"op": "delete", "side": "ask", "price": 0.57}]}
{"t": 1776976303.3065321, "events": [{"op": "delete", "side": "bid", "price": 0.26}, {"op": "delete", "side": "ask", "price": 0.58}]}
{"t": 1776976304.313708, "events": [{"op": "set", "side": "bid", "price": 0.36, "size": 88.0}, {"op": "set", "side": "bid", "price": 0.29, "size": 52.0}, {"op": "delete", "side": "bid", "price": 0.21}, {"op": "set", "side": "bid", "price": 0.38, "size": 666.0}, {"op": "set", "side": "bid", "price": 0.3, "size": 29.0}, {"op": "set", "side": "bid", "price": 0.02, "size": 43.0}, {"op": "set", "side": "bid", "price": 0.01, "size": 1575.0}, {"op": "set", "side": "bid", "price": 0.37, "size": 179.0}, {"op": "set", "side": "ask", "price": 0.6, "size": 676.99}, {"op": "set", "side": "ask", "price": 0.57, "size": 1999.0}, {"op": "set", "side": "ask", "price": 0.61, "size": 35.0}]}
{"t": 1776976307.3653572, "events": [{"op": "set", "side": "bid", "price": 0.38, "size": 500.0}, {"op": "set", "side": "bid", "price": 0.37, "size": 175.0}, {"op": "set", "side": "bid", "price": 0.29, "size": 20.0}, {"op": "set", "side": "bid", "price": 0.3, "size": 62.0}, {"op": "set", "side": "bid", "price": 0.36, "size": 137.0}, {"op": "set", "side": "ask", "price": 0.6, "size": 1538.99}, {"op": "delete", "side": "ask", "price": 0.57}, {"op": "set", "side": "ask", "price": 0.61, "size": 703.0}]}
{"t": 1776976308.374354, "events": [{"op": "set", "side": "bid", "price": 0.3, "size": 33.0}, {"op": "set", "side": "ask", "price": 0.61, "size": 668.0}]}
{"t": 1776976309.386129, "events": [{"op": "set", "side": "bid", "price": 0.37, "size": 198.0}, {"op": "set", "side": "ask", "price": 0.57, "size": 40.0}]}
{"t": 1776976313.409361, "events": [{"op": "set", "side": "bid", "price": 0.37, "size": 175.0}, {"op": "delete", "side": "ask", "price": 0.57}]}
{"t": 1776976314.4200819, "events": [{"op": "set", "side": "bid", "price": 0.37, "size": 198.0}, {"op": "set", "side": "ask", "price": 0.57, "size": 40.0}]}
{"t": 1776976318.442741, "events": [{"op": "set", "side": "bid", "price": 0.37, "size": 175.0}, {"op": "delete", "side": "ask", "price": 0.57}]}
{"t": 1776976319.457519, "events": [{"op": "set", "side": "bid", "price": 0.37, "size": 198.0}, {"op": "set", "side": "ask", "price": 0.57, "size": 40.0}]}
{"t": 1776976323.4797351, "events": [{"op": "set", "side": "bid", "price": 0.38, "size": 219.0}, {"op": "set", "side": "bid", "price": 0.37, "size": 176.0}, {"op": "delete", "side": "bid", "price": 0.3}, {"op": "set", "side": "bid", "price": 0.36, "size": 127.0}, {"op": "set", "side": "ask", "price": 0.6, "size": 675.99}, {"op": "delete", "side": "ask", "price": 0.61}]}
{"t": 1776976324.50117, "events": [{"op": "set", "side": "bid", "price": 0.37, "size": 153.0}, {"op": "set", "side": "bid", "price": 0.39, "size": 400.0}, {"op": "set", "side": "ask", "price": 0.43, "size": 530.0}, {"op": "set", "side": "ask", "price": 0.57, "size": 707.0}, {"op": "set", "side": "ask", "price": 0.58, "size": 400.0}]}
{"t": 1776976325.519989, "events": [{"op": "set", "side": "bid", "price": 0.38, "size": 243.0}, {"op": "set", "side": "ask", "price": 0.59, "size": 33.0}, {"op": "set", "side": "ask", "price": 0.57, "size": 667.0}]}
{"t": 1776976332.56369, "events": [{"op": "delete", "side": "bid", "price": 0.37}, {"op": "set", "side": "bid", "price": 0.36, "size": 49.0}, {"op": "set", "side": "ask", "price": 0.43, "size": 16.0}, {"op": "delete", "side": "ask", "price": 0.58}]}
{"t": 1776976333.587355, "events": [{"op": "set", "side": "bid", "price": 0.39, "size": 637.0}, {"op": "set", "side": "bid", "price": 0.38, "size": 167.0}, {"op": "set", "side": "bid", "price": 0.36, "size": 97.0}, {"op": "set", "side": "bid", "price": 0.21, "size": 53.0}, {"op": "delete", "side": "bid", "price": 0.02}, {"op": "set", "side": "bid", "price": 0.01, "size": 1560.0}, {"op": "delete", "side": "ask", "price": 0.59}, {"op": "set", "side": "ask", "price": 0.6, "size": 676.99}, {"op": "set", "side": "ask", "price": 0.57, "size": 1999.0}]}
{"t": 1776976334.603316, "events": [{"op": "set", "side": "bid", "price": 0.37, "size": 25.0}, {"op": "set", "side": "ask", "price": 0.58, "size": 36.0}]}
{"t": 1776976335.619046, "events": [{"op": "set", "side": "bid", "price": 0.39, "size": 237.0}, {"op": "delete", "side": "bid", "price": 0.36}, {"op": "delete", "side": "ask", "price": 0.57}]}
{"t": 1776976336.625223, "events": [{"op": "set", "side": "bid", "price": 0.39, "size": 666.0}, {"op": "set", "side": "bid", "price": 0.38, "size": 169.0}, {"op": "set", "side": "bid", "price": 0.37, "size": 61.0}, {"op": "set", "side": "bid", "price": 0.29, "size": 44.0}, {"op": "set", "side": "ask", "price": 0.58, "size": 2035.0}]}
{"t": 1776976339.6474261, "events": [{"op": "delete", "side": "bid", "price": 0.39}, {"op": "delete", "side": "bid", "price": 0.38}, {"op": "delete", "side": "bid", "price": 0.37}, {"op": "set", "side": "bid", "price": 0.29, "size": 42.0}, {"op": "set", "side": "ask", "price": 0.58, "size": 999.0}]}
{"t": 1776976340.6580539, "events": [{"op": "delete", "side": "bid", "price": 0.29}, {"op": "set", "side": "bid", "price": 0.3, "size": 26.0}, {"op": "set", "side": "ask", "price": 0.6, "size": 675.99}, {"op": "set", "side": "ask", "price": 0.61, "size": 48.0}, {"op": "delete", "side": "ask", "price": 0.58}]}
{"t": 1776976341.674314, "events": [{"op": "set", "side": "bid", "price": 0.3, "size": 56.0}, {"op": "set", "side": "bid", "price": 0.25, "size": 30.0}, {"op": "set", "side": "bid", "price": 0.31, "size": 62.0}, {"op": "set", "side": "ask", "price": 0.59, "size": 1000.0}]}
{"t": 1776976342.686982, "events": [{"op": "set", "side": "bid", "price": 0.31, "size": 39.0}, {"op": "set", "side": "bid", "price": 0.3, "size": 52.0}, {"op": "delete", "side": "ask", "price": 0.59}]}
{"t": 1776976343.692986, "events": [{"op": "set", "side": "bid", "price": 0.25, "size": 35.0}, {"op": "set", "side": "bid", "price": 0.32, "size": 67.0}, {"op": "set", "side": "ask", "price": 0.6, "size": 1342.99}, {"op": "set", "side": "ask", "price": 0.61, "size": 49.0}, {"op": "set", "side": "ask", "price": 0.57, "size": 1333.0}]}
{"t": 1776976344.703347, "events": [{"op": "delete", "side": "bid", "price": 0.32}, {"op": "set", "side": "bid", "price": 0.25, "size": 16.0}, {"op": "delete", "side": "bid", "price": 0.3}, {"op": "delete", "side": "bid", "price": 0.31}, {"op": "set", "side": "bid", "price": 0.27, "size": 20.0}, {"op": "set", "side": "bid", "price": 0.33, "size": 24.0}, {"op": "set", "side": "ask", "price": 0.6, "size": 675.99}, {"op": "delete", "side": "ask", "price": 0.57}, {"op": "set", "side": "ask", "price": 0.61, "size": 48.0}]}
{"t": 1776976348.738213, "events": [{"op": "set", "side": "bid", "price": 0.33, "size": 50.0}, {"op": "set", "side": "bid", "price": 0.27, "size": 37.0}, {"op": "set", "side": "bid", "price": 0.35, "size": 666.0}, {"op": "set", "side": "bid", "price": 0.34, "size": 138.0}, {"op": "set", "side": "ask", "price": 0.6, "size": 1342.99}, {"op": "set", "side": "ask", "price": 0.61, "size": 49.0}, {"op": "set", "side": "ask", "price": 0.57, "size": 1333.0}]}
{"t": 1776976350.768629, "events": [{"op": "set", "side": "bid", "price": 0.33, "size": 26.0}, {"op": "set", "side": "ask", "price": 0.61, "size": 42.0}]}
{"t": 1776976351.775647, "events": [{"op": "delete", "side": "bid", "price": 0.35}, {"op": "set", "side": "bid", "price": 0.27, "size": 20.0}, {"op": "delete", "side": "bid", "price": 0.34}, {"op": "delete", "side": "bid", "price": 0.33}, {"op": "set", "side": "bid", "price": 0.23, "size": 29.0}, {"op": "set", "side": "ask", "price": 0.6, "size": 675.99}, {"op": "delete", "side": "ask", "price": 0.57}, {"op": "set", "side": "ask", "price": 0.61, "size": 41.0}]}
{"t": 1776976355.830212, "events": [{"op": "set", "side": "bid", "price": 0.27, "size": 24.0}, {"op": "delete", "side": "bid", "price": 0.23}, {"op": "set", "side": "bid", "price": 0.29, "size": 666.0}, {"op": "set", "side": "bid", "price": 0.28, "size": 110.0}, {"op": "set", "side": "ask", "price": 0.6, "size": 1591.99}, {"op": "set", "side": "ask", "price": 0.61, "size": 715.0}, {"op": "set", "side": "ask", "price": 0.62, "size": 1.0}]}
{"t": 1776976356.839608, "events": [{"op": "set", "side": "bid", "price": 0.23, "size": 29.0}]}
{"t": 1776976359.87871, "events": [{"op": "delete", "side": "bid", "price": 0.29}, {"op": "delete", "side": "bid", "price": 0.28}, {"op": "delete", "side": "bid", "price": 0.23}, {"op": "delete", "side": "bid", "price": 0.21}, {"op": "set", "side": "bid", "price": 0.02, "size": 46.0}, {"op": "set", "side": "ask", "price": 0.61, "size": 448.0}, {"op": "delete", "side": "ask", "price": 0.62}]}
{"t": 1776976360.895073, "events": [{"op": "set", "side": "bid", "price": 0.27, "size": 666.0}, {"op": "set", "side": "bid", "price": 0.25, "size": 35.0}, {"op": "set", "side": "bid", "price": 0.26, "size": 96.0}, {"op": "set", "side": "ask", "price": 0.6, "size": 1595.99}]}
{"t": 1776976361.903726, "events": [{"op": "set", "side": "bid", "price": 0.28, "size": 47.0}]}
{"t": 1776976362.91397, "events": [{"op": "set", "side": "bid", "price": 0.28, "size": 27.0}, {"op": "delete", "side": "bid", "price": 0.27}, {"op": "delete", "side": "bid", "price": 0.26}, {"op": "set", "side": "ask", "price": 0.6, "size": 1246.99}, {"op": "set", "side": "ask", "price": 0.61, "size": 445.0}]}
{"t": 1776976363.930155, "events": [{"op": "set", "side": "bid", "price": 0.28, "size": 80.0}, {"op": "set", "side": "bid", "price": 0.25, "size": 49.0}, {"op": "set", "side": "bid", "price": 0.3, "size": 91.0}, {"op": "set", "side": "bid", "price": 0.29, "size": 66.0}, {"op": "set", "side": "ask", "price": 0.56, "size": 1299.0}]}
{"t": 1776976364.937811, "events": [{"op": "set", "side": "bid", "price": 0.28, "size": 53.0}, {"op": "set", "side": "bid", "price": 0.26, "size": 20.0}, {"op": "set", "side": "bid", "price": 0.21, "size": 13.0}]}
{"t": 1776976365.9445639, "events": [{"op": "delete", "side": "bid", "price": 0.26}, {"op": "set", "side": "bid", "price": 0.31, "size": 25.0}]}
{"t": 1776976381.043155, "events": [{"op": "set", "side": "bid", "price": 0.32, "size": 5.0}]}
{"t": 1776976390.085834, "events": [{"op": "set", "side": "bid", "price": 0.32, "size": 11.0}, {"op": "delete", "side": "bid", "price": 0.28}, {"op": "delete", "side": "bid", "price": 0.29}, {"op": "delete", "side": "bid", "price": 0.3}, {"op": "set", "side": "bid", "price": 0.31, "size": 4.0}, {"op": "set", "side": "bid", "price": 0.25, "size": 16.0}, {"op": "delete", "side": "bid", "price": 0.21}, {"op": "set", "side": "bid", "price": 0.34, "size": 666.0}, {"op": "delete", "side": "bid", "price": 0.02}, {"op": "set", "side": "bid", "price": 0.33, "size": 111.0}, {"op": "set", "side": "ask", "price": 0.6, "size": 1342.99}, {"op": "set", "side": "ask", "price": 0.56, "size": 767.0}, {"op": "set", "side": "ask", "price": 0.61, "size": 49.0}, {"op": "set", "side": "ask", "price": 0.57, "size": 1333.0}]}
{"t": 1776976391.098208, "events": [{"op": "set", "side": "bid", "price": 0.21, "size": 50.0}, {"op": "set", "side": "bid", "price": 0.35, "size": 24.0}, {"op": "set", "side": "ask", "price": 0.61, "size": 42.0}]}
{"t": 1776976393.108543, "events": [{"op": "delete", "side": "bid", "price": 0.31}, {"op": "delete", "side": "bid", "price": 0.34}, {"op": "delete", "side": "bid", "price": 0.33}, {"op": "set", "side": "ask", "price": 0.6, "size": 1111.99}, {"op": "delete", "side": "ask", "price": 0.57}]}
{"t": 1776976395.125777, "events": [{"op": "set", "side": "bid", "price": 0.35, "size": 26.0}, {"op": "set", "side": "bid", "price": 0.32, "size": 22.0}, {"op": "set", "side": "bid", "price": 0.37, "size": 666.0}, {"op": "set", "side": "bid", "price": 0.36, "size": 141.0}, {"op": "set", "side": "ask", "price": 0.56, "size": 1114.0}, {"op": "set", "side": "ask", "price": 0.61, "size": 23.0}, {"op": "set", "side": "ask", "price": 0.57, "size": 40.0}]}
{"t": 1776976396.130979, "events": [{"op": "set", "side": "bid", "price": 0.37, "size": 689.0}]}
{"t": 1776976405.183253, "events": [{"op": "delete", "side": "ask", "price": 0.57}]}
{"t": 1776976406.18958, "events": [{"op": "set", "side": "ask", "price": 0.57, "size": 40.0}]}
{"t": 1776976410.218621, "events": [{"op": "set", "side": "bid", "price": 0.29, "size": 20.0}]}
{"t": 1776976415.243485, "events": [{"op": "set", "side": "bid", "price": 0.37, "size": 249.0}, {"op": "delete", "side": "bid", "price": 0.36}, {"op": "delete", "side": "bid", "price": 0.35}, {"op": "set", "side": "bid", "price": 0.32, "size": 11.0}, {"op": "set", "side": "ask", "price": 0.6, "size": 676.99}, {"op": "set", "side": "ask", "price": 0.56, "size": 767.0}, {"op": "delete", "side": "ask", "price": 0.57}, {"op": "delete", "side": "ask", "price": 0.61}]}
{"t": 1776976416.25911, "events": [{"op": "set", "side": "bid", "price": 0.37, "size": 226.0}, {"op": "set", "side": "bid", "price": 0.32, "size": 143.0}, {"op": "set", "side": "bid", "price": 0.38, "size": 738.0}, {"op": "set", "side": "ask", "price": 0.57, "size": 999.0}, {"op": "set", "side": "ask", "price": 0.61, "size": 30.0}, {"op": "set", "side": "ask", "price": 0.58, "size": 1000.0}]}
{"t": 1776976420.296268, "events": [{"op": "delete", "side": "ask", "price": 0.61}]}
{"t": 1776976421.30323, "events": [{"op": "set", "side": "ask", "price": 0.59, "size": 35.0}]}
{"t": 1776976423.3098712, "events": [{"op": "set", "side": "bid", "price": 0.38, "size": 256.0}, {"op": "delete", "side": "bid", "price": 0.37}, {"op": "set", "side": "bid", "price": 0.32, "size": 162.0}, {"op": "set", "side": "bid", "price": 0.39, "size": 756.0}, {"op": "set", "side": "ask", "price": 0.56, "size": 1766.0}, {"op": "set", "side": "ask", "price": 0.57, "size": 1000.0}, {"op": "delete", "side": "ask", "price": 0.58}]}
{"t": 1776976424.32556, "events": [{"op": "set", "side": "bid", "price": 0.33, "size": 28.0}]}
{"t": 1776976425.340163, "events": [{"op": "delete", "side": "bid", "price": 0.39}, {"op": "delete", "side": "bid", "price": 0.38}, {"op": "set", "side": "bid", "price": 0.32, "size": 5.0}, {"op": "delete", "side": "bid", "price": 0.29}, {"op": "delete", "side": "bid", "price": 0.33}, {"op": "set", "side": "bid", "price": 0.21, "size": 31.0}, {"op": "set", "side": "bid", "price": 0.02, "size": 50.0}, {"op": "delete", "side": "ask", "price": 0.59}, {"op": "set", "side": "ask", "price": 0.6, "size": 675.99}, {"op": "set", "side": "ask", "price": 0.56, "size": 767.0}, {"op": "delete", "side": "ask", "price": 0.57}, {"op": "set", "side": "ask", "price": 0.61, "size": 41.0}]}
{"t": 1776976428.364198, "events": [{"op": "set", "side": "bid", "price": 0.32, "size": 11.0}, {"op": "set", "side": "bid", "price": 0.25, "size": 20.0}, {"op": "set", "side": "bid", "price": 0.34, "size": 666.0}, {"op": "set", "side": "bid", "price": 0.33, "size": 106.0}, {"op": "set", "side": "ask", "price": 0.6, "size": 1342.99}, {"op": "set", "side": "ask", "price": 0.61, "size": 42.0}, {"op": "set", "side": "ask", "price": 0.57, "size": 1333.0}]}
{"t": 1776976430.376935, "events": [{"op": "delete", "side": "bid", "price": 0.21}]}
{"t": 1776976431.391558, "events": [{"op": "set", "side": "bid", "price": 0.34, "size": 13.0}, {"op": "set", "side": "bid", "price": 0.33, "size": 8.0}, {"op": "set", "side": "bid", "price": 0.26, "size": 29.0}]}
{"t": 1776976435.41402, "events": [{"op": "delete", "side": "bid", "price": 0.26}]}
{"t": 1776976436.4190028, "events": [{"op": "set", "side": "bid", "price": 0.26, "size": 29.0}, {"op": "set", "side": "bid", "price": 0.27, "size": 20.0}]}
{"t": 1776976437.425882, "events": [{"op": "set", "side": "bid", "price": 0.34, "size": 11.0}]}
{"t": 1776976438.4467258, "events": [{"op": "set", "side": "bid", "price": 0.34, "size": 13.0}, {"op": "set", "side": "bid", "price": 0.27, "size": 24.0}, {"op": "set", "side": "bid", "price": 0.25, "size": 16.0}]}
{"t": 1776976440.468045, "events": [{"op": "delete", "side": "bid", "price": 0.26}, {"op": "set", "side": "bid", "price": 0.27, "size": 4.0}, {"op": "set", "side": "bid", "price": 0.28, "size": 29.0}, {"op": "set", "side": "bid", "price": 0.29, "size": 20.0}]}
{"t": 1776976442.480271, "events": [{"op": "set", "side": "bid", "price": 0.34, "size": 18.0}, {"op": "set", "side": "bid", "price": 0.29, "size": 24.0}, {"op": "set", "side": "bid", "price": 0.33, "size": 9.0}, {"op": "delete", "side": "bid", "price": 0.27}]}
{"t": 1776976443.4918458, "events": [{"op": "set", "side": "bid", "price": 0.34, "size": 13.0}, {"op": "set", "side": "bid", "price": 0.33, "size": 8.0}]}
{"t": 1776976445.5077739, "events": [{"op": "set", "side": "bid", "price": 0.29, "size": 4.0}, {"op": "delete", "side": "bid", "price": 0.28}, {"op": "set", "side": "bid", "price": 0.3, "size": 27.0}]}
{"t": 1776976450.5300539, "events": [{"op": "delete", "side": "bid", "price": 0.3}, {"op": "set", "side": "bid", "price": 0.26, "size": 29.0}]}
{"t": 1776976451.535392, "events": [{"op": "set", "side": "bid", "price": 0.34, "size": 10.0}, {"op": "delete", "side": "bid", "price": 0.29}]}
{"t": 1776976453.5542011, "events": [{"op": "set", "side": "bid", "price": 0.25, "size": 20.0}]}
{"t": 1776976455.5719721, "events": [{"op": "set", "side": "bid", "price": 0.34, "size": 13.0}, {"op": "set", "side": "bid", "price": 0.26, "size": 33.0}, {"op": "set", "side": "bid", "price": 0.25, "size": 16.0}]}
{"t": 1776976456.585608, "events": [{"op": "set", "side": "bid", "price": 0.32, "size": 6.0}]}
{"t": 1776976457.590011, "events": [{"op": "delete", "side": "bid", "price": 0.34}, {"op": "delete", "side": "bid", "price": 0.32}, {"op": "delete", "side": "bid", "price": 0.33}, {"op": "delete", "side": "ask", "price": 0.57}]}
{"t": 1776976458.60728, "events": [{"op": "set", "side": "bid", "price": 0.27, "size": 39.0}, {"op": "set", "side": "bid", "price": 0.23, "size": 20.0}]}
{"t": 1776976459.62, "events": [{"op": "set", "side": "bid", "price": 0.27, "size": 87.0}, {"op": "set", "side": "bid", "price": 0.26, "size": 63.0}, {"op": "delete", "side": "bid", "price": 0.23}, {"op": "set", "side": "bid", "price": 0.28, "size": 70.0}, {"op": "set", "side": "ask", "price": 0.6, "size": 1541.99}, {"op": "set", "side": "ask", "price": 0.61, "size": 75.0}]}
{"t": 1776976460.625124, "events": [{"op": "set", "side": "bid", "price": 0.26, "size": 34.0}, {"op": "set", "side": "bid", "price": 0.29, "size": 27.0}]}
{"t": 1776976461.631319, "events": [{"op": "set", "side": "bid", "price": 0.29, "size": 405.0}, {"op": "delete", "side": "bid", "price": 0.28}, {"op": "delete", "side": "bid", "price": 0.26}, {"op": "set", "side": "bid", "price": 0.25, "size": 26.0}, {"op": "set", "side": "bid", "price": 0.27, "size": 230.0}, {"op": "set", "side": "bid", "price": 0.21, "size": 52.0}, {"op": "set", "side": "bid", "price": 0.3, "size": 39.0}, {"op": "delete", "side": "bid", "price": 0.02}, {"op": "set", "side": "ask", "price": 0.6, "size": 1137.99}, {"op": "set", "side": "ask", "price": 0.56, "size": 1121.0}, {"op": "set", "side": "ask", "price": 0.61, "size": 436.0}]}
{"t": 1776976465.66493, "events": [{"op": "delete", "side": "bid", "price": 0.3}, {"op": "set", "side": "bid", "price": 0.27, "size": 39.0}, {"op": "delete", "side": "bid", "price": 0.29}, {"op": "set", "side": "bid", "price": 0.25, "size": 16.0}, {"op": "set", "side": "bid", "price": 0.28, "size": 27.0}, {"op": "set", "side": "ask", "price": 0.6, "size": 675.99}, {"op": "set", "side": "ask", "price": 0.56, "size": 767.0}, {"op": "set", "side": "ask", "price": 0.61, "size": 48.0}]}
{"t": 1776976467.6886039, "events": [{"op": "set", "side": "bid", "price": 0.28, "size": 583.0}, {"op": "set", "side": "bid", "price": 0.27, "size": 58.0}, {"op": "set", "side": "bid", "price": 0.25, "size": 26.0}, {"op": "set", "side": "bid", "price": 0.29, "size": 59.0}, {"op": "set", "side": "ask", "price": 0.6, "size": 1494.99}, {"op": "set", "side": "ask", "price": 0.61, "size": 715.0}, {"op": "set", "side": "ask", "price": 0.62, "size": 1.0}]}
{"t": 1776976470.713255, "events": [{"op": "set", "side": "bid", "price": 0.29, "size": 39.0}, {"op": "set", "side": "bid", "price": 0.28, "size": 556.0}, {"op": "set", "side": "bid", "price": 0.3, "size": 26.0}]}
{"t": 1776976472.725442, "events": [{"op": "set", "side": "bid", "price": 0.3, "size": 54.0}, {"op": "delete", "side": "bid", "price": 0.28}, {"op": "delete", "side": "bid", "price": 0.29}, {"op": "set", "side": "bid", "price": 0.25, "size": 16.0}, {"op": "set", "side": "bid", "price": 0.31, "size": 149.0}, {"op": "set", "side": "bid", "price": 0.32, "size": 666.0}, {"op": "set", "side": "ask", "price": 0.6, "size": 1342.99}, {"op": "set", "side": "ask", "price": 0.61, "size": 49.0}, {"op": "set", "side": "ask", "price": 0.57, "size": 1333.0}, {"op": "delete", "side": "ask", "price": 0.62}]}
{"t": 1776976474.742902, "events": [{"op": "set", "side": "bid", "price": 0.3, "size": 28.0}]}
{"t": 1776976475.752197, "events": [{"op": "set", "side": "bid", "price": 0.33, "size": 26.0}]}
{"t": 1776976477.761339, "events": [{"op": "set", "side": "bid", "price": 0.27, "size": 39.0}, {"op": "delete", "side": "bid", "price": 0.31}, {"op": "delete", "side": "bid", "price": 0.32}, {"op": "delete", "side": "bid", "price": 0.3}, {"op": "set", "side": "ask", "price": 0.6, "size": 675.99}, {"op": "delete", "side": "ask", "price": 0.57}, {"op": "set", "side": "ask", "price": 0.61, "size": 48.0}]}
{"t": 1776976479.7830348, "events": [{"op": "delete", "side": "bid", "price": 0.33}]}
{"t": 1776976480.793513, "events": [{"op": "set", "side": "bid", "price": 0.28, "size": 27.0}]}
{"t": 1776976481.809105, "events": [{"op": "set", "side": "bid", "price": 0.28, "size": 155.0}, {"op": "set", "side": "bid", "price": 0.27, "size": 81.0}, {"op": "set", "side": "bid", "price": 0.25, "size": 64.0}, {"op": "set", "side": "bid", "price": 0.29, "size": 666.0}, {"op": "set", "side": "ask", "price": 0.6, "size": 1586.99}, {"op": "set", "side": "ask", "price": 0.61, "size": 715.0}, {"op": "set", "side": "ask", "price": 0.62, "size": 1.0}]}
{"t": 1776976484.820907, "events": [{"op": "set", "side": "bid", "price": 0.29, "size": 70.0}, {"op": "set", "side": "bid", "price": 0.28, "size": 73.0}, {"op": "set", "side": "bid", "price": 0.25, "size": 16.0}, {"op": "set", "side": "bid", "price": 0.27, "size": 39.0}, {"op": "set", "side": "ask", "price": 0.61, "size": 448.0}, {"op": "delete", "side": "ask", "price": 0.62}]}
{"t": 1776976485.858399, "events": [{"op": "set", "side": "bid", "price": 0.28, "size": 46.0}, {"op": "set", "side": "bid", "price": 0.3, "size": 117.0}, {"op": "set", "side": "bid", "price": 0.31, "size": 26.0}, {"op": "set", "side": "ask", "price": 0.6, "size": 1590.99}]}
{"t": 1776976490.901129, "events": [{"op": "delete", "side": "bid", "price": 0.31}, {"op": "delete", "side": "bid", "price": 0.28}, {"op": "delete", "side": "bid", "price": 0.29}, {"op": "delete", "side": "bid", "price": 0.3}, {"op": "delete", "side": "bid", "price": 0.21}, {"op": "set", "side": "bid", "price": 0.02, "size": 47.0}, {"op": "set", "side": "ask", "price": 0.6, "size": 1342.99}, {"op": "set", "side": "ask", "price": 0.61, "size": 49.0}]}
{"t": 1776976491.914994, "events": [{"op": "set", "side": "bid", "price": 0.28, "size": 27.0}]}
{"t": 1776976492.923475, "events": [{"op": "set", "side": "bid", "price": 0.27, "size": 58.0}, {"op": "set", "side": "bid", "price": 0.33, "size": 666.0}, {"op": "set", "side": "bid", "price": 0.31, "size": 28.0}, {"op": "set", "side": "bid", "price": 0.32, "size": 117.0}, {"op": "set", "side": "ask", "price": 0.57, "size": 1333.0}]}
{"t": 1776976494.9357922, "events": [{"op": "delete", "side": "bid", "price": 0.28}]}
{"t": 1776976495.9455118, "events": [{"op": "set", "side": "bid", "price": 0.34, "size": 25.0}, {"op": "set", "side": "ask", "price": 0.61, "size": 42.0}]}
{"t": 1776976504.995602, "events": [{"op": "delete", "side": "bid", "price": 0.32}, {"op": "delete", "side": "bid", "price": 0.31}, {"op": "delete", "side": "bid", "price": 0.33}, {"op": "delete", "side": "ask", "price": 0.57}]}
{"t": 1776976506.004798, "events": [{"op": "set", "side": "bid", "price": 0.34, "size": 27.0}, {"op": "set", "side": "bid", "price": 0.27, "size": 57.0}, {"op": "set", "side": "bid", "price": 0.36, "size": 666.0}, {"op": "set", "side": "bid", "price": 0.35, "size": 125.0}, {"op": "set", "side": "bid", "price": 0.28, "size": 27.0}, {"op": "set", "side": "ask", "price": 0.6, "size": 1147.99}, {"op": "set", "side": "ask", "price": 0.56, "size": 1114.0}, {"op": "set", "side": "ask", "price": 0.61, "size": 64.0}]}
{"t": 1776976510.0364318, "events": [{"op": "delete", "side": "bid", "price": 0.28}]}
{"t": 1776976511.044847, "events": [{"op": "set", "side": "bid", "price": 0.37, "size": 22.0}]}
{"t": 1776976518.10238, "events": [{"op": "delete", "side": "bid", "price": 0.2}, {"op": "set", "side": "bid", "price": 0.03, "size": 9041.0}, {"op": "delete", "side": "ask", "price": 0.24}, {"op": "set", "side": "ask", "price": 0.27, "size": 2630.0}]}
{"t": 1776976521.1357608, "events": [{"op": "delete", "side": "bid", "price": 0.37}, {"op": "delete", "side": "bid", "price": 0.36}, {"op": "delete", "side": "bid", "price": 0.35}, {"op": "delete", "side": "bid", "price": 0.34}, {"op": "delete", "side": "bid", "price": 0.02}, {"op": "set", "side": "bid", "price": 0.04, "size": 54.0}, {"op": "set", "side": "ask", "price": 0.25, "size": 8.0}, {"op": "set", "side": "ask", "price": 0.6, "size": 1130.99}, {"op": "set", "side": "ask", "price": 0.61, "size": 42.0}, {"op": "set", "side": "ask", "price": 0.28, "size": 47.0}]}
{"t": 1776976522.1437619, "events": [{"op": "set", "side": "bid", "price": 0.27, "size": 19.0}, {"op": "set", "side": "bid", "price": 0.38, "size": 803.0}, {"op": "set", "side": "bid", "price": 0.37, "size": 29.0}, {"op": "set", "side": "bid", "price": 0.28, "size": 30.0}, {"op": "set", "side": "ask", "price": 0.56, "size": 1124.0}, {"op": "set", "side": "ask", "price": 0.61, "size": 41.0}]}
{"t": 1776976523.1505, "events": [{"op": "set", "side": "ask", "price": 0.57, "size": 39.0}]}
{"t": 1776976525.156095, "events": [{"op": "delete", "side": "bid", "price": 0.28}, {"op": "delete", "side": "ask", "price": 0.57}]}
{"t": 1776976526.162179, "events": [{"op": "set", "side": "bid", "price": 0.38, "size": 826.0}, {"op": "set", "side": "ask", "price": 0.57, "size": 39.0}]}
{"t": 1776976530.176915, "events": [{"op": "delete", "side": "ask", "price": 0.57}]}
{"t": 1776976531.1844459, "events": [{"op": "set", "side": "ask", "price": 0.57, "size": 39.0}]}
{"t": 1776976535.199321, "events": [{"op": "delete", "side": "ask", "price": 0.57}]}
{"t": 1776976536.203557, "events": [{"op": "delete", "side": "bid", "price": 0.38}, {"op": "delete", "side": "bid", "price": 0.37}, {"op": "delete", "side": "bid", "price": 0.27}, {"op": "set", "side": "bid", "price": 0.2, "size": 30.0}, {"op": "set", "side": "ask", "price": 0.6, "size": 675.99}, {"op": "set", "side": "ask", "price": 0.56, "size": 767.0}, {"op": "delete", "side": "ask", "price": 0.61}, {"op": "set", "side": "ask", "price": 0.57, "size": 39.0}]}
{"t": 1776976538.221212, "events": [{"op": "set", "side": "bid", "price": 0.25, "size": 35.0}, {"op": "set", "side": "bid", "price": 0.27, "size": 666.0}, {"op": "set", "side": "bid", "price": 0.26, "size": 100.0}, {"op": "set", "side": "ask", "price": 0.6, "size": 676.99}, {"op": "set", "side": "ask", "price": 0.57, "size": 1038.0}, {"op": "set", "side": "ask", "price": 0.58, "size": 1000.0}]}
{"t": 1776976540.237312, "events": [{"op": "delete", "side": "bid", "price": 0.2}, {"op": "set", "side": "ask", "price": 0.57, "size": 999.0}]}
{"t": 1776976541.245595, "events": [{"op": "set", "side": "bid", "price": 0.27, "size": 50.0}, {"op": "set", "side": "bid", "price": 0.26, "size": 28.0}, {"op": "set", "side": "bid", "price": 0.28, "size": 28.0}, {"op": "set", "side": "ask", "price": 0.61, "size": 41.0}]}
{"t": 1776976545.305117, "events": [{"op": "delete", "side": "bid", "price": 0.27}, {"op": "delete", "side": "bid", "price": 0.26}, {"op": "set", "side": "bid", "price": 0.25, "size": 16.0}, {"op": "set", "side": "bid", "price": 0.16, "size": 49.0}, {"op": "delete", "side": "bid", "price": 0.04}, {"op": "delete", "side": "ask", "price": 0.57}, {"op": "delete", "side": "ask", "price": 0.58}]}
{"t": 1776976546.315924, "events": [{"op": "delete", "side": "bid", "price": 0.28}, {"op": "set", "side": "bid", "price": 0.23, "size": 20.0}, {"op": "set", "side": "bid", "price": 0.2, "size": 30.0}]}
{"t": 1776976547.325418, "events": [{"op": "set", "side": "bid", "price": 0.3, "size": 77.0}, {"op": "set", "side": "bid", "price": 0.28, "size": 34.0}, {"op": "set", "side": "bid", "price": 0.29, "size": 49.0}, {"op": "set", "side": "ask", "price": 0.6, "size": 1603.99}, {"op": "set", "side": "ask", "price": 0.61, "size": 708.0}, {"op": "set", "side": "ask", "price": 0.62, "size": 1.0}]}
{"t": 1776976548.331649, "events": [{"op": "delete", "side": "bid", "price": 0.3}, {"op": "delete", "side": "bid", "price": 0.28}, {"op": "delete", "side": "bid", "price": 0.29}, {"op": "set", "side": "ask", "price": 0.61, "size": 441.0}, {"op": "set", "side": "ask", "price": 0.6, "size": 676.99}, {"op": "delete", "side": "ask", "price": 0.62}]}
{"t": 1776976550.374534, "events": [{"op": "set", "side": "bid", "price": 0.25, "size": 35.0}, {"op": "delete", "side": "bid", "price": 0.23}, {"op": "delete", "side": "bid", "price": 0.2}, {"op": "set", "side": "bid", "price": 0.28, "size": 27.0}, {"op": "set", "side": "bid", "price": 0.26, "size": 83.0}, {"op": "set", "side": "bid", "price": 0.27, "size": 666.0}, {"op": "set", "side": "ask", "price": 0.6, "size": 1610.99}]}
{"t": 1776976552.38733, "events": [{"op": "delete", "side": "bid", "price": 0.27}, {"op": "delete", "side": "bid", "price": 0.26}, {"op": "set", "side": "bid", "price": 0.25, "size": 16.0}, {"op": "set", "side": "ask", "price": 0.6, "size": 1595.99}, {"op": "set", "side": "ask", "price": 0.61, "size": 434.0}]}
{"t": 1776976553.394047, "events": [{"op": "set", "side": "bid", "price": 0.28, "size": 60.0}, {"op": "set", "side": "bid", "price": 0.3, "size": 75.0}, {"op": "set", "side": "bid", "price": 0.29, "size": 48.0}]}
{"t": 1776976555.404792, "events": [{"op": "set", "side": "bid", "price": 0.28, "size": 33.0}]}
{"t": 1776976556.4166641, "events": [{"op": "set", "side": "bid", "price": 0.31, "size": 25.0}]}
{"t": 1776976560.430049, "events": [{"op": "delete", "side": "bid", "price": 0.31}, {"op": "delete", "side": "bid", "price": 0.28}, {"op": "delete", "side": "bid", "price": 0.29}, {"op": "delete", "side": "bid", "price": 0.3}, {"op": "set", "side": "ask", "price": 0.6, "size": 1342.99}, {"op": "set", "side": "ask", "price": 0.61, "size": 42.0}]}
{"t": 1776976561.438821, "events": [{"op": "set", "side": "bid", "price": 0.33, "size": 666.0}, {"op": "set", "side": "bid", "price": 0.31, "size": 30.0}, {"op": "set", "side": "bid", "price": 0.32, "size": 115.0}, {"op": "set", "side": "bid", "price": 0.2, "size": 30.0}, {"op": "set", "side": "ask", "price": 0.57, "size": 1333.0}]}
{"t": 1776976565.468847, "events": [{"op": "delete", "side": "bid", "price": 0.33}, {"op": "delete", "side": "bid", "price": 0.31}, {"op": "delete", "side": "bid", "price": 0.32}, {"op": "delete", "side": "ask", "price": 0.57}, {"op": "set", "side": "ask", "price": 0.6, "size": 676.99}]}
{"t": 1776976566.4827142, "events": [{"op": "set", "side": "bid", "price": 0.25, "size": 35.0}, {"op": "set", "side": "bid", "price": 0.27, "size": 666.0}, {"op": "set", "side": "bid", "price": 0.26, "size": 82.0}, {"op": "set", "side": "ask", "price": 0.6, "size": 1563.99}, {"op": "set", "side": "ask", "price": 0.61, "size": 68.0}]}
{"t": 1776976569.49947, "events": [{"op": "delete", "side": "bid", "price": 0.27}, {"op": "delete", "side": "bid", "price": 0.26}, {"op": "set", "side": "bid", "price": 0.25, "size": 16.0}, {"op": "delete", "side": "bid", "price": 0.16}, {"op": "set", "side": "bid", "price": 0.04, "size": 53.0}, {"op": "set", "side": "ask", "price": 0.6, "size": 675.99}, {"op": "set", "side": "ask", "price": 0.61, "size": 41.0}]}
{"t": 1776976572.538016, "events": [{"op": "set", "side": "bid", "price": 0.25, "size": 35.0}, {"op": "delete", "side": "bid", "price": 0.2}, {"op": "set", "side": "bid", "price": 0.28, "size": 28.0}, {"op": "set", "side": "bid", "price": 0.27, "size": 666.0}, {"op": "set", "side": "bid", "price": 0.26, "size": 82.0}, {"op": "set", "side": "ask", "price": 0.6, "size": 1617.99}, {"op": "set", "side": "ask", "price": 0.61, "size": 708.0}, {"op": "set", "side": "ask", "price": 0.62, "size": 1.0}]}
{"t": 1776976573.54511, "events": [{"op": "delete", "side": "bid", "price": 0.27}, {"op": "delete", "side": "bid", "price": 0.26}, {"op": "set", "side": "bid", "price": 0.25, "size": 16.0}, {"op": "delete", "side": "ask", "price": 0.62}]}
{"t": 1776976574.550605, "events": [{"op": "set", "side": "bid", "price": 0.28, "size": 62.0}, {"op": "set", "side": "bid", "price": 0.3, "size": 77.0}, {"op": "set", "side": "bid", "price": 0.29, "size": 49.0}, {"op": "set", "side": "ask", "price": 0.6, "size": 1598.99}, {"op": "set", "side": "ask", "price": 0.61, "size": 441.0}]}
{"t": 1776976575.5694778, "events": [{"op": "set", "side": "bid", "price": 0.28, "size": 34.0}]}
{"t": 1776976576.575867, "events": [{"op": "delete", "side": "bid", "price": 0.3}, {"op": "delete", "side": "bid", "price": 0.28}, {"op": "delete", "side": "bid", "price": 0.29}, {"op": "set", "side": "bid", "price": 0.31, "size": 26.0}, {"op": "set", "side": "ask", "price": 0.6, "size": 1342.99}, {"op": "set", "side": "ask", "price": 0.61, "size": 42.0}]}
{"t": 1776976578.5899022, "events": [{"op": "set", "side": "bid", "price": 0.31, "size": 57.0}, {"op": "set", "side": "bid", "price": 0.33, "size": 666.0}, {"op": "set", "side": "bid", "price": 0.32, "size": 115.0}, {"op": "set", "side": "ask", "price": 0.57, "size": 1333.0}]}
{"t": 1776976579.598368, "events": [{"op": "set", "side": "bid", "price": 0.33, "size": 64.0}, {"op": "set", "side": "bid", "price": 0.31, "size": 55.0}, {"op": "set", "side": "bid", "price": 0.32, "size": 45.0}]}
{"t": 1776976580.610691, "events": [{"op": "set", "side": "bid", "price": 0.31, "size": 29.0}, {"op": "set", "side": "bid", "price": 0.34, "size": 24.0}]}
{"t": 1776976582.626801, "events": [{"op": "set", "side": "bid", "price": 0.34, "size": 50.0}, {"op": "delete", "side": "bid", "price": 0.32}, {"op": "delete", "side": "bid", "price": 0.31}, {"op": "delete", "side": "bid", "price": 0.33}, {"op": "set", "side": "bid", "price": 0.25, "size": 33.0}, {"op": "set", "side": "bid", "price": 0.35, "size": 117.0}, {"op": "set", "side": "bid", "price": 0.36, "size": 666.0}, {"op": "set", "side": "bid", "price": 0.28, "size": 20.0}, {"op": "set", "side": "ask", "price": 0.56, "size": 1114.0}, {"op": "delete", "side": "ask", "price": 0.57}, {"op": "set", "side": "ask", "price": 0.6, "size": 1163.99}, {"op": "set", "side": "ask", "price": 0.61, "size": 23.0}]}
{"t": 1776976583.6361852, "events": [{"op": "set", "side": "ask", "price": 0.57, "size": 40.0}]}
{"t": 1776976585.646488, "events": [{"op": "delete", "side": "bid", "price": 0.28}, {"op": "set", "side": "bid", "price": 0.34, "size": 26.0}, {"op": "set", "side": "bid", "price": 0.37, "size": 23.0}]}
{"t": 1776976587.65838, "events": [{"op": "set", "side": "bid", "price": 0.37, "size": 53.0}, {"op": "delete", "side": "bid", "price": 0.36}, {"op": "delete", "side": "bid", "price": 0.35}, {"op": "delete", "side": "bid", "price": 0.34}, {"op": "set", "side": "bid", "price": 0.25, "size": 36.0}, {"op": "set", "side": "bid", "price": 0.38, "size": 134.0}, {"op": "set", "side": "bid", "price": 0.39, "size": 666.0}, {"op": "set", "side": "ask", "price": 0.56, "size": 767.0}, {"op": "set", "side": "ask", "price": 0.6, "size": 676.99}, {"op": "delete", "side": "ask", "price": 0.61}]}
{"t": 1776976588.667841, "events": [{"op": "set", "side": "bid", "price": 0.3, "size": 20.0}, {"op": "set", "side": "ask", "price": 0.57, "size": 2039.0}]}
{"t": 1776976590.681835, "events": [{"op": "set", "side": "bid", "price": 0.38, "size": 158.0}, {"op": "set", "side": "bid", "price": 0.37, "size": 30.0}, {"op": "set", "side": "ask", "price": 0.57, "size": 1999.0}, {"op": "set", "side": "ask", "price": 0.58, "size": 36.0}]}
{"t": 1776976592.712306, "events": [{"op": "set", "side": "bid", "price": 0.39, "size": 167.0}, {"op": "set", "side": "bid", "price": 0.38, "size": 122.0}, {"op": "delete", "side": "bid", "price": 0.37}, {"op": "set", "side": "bid", "price": 0.3, "size": 62.0}, {"op": "set", "side": "bid", "price": 0.25, "size": 16.0}, {"op": "delete", "side": "bid", "price": 0.04}, {"op": "set", "side": "bid", "price": 0.16, "size": 48.0}, {"op": "delete", "side": "ask", "price": 0.57}, {"op": "set", "side": "ask", "price": 0.58, "size": 2035.0}]}
{"t": 1776976593.717815, "events": [{"op": "set", "side": "bid", "price": 0.39, "size": 667.0}]}
{"t": 1776976595.7320058, "events": [{"op": "set", "side": "bid", "price": 0.38, "size": 98.0}, {"op": "set", "side": "bid", "price": 0.31, "size": 29.0}, {"op": "set", "side": "ask", "price": 0.59, "size": 32.0}, {"op": "set", "side": "ask", "price": 0.58, "size": 1999.0}]}
{"t": 1776976600.7549388, "events": [{"op": "set", "side": "ask", "price": 0.59, "size": 33.0}]}
{"t": 1776976605.780865, "events": [{"op": "delete", "side": "bid", "price": 0.39}, {"op": "delete", "side": "bid", "price": 0.38}, {"op": "delete", "side": "bid", "price": 0.3}, {"op": "set", "side": "bid", "price": 0.31, "size": 34.0}, {"op": "set", "side": "bid", "price": 0.23, "size": 30.0}, {"op": "set", "side": "bid", "price": 0.32, "size": 121.0}, {"op": "set", "side": "bid", "price": 0.33, "size": 666.0}, {"op": "set", "side": "ask", "price": 0.59, "size": 1999.0}, {"op": "set", "side": "ask", "price": 0.61, "size": 41.0}, {"op": "delete", "side": "ask", "price": 0.58}]}
{"t": 1776976607.800011, "events": [{"op": "delete", "side": "bid", "price": 0.33}, {"op": "set", "side": "bid", "price": 0.25, "size": 35.0}, {"op": "delete", "side": "bid", "price": 0.31}, {"op": "delete", "side": "bid", "price": 0.32}, {"op": "set", "side": "bid", "price": 0.26, "size": 82.0}, {"op": "set", "side": "bid", "price": 0.27, "size": 666.0}, {"op": "delete", "side": "ask", "price": 0.59}, {"op": "set", "side": "ask", "price": 0.6, "size": 1617.99}, {"op": "set", "side": "ask", "price": 0.61, "size": 708.0}, {"op": "set", "side": "ask", "price": 0.62, "size": 1.0}]}
{"t": 1776976610.818959, "events": [{"op": "delete", "side": "bid", "price": 0.23}, {"op": "set", "side": "bid", "price": 0.28, "size": 27.0}]}
{"t": 1776976624.9222841, "events": [{"op": "set", "side": "bid", "price": 0.28, "size": 33.0}, {"op": "delete", "side": "bid", "price": 0.27}, {"op": "delete", "side": "bid", "price": 0.26}, {"op": "set", "side": "bid", "price": 0.25, "size": 16.0}, {"op": "delete", "side": "bid", "price": 0.16}, {"op": "set", "side": "bid", "price": 0.3, "size": 75.0}, {"op": "set", "side": "bid", "price": 0.31, "size": 25.0}, {"op": "set", "side": "bid", "price": 0.04, "size": 49.0}, {"op": "set", "side": "bid", "price": 0.29, "size": 48.0}, {"op": "set", "side": "ask", "price": 0.61, "size": 441.0}, {"op": "set", "side": "ask", "price": 0.6, "size": 1602.99}, {"op": "delete", "side": "ask", "price": 0.62}]}
{"t": 1776976627.946018, "events": [{"op": "delete", "side": "bid", "price": 0.28}, {"op": "delete", "side": "bid", "price": 0.29}, {"op": "delete", "side": "bid", "price": 0.3}, {"op": "set", "side": "ask", "price": 0.6, "size": 675.99}, {"op": "set", "side": "ask", "price": 0.61, "size": 41.0}]}
{"t": 1776976629.966581, "events": [{"op": "delete", "side": "bid", "price": 0.31}]}
{"t": 1776976630.9735959, "events": [{"op": "set", "side": "bid", "price": 0.2, "size": 30.0}]}
{"t": 1776976632.999614, "events": [{"op": "set", "side": "bid", "price": 0.25, "size": 35.0}, {"op": "set", "side": "bid", "price": 0.27, "size": 666.0}, {"op": "set", "side": "bid", "price": 0.26, "size": 79.0}, {"op": "set", "side": "ask", "price": 0.6, "size": 1621.99}, {"op": "set", "side": "ask", "price": 0.61, "size": 708.0}, {"op": "set", "side": "ask", "price": 0.62, "size": 1.0}]}
{"t": 1776976635.0095758, "events": [{"op": "delete", "side": "bid", "price": 0.2}]}
{"t": 1776976636.012798, "events": [{"op": "delete", "side": "bid", "price": 0.27}, {"op": "delete", "side": "bid", "price": 0.26}, {"op": "set", "side": "bid", "price": 0.25, "size": 16.0}, {"op": "set", "side": "bid", "price": 0.28, "size": 27.0}, {"op": "delete", "side": "ask", "price": 0.62}]}
{"t": 1776976637.021386, "events": [{"op": "set", "side": "bid", "price": 0.28, "size": 60.0}, {"op": "set", "side": "bid", "price": 0.3, "size": 75.0}, {"op": "set", "side": "bid", "price": 0.29, "size": 48.0}, {"op": "set", "side": "ask", "price": 0.6, "size": 1603.99}, {"op": "set", "side": "ask", "price": 0.61, "size": 441.0}]}
{"t": 1776976640.0406752, "events": [{"op": "set", "side": "bid", "price": 0.28, "size": 33.0}]}
{"t": 1776976641.045354, "events": [{"op": "set", "side": "bid", "price": 0.31, "size": 25.0}]}
{"t": 1776976647.082238, "events": [{"op": "delete", "side": "bid", "price": 0.31}, {"op": "set", "side": "bid", "price": 0.32, "size": 49.0}, {"op": "delete", "side": "bid", "price": 0.04}, {"op": "set", "side": "bid", "price": 0.16, "size": 57.0}, {"op": "set", "side": "bid", "price": 0.33, "size": 24.0}]}
{"t": 1776976648.087174, "events": [{"op": "set", "side": "bid", "price": 0.33, "size": 168.0}, {"op": "delete", "side": "bid", "price": 0.28}, {"op": "delete", "side": "bid", "price": 0.29}, {"op": "delete", "side": "bid", "price": 0.3}, {"op": "set", "side": "bid", "price": 0.32, "size": 106.0}, {"op": "set", "side": "bid", "price": 0.34, "size": 666.0}, {"op": "set", "side": "ask", "price": 0.6, "size": 1342.99}, {"op": "set", "side": "ask", "price": 0.61, "size": 42.0}, {"op": "set", "side": "ask", "price": 0.57, "size": 1333.0}]}
{"t": 1776976650.106755, "events": [{"op": "set", "side": "bid", "price": 0.34, "size": 84.0}, {"op": "set", "side": "bid", "price": 0.32, "size": 49.0}, {"op": "set", "side": "bid", "price": 0.33, "size": 56.0}]}
{"t": 1776976651.118593, "events": [{"op": "set", "side": "bid", "price": 0.35, "size": 182.0}]}
{"t": 1776976653.130749, "events": [{"op": "set", "side": "bid", "price": 0.35, "size": 104.0}, {"op": "set", "side": "bid", "price": 0.32, "size": 82.0}, {"op": "delete", "side": "bid", "price": 0.34}, {"op": "delete", "side": "bid", "price": 0.33}, {"op": "set", "side": "bid", "price": 0.36, "size": 136.0}, {"op": "set", "side": "bid", "price": 0.28, "size": 20.0}, {"op": "set", "side": "bid", "price": 0.37, "size": 500.0}, {"op": "set", "side": "ask", "price": 0.56, "size": 1114.0}, {"op": "delete", "side": "ask", "price": 0.57}, {"op": "set", "side": "ask", "price": 0.6, "size": 1169.99}, {"op": "set", "side": "ask", "price": 0.61, "size": 64.0}]}
{"t": 1776976654.136329, "events": [{"op": "set", "side": "ask", "price": 0.61, "size": 23.0}, {"op": "set", "side": "ask", "price": 0.57, "size": 40.0}]}
{"t": 1776976655.139762, "events": [{"op": "set", "side": "bid", "price": 0.35, "size": 80.0}, {"op": "delete", "side": "ask", "price": 0.57}]}
{"t": 1776976656.145735, "events": [{"op": "set", "side": "bid", "price": 0.37, "size": 523.0}, {"op": "set", "side": "ask", "price": 0.57, "size": 40.0}]}
{"t": 1776976660.164791, "events": [{"op": "set", "side": "bid", "price": 0.37, "size": 218.0}, {"op": "delete", "side": "bid", "price": 0.36}, {"op": "delete", "side": "bid", "price": 0.35}, {"op": "set", "side": "bid", "price": 0.32, "size": 184.0}, {"op": "set", "side": "bid", "price": 0.38, "size": 301.0}, {"op": "set", "side": "bid", "price": 0.39, "size": 400.0}, {"op": "set", "side": "ask", "price": 0.56, "size": 767.0}, {"op": "set", "side": "ask", "price": 0.57, "size": 1999.0}, {"op": "set", "side": "ask", "price": 0.6, "size": 676.99}, {"op": "delete", "side": "ask", "price": 0.61}]}
{"t": 1776976662.1883461, "events": [{"op": "set", "side": "bid", "price": 0.38, "size": 325.0}, {"op": "set", "side": "ask", "price": 0.58, "size": 36.0}]}
{"t": 1776976665.228876, "events": [{"op": "set", "side": "bid", "price": 0.38, "size": 301.0}, {"op": "delete", "side": "ask", "price": 0.58}]}
{"t": 1776976666.242671, "events": [{"op": "set", "side": "bid", "price": 0.38, "size": 325.0}, {"op": "set", "side": "ask", "price": 0.58, "size": 36.0}]}
{"t": 1776976670.27538, "events": [{"op": "set", "side": "bid", "price": 0.38, "size": 301.0}, {"op": "delete", "side": "ask", "price": 0.58}]}
{"t": 1776976671.281625, "events": [{"op": "set", "side": "bid", "price": 0.38, "size": 325.0}, {"op": "set", "side": "ask", "price": 0.58, "size": 36.0}]}
{"t": 1776976675.3047261, "events": [{"op": "set", "side": "bid", "price": 0.38, "size": 301.0}, {"op": "delete", "side": "ask", "price": 0.58}]}
{"t": 1776976676.313505, "events": [{"op": "set", "side": "bid", "price": 0.38, "size": 325.0}, {"op": "set", "side": "ask", "price": 0.58, "size": 36.0}]}
{"t": 1776976680.334271, "events": [{"op": "set", "side": "bid", "price": 0.38, "size": 301.0}, {"op": "delete", "side": "ask", "price": 0.58}]}
{"t": 1776976681.3585122, "events": [{"op": "set", "side": "bid", "price": 0.38, "size": 325.0}, {"op": "set", "side": "ask", "price": 0.58, "size": 36.0}]}
{"t": 1776976688.379301, "events": [{"op": "delete", "side": "bid", "price": 0.37}, {"op": "delete", "side": "bid", "price": 0.16}, {"op": "set", "side": "bid", "price": 0.04, "size": 47.0}, {"op": "delete", "side": "ask", "price": 0.57}]}
{"t": 1776976689.3868952, "events": [{"op": "set", "side": "bid", "price": 0.39, "size": 640.0}, {"op": "set", "side": "bid", "price": 0.38, "size": 197.0}, {"op": "set", "side": "bid", "price": 0.32, "size": 155.0}, {"op": "set", "side": "ask", "price": 0.58, "size": 2035.0}]}
{"t": 1776976690.397115, "events": [{"op": "set", "side": "bid", "price": 0.38, "size": 173.0}, {"op": "set", "side": "ask", "price": 0.58, "size": 1999.0}]}
{"t": 1776976691.417778, "events": [{"op": "set", "side": "bid", "price": 0.33, "size": 28.0}, {"op": "set", "side": "ask", "price": 0.59, "size": 33.0}]}
{"t": 1776976694.6291242, "events": [{"op": "delete", "side": "bid", "price": 0.39}, {"op": "delete", "side": "bid", "price": 0.38}, {"op": "set", "side": "bid", "price": 0.32, "size": 49.0}, {"op": "set", "side": "ask", "price": 0.6, "size": 675.99}, {"op": "delete", "side": "ask", "price": 0.58}]}
{"t": 1776976695.801642, "events": [{"op": "delete", "side": "ask", "price": 0.59}, {"op": "set", "side": "ask", "price": 0.61, "size": 39.0}]}
{"t": 1776976699.857614, "events": [{"op": "set", "side": "bid", "price": 0.33, "size": 33.0}, {"op": "set", "side": "bid", "price": 0.32, "size": 66.0}, {"op": "set", "side": "bid", "price": 0.34, "size": 270.0}, {"op": "set", "side": "ask", "price": 0.6, "size": 1342.99}, {"op": "set", "side": "ask", "price": 0.61, "size": 40.0}, {"op": "set", "side": "ask", "price": 0.57, "size": 1333.0}]}
{"t": 1776976702.870096, "events": [{"op": "delete", "side": "bid", "price": 0.34}, {"op": "delete", "side": "bid", "price": 0.28}, {"op": "delete", "side": "bid", "price": 0.33}, {"op": "set", "side": "bid", "price": 0.35, "size": 24.0}, {"op": "delete", "side": "ask", "price": 0.57}, {"op": "set", "side": "ask", "price": 0.6, "size": 1178.99}]}
{"t": 1776976703.879584, "events": [{"op": "set", "side": "bid", "price": 0.35, "size": 50.0}, {"op": "set", "side": "bid", "price": 0.37, "size": 666.0}, {"op": "set", "side": "bid", "price": 0.36, "size": 110.0}, {"op": "set", "side": "bid", "price": 0.28, "size": 20.0}, {"op": "set", "side": "ask", "price": 0.56, "size": 1113.0}, {"op": "set", "side": "ask", "price": 0.61, "size": 62.0}]}
{"t": 1776976704.894332, "events": [{"op": "set", "side": "ask", "price": 0.61, "size": 23.0}, {"op": "set", "side": "ask", "price": 0.57, "size": 40.0}]}
{"t": 1776976705.8967402, "events": [{"op": "set", "side": "bid", "price": 0.37, "size": 690.0}, {"op": "set", "side": "bid", "price": 0.35, "size": 26.0}]}
{"t": 1776976708.926789, "events": [{"op": "set", "side": "bid", "price": 0.32, "size": 17.0}]}
{"t": 1776976709.929922, "events": [{"op": "delete", "side": "ask", "price": 0.57}]}
{"t": 1776976710.941517, "events": [{"op": "set", "side": "ask", "price": 0.57, "size": 40.0}]}
{"t": 1776976714.967621, "events": [{"op": "delete", "side": "ask", "price": 0.57}]}
{"t": 1776976715.9786172, "events": [{"op": "set", "side": "ask", "price": 0.57, "size": 40.0}]}
{"t": 1776976720.0040588, "events": [{"op": "set", "side": "bid", "price": 0.37, "size": 243.0}, {"op": "delete", "side": "bid", "price": 0.36}, {"op": "delete", "side": "bid", "price": 0.35}, {"op": "delete", "side": "bid", "price": 0.32}, {"op": "set", "side": "ask", "price": 0.56, "size": 767.0}, {"op": "set", "side": "ask", "price": 0.6, "size": 676.99}, {"op": "delete", "side": "ask", "price": 0.61}]}
{"t": 1776976721.023626, "events": [{"op": "set", "side": "bid", "price": 0.37, "size": 219.0}, {"op": "set", "side": "bid", "price": 0.28, "size": 179.0}, {"op": "set", "side": "bid", "price": 0.39, "size": 500.0}, {"op": "set", "side": "bid", "price": 0.38, "size": 347.0}, {"op": "delete", "side": "bid", "price": 0.04}, {"op": "set", "side": "bid", "price": 0.16, "size": 51.0}, {"op": "set", "side": "ask", "price": 0.57, "size": 1039.0}, {"op": "set", "side": "ask", "price": 0.58, "size": 1000.0}]}
{"t": 1776976725.0786262, "events": [{"op": "set", "side": "bid", "price": 0.38, "size": 323.0}, {"op": "set", "side": "ask", "price": 0.57, "size": 999.0}]}
{"t": 1776976727.112159, "events": [{"op": "set", "side": "bid", "price": 0.38, "size": 347.0}, {"op": "set", "side": "ask", "price": 0.59, "size": 32.0}]}
{"t": 1776976729.136172, "events": [{"op": "set", "side": "bid", "price": 0.39, "size": 215.0}, {"op": "set", "side": "bid", "price": 0.38, "size": 179.0}, {"op": "delete", "side": "bid", "price": 0.37}, {"op": "set", "side": "bid", "price": 0.28, "size": 115.0}, {"op": "set", "side": "ask", "price": 0.56, "size": 1766.0}, {"op": "set", "side": "ask", "price": 0.57, "size": 1000.0}, {"op": "delete", "side": "ask", "price": 0.58}]}
{"t": 1776976730.1580229, "events": [{"op": "set", "side": "bid", "price": 0.39, "size": 572.0}]}
{"t": 1776976732.18078, "events": [{"op": "set", "side": "bid", "price": 0.38, "size": 155.0}, {"op": "delete", "side": "ask", "price": 0.59}]}
{"t": 1776976736.203402, "events": [{"op": "set", "side": "bid", "price": 0.29, "size": 30.0}, {"op": "set", "side": "ask", "price": 0.58, "size": 36.0}]}
{"t": 1776976738.2212422, "events": [{"op": "delete", "side": "bid", "price": 0.39}, {"op": "delete", "side": "bid", "price": 0.38}, {"op": "delete", "side": "bid", "price": 0.28}, {"op": "set", "side": "ask", "price": 0.56, "size": 767.0}, {"op": "delete", "side": "ask", "price": 0.57}]}
{"t": 1776976739.229032, "events": [{"op": "set", "side": "bid", "price": 0.29, "size": 71.0}, {"op": "set", "side": "bid", "price": 0.31, "size": 133.0}, {"op": "set", "side": "bid", "price": 0.3, "size": 53.0}, {"op": "set", "side": "ask", "price": 0.59, "size": 1000.0}, {"op": "set", "side": "ask", "price": 0.58, "size": 1035.0}]}
{"t": 1776976740.2347279, "events": [{"op": "set", "side": "bid", "price": 0.31, "size": 97.0}, {"op": "set", "side": "bid", "price": 0.29, "size": 65.0}, {"op": "set", "side": "bid", "price": 0.3, "size": 52.0}]}
{"t": 1776976746.492167, "events": [{"op": "set", "side": "bid", "price": 0.29, "size": 35.0}, {"op": "set", "side": "ask", "price": 0.58, "size": 999.0}]}
{"t": 1776976751.5377312, "events": [{"op": "set", "side": "bid", "price": 0.32, "size": 45.0}, {"op": "set", "side": "ask", "price": 0.61, "size": 40.0}]}
{"t": 1776976752.540415, "events": [{"op": "delete", "side": "bid", "price": 0.32}, {"op": "set", "side": "bid", "price": 0.25, "size": 35.0}, {"op": "delete", "side": "bid", "price": 0.29}, {"op": "delete", "side": "bid", "price": 0.3}, {"op": "delete", "side": "bid", "price": 0.31}, {"op": "delete", "side": "bid", "price": 0.16}, {"op": "set", "side": "bid", "price": 0.26, "size": 76.0}, {"op": "set", "side": "bid", "price": 0.27, "size": 666.0}, {"op": "set", "side": "bid", "price": 0.04, "size": 48.0}, {"op": "set", "side": "bid", "price": 0.28, "size": 28.0}, {"op": "delete", "side": "ask", "price": 0.59}, {"op": "set", "side": "ask", "price": 0.57, "size": 1999.0}, {"op": "delete", "side": "ask", "price": 0.58}]}
{"t": 1776976759.609219, "events": [{"op": "delete", "side": "bid", "price": 0.27}, {"op": "delete", "side": "bid", "price": 0.26}, {"op": "set", "side": "bid", "price": 0.25, "size": 16.0}, {"op": "delete", "side": "ask", "price": 0.57}]}
{"t": 1776976760.616456, "events": [{"op": "set", "side": "bid", "price": 0.28, "size": 34.0}, {"op": "set", "side": "bid", "price": 0.31, "size": 25.0}, {"op": "set", "side": "bid", "price": 0.29, "size": 49.0}, {"op": "set", "side": "bid", "price": 0.3, "size": 77.0}, {"op": "set", "side": "ask", "price": 0.6, "size": 1618.99}, {"op": "set", "side": "ask", "price": 0.61, "size": 707.0}, {"op": "set", "side": "ask", "price": 0.62, "size": 1.0}]}
{"t": 1776976769.6871839, "events": [{"op": "delete", "side": "bid", "price": 0.31}, {"op": "delete", "side": "bid", "price": 0.28}, {"op": "delete", "side": "bid", "price": 0.29}, {"op": "delete", "side": "bid", "price": 0.3}, {"op": "set", "side": "ask", "price": 0.61, "size": 41.0}, {"op": "set", "side": "ask", "price": 0.6, "size": 1342.99}, {"op": "delete", "side": "ask", "price": 0.62}]}
