{"t": 1776975857.41232, "events": [{"op": "set", "side": "bid", "price": 0.01, "size": 1010.0}]}
{"t": 1776975858.419916, "events": [{"op": "set", "side": "bid", "price": 0.01, "size": 1020.0}]}
{"t": 1776975865.479498, "events": [{"op": "set", "side": "bid", "price": 0.01, "size": 1070.0}]}
{"t": 1776975867.501479, "events": [{"op": "set", "side": "bid", "price": 0.89, "size": 30.0}]}
{"t": 1776975878.59487, "events": [{"op": "set", "side": "bid", "price": 0.75, "size": 50.0}, {"op": "set", "side": "bid", "price": 0.74, "size": 115.0}, {"op": "set", "side": "ask", "price": 0.01, "size": 500.0}]}
{"t": 1776975881.629726, "events": [{"op": "set", "side": "bid", "price": 0.75, "size": 813.0}, {"op": "set", "side": "bid", "price": 0.74, "size": 352.0}, {"op": "set", "side": "ask", "price": 0.01, "size": 990.0}]}
{"t": 1776975940.061205, "events": [{"op": "set", "side": "bid", "price": 0.75, "size": 50.0}, {"op": "set", "side": "bid", "price": 0.74, "size": 115.0}, {"op": "set", "side": "ask", "price": 0.01, "size": 500.0}]}
{"t": 1776975942.095907, "events": [{"op": "set", "side": "bid", "price": 0.75, "size": 813.0}, {"op": "set", "side": "bid", "price": 0.74, "size": 352.0}, {"op": "set", "side": "ask", "price": 0.01, "size": 990.0}]}
{"t": 1776975951.2976189, "events": [{"op": "set", "side": "bid", "price": 0.75, "size": 50.0}, {"op": "set", "side": "bid", "price": 0.74, "size": 115.0}, {"op": "set", "side": "ask", "price": 0.01, "size": 500.0}]}
{"t": 1776975953.32274, "events": [{"op": "set", "side": "bid", "price": 0.75, "size": 813.0}, {"op": "set", "side": "bid", "price": 0.74, "size": 352.0}, {"op": "set", "side": "ask", "price": 0.01, "size": 990.0}]}
{"t": 1776976044.185159, "events": [{"op": "set", "side": "bid", "price": 0.75, "size": 50.0}, {"op": "set", "side": "bid", "price": 0.74, "size": 115.0}, {"op": "set", "side": "ask", "price": 0.01, "size": 500.0}]}
{"t": 1776976047.209746, "events": [{"op": "set", "side": "bid", "price": 0.75, "size": 813.0}, {"op": "set", "side": "bid", "price": 0.74, "size": 352.0}, {"op": "set", "side": "ask", "price": 0.01, "size": 990.0}]}
{"t": 1776976058.306615, "events": [{"op": "set", "side": "bid", "price": 0.75, "size": 50.0}, {"op": "set", "side": "bid", "price": 0.74, "size": 115.0}, {"op": "set", "side": "ask", "price": 0.01, "size": 500.0}]}
{"t": 1776976061.337662, "events": [{"op": "set", "side": "bid", "price": 0.75, "size": 813.0}, {"op": "set", "side": "bid", "price": 0.74, "size": 352.0}, {"op": "set", "side": "ask", "price": 0.01, "size": 990.0}]}
{"t": 1776976085.548361, "events": [{"op": "set", "side": "bid", "price": 0.75, "size": 50.0}, {"op": "set", "side": "bid", "price": 0.74, "size": 115.0}, {"op": "set", "side": "ask", "price": 0.01, "size": 500.0}]}
{"t": 1776976088.582797, "events": [{"op": "set", "side": "bid", "price": 0.75, "size": 813.0}, {"op": "set", "side": "bid", "price": 0.74, "size": 352.0}, {"op": "set", "side": "ask", "price": 0.01, "size": 990.0}]}
{"t": 1776976135.934583, "events": [{"op": "set", "side": "bid", "price": 0.75, "size": 50.0}, {"op": "set", "side": "bid", "price": 0.74, "size": 115.0}, {"op": "set", "side": "ask", "price": 0.01, "size": 500.0}]}
{"t": 1776976139.976351, "events": [{"op": "set", "side": "bid", "price": 0.75, "size": 813.0}, {"op": "set", "side": "bid", "price": 0.74, "size": 352.0}, {"op": "set", "side": "ask", "price": 0.01, "size": 990.0}]}
{"t": 1776976152.035327, "events": [{"op": "set", "side": "bid", "price": 0.75, "size": 50.0}, {"op": "set", "side": "bid", "price": 0.74, "size": 115.0}, {"op": "set", "side": "ask", "price": 0.01, "size": 500.0}]}
{"t": 1776976153.054967, "events": [{"op": "set", "side": "bid", "price": 0.75, "size": 813.0}, {"op": "set", "side": "bid", "price": 0.74, "size": 352.0}, {"op": "set", "side": "ask", "price": 0.01, "size": 990.0}]}
{"t": 1776976204.476952, "events": [{"op": "set", "side": "bid", "price": 0.75, "size": 50.0}, {"op": "set", "side": "bid", "price": 0.74, "size": 115.0}, {"op": "set", "side": "ask", "price": 0.01, "size": 500.0}]}
{"t": 1776976207.508864, "events": [{"op": "set", "side": "bid", "price": 0.75, "size": 813.0}, {"op": "set", "side": "bid", "price": 0.74, "size": 352.0}, {"op": "set", "side": "ask", "price": 0.01, "size": 990.0}]}
{"t": 1776976216.592851, "events": [{"op": "set", "side": "bid", "price": 0.01, "size": 1050.0}]}
{"t": 1776976225.663619, "events": [{"op": "delete", "side": "bid", "price": 0.89}, {"op": "set", "side": "bid", "price": 0.01, "size": 1000.0}]}
{"t": 1776976285.139929, "events": [{"op": "set", "side": "bid", "price": 0.74, "size": 115.0}, {"op": "set", "side": "bid", "price": 0.75, "size": 50.0}, {"op": "set", "side": "ask", "price": 0.01, "size": 500.0}]}
{"t": 1776976287.161626, "events": [{"op": "set", "side": "bid", "price": 0.74, "size": 352.0}, {"op": "set", "side": "bid", "price": 0.75, "size": 813.0}, {"op": "set", "side": "ask", "price": 0.01, "size": 990.0}]}
{"t": 1776976301.276474, "events": [{"op": "set", "side": "bid", "price": 0.74, "size": 115.0}, {"op": "set", "side": "bid", "price": 0.75, "size": 50.0}, {"op": "set", "side": "ask", "price": 0.01, "size": 500.0}]}
{"t": 1776976304.313708, "events": [{"op": "set", "side": "bid", "price": 0.74, "size": 352.0}, {"op": "set", "side": "bid", "price": 0.75, "size": 813.0}, {"op": "set", "side": "ask", "price": 0.01, "size": 990.0}]}
{"t": 1776976340.6580539, "events": [{"op": "set", "side": "bid", "price": 0.74, "size": 115.0}, {"op": "set", "side": "bid", "price": 0.75, "size": 50.0}, {"op": "set", "side": "ask", "price": 0.01, "size": 500.0}]}
{"t": 1776976350.768629, "events": [{"op": "set", "side": "bid", "price": 0.74, "size": 352.0}, {"op": "set", "side": "bid", "price": 0.75, "size": 813.0}, {"op": "set", "side": "ask", "price": 0.01, "size": 990.0}]}
{"t": 1776976351.775647, "events": [{"op": "set", "side": "bid", "price": 0.74, "size": 115.0}, {"op": "set", "side": "bid", "price": 0.75, "size": 50.0}, {"op": "set", "side": "ask", "price": 0.01, "size": 500.0}]}
{"t": 1776976355.830212, "events": [{"op": "set", "side": "bid", "price": 0.74, "size": 352.0}, {"op": "set", "side": "bid", "price": 0.75, "size": 813.0}, {"op": "set", "side": "ask", "price": 0.01, "size": 990.0}]}
{"t": 1776976425.340163, "events": [{"op": "set", "side": "bid", "price": 0.74, "size": 115.0}, {"op": "set", "side": "bid", "price": 0.75, "size": 50.0}, {"op": "set", "side": "ask", "price": 0.01, "size": 500.0}]}
{"t": 1776976427.360094, "events": [{"op": "set", "side": "bid", "price": 0.74, "size": 352.0}, {"op": "set", "side": "bid", "price": 0.75, "size": 813.0}, {"op": "set", "side": "ask", "price": 0.01, "size": 990.0}]}
{"t": 1776976465.66493, "events": [{"op": "set", "side": "bid", "price": 0.74, "size": 115.0}, {"op": "set", "side": "bid", "price": 0.75, "size": 50.0}, {"op": "set", "side": "ask", "price": 0.01, "size": 500.0}]}
{"t": 1776976468.700096, "events": [{"op": "set", "side": "bid", "price": 0.74, "size": 352.0}, {"op": "set", "side": "bid", "price": 0.75, "size": 813.0}, {"op": "set", "side": "ask", "price": 0.01, "size": 990.0}]}
{"t": 1776976477.761339, "events": [{"op": "set", "side": "bid", "price": 0.74, "size": 115.0}, {"op": "set", "side": "bid", "price": 0.75, "size": 50.0}, {"op": "set", "side": "ask", "price": 0.01, "size": 500.0}]}
{"t": 1776976480.793513, "events": [{"op": "set", "side": "bid", "price": 0.74, "size": 352.0}, {"op": "set", "side": "bid", "price": 0.75, "size": 813.0}, {"op": "set", "side": "ask", "price": 0.01, "size": 990.0}]}
{"t": 1776976513.0576482, "events": [{"op": "set", "side": "bid", "price": 0.63, "size": 2586.0}]}
{"t": 1776976536.203557, "events": [{"op": "set", "side": "bid", "price": 0.74, "size": 115.0}, {"op": "set", "side": "bid", "price": 0.75, "size": 50.0}, {"op": "set", "side": "ask", "price": 0.01, "size": 500.0}]}
{"t": 1776976538.221212, "events": [{"op": "set", "side": "bid", "price": 0.74, "size": 352.0}, {"op": "set", "side": "bid", "price": 0.75, "size": 813.0}, {"op": "set", "side": "ask", "price": 0.01, "size": 990.0}]}
{"t": 1776976569.49947, "events": [{"op": "set", "side": "bid", "price": 0.74, "size": 115.0}, {"op": "set", "side": "bid", "price": 0.75, "size": 50.0}, {"op": "set", "side": "ask", "price": 0.01, "size": 500.0}]}
{"t": 1776976571.5276349, "events": [{"op": "set", "side": "bid", "price": 0.74, "size": 352.0}, {"op": "set", "side": "bid", "price": 0.75, "size": 813.0}, {"op": "set", "side": "ask", "price": 0.01, "size": 990.0}]}
{"t": 1776976627.946018, "events": [{"op": "set", "side": "bid", "price": 0.74, "size": 115.0}, {"op": "set", "side": "bid", "price": 0.75, "size": 50.0}, {"op": "set", "side": "ask", "price": 0.01, "size": 500.0}]}
{"t": 1776976631.9891021, "events": [{"op": "set", "side": "bid", "price": 0.74, "size": 352.0}, {"op": "set", "side": "bid", "price": 0.75, "size": 813.0}, {"op": "set", "side": "ask", "price": 0.01, "size": 990.0}]}
{"t": 1776976694.6291242, "events": [{"op": "set", "side": "bid", "price": 0.74, "size": 115.0}, {"op": "set", "side": "bid", "price": 0.75, "size": 50.0}, {"op": "set", "side": "ask", "price": 0.01, "size": 500.0}]}
{"t": 1776976697.8306718, "events": [{"op": "set", "side": "bid", "price": 0.74, "size": 352.0}, {"op": "set", "side": "bid", "price": 0.75, "size": 813.0}, {"op": "set", "side": "ask", "price": 0.01, "size": 990.0}]}
{"t": 1776976798.966105, "events": [{"op": "set", "side": "bid", "price": 0.74, "size": 115.0}, {"op": "set", "side": "bid", "price": 0.75, "size": 50.0}, {"op": "set", "side": "ask", "price": 0.01, "size": 500.0}]}
{"t": 1776976803.02252, "events": [{"op": "set", "side": "bid", "price": 0.74, "size": 352.0}, {"op": "set", "side": "bid", "price": 0.75, "size": 813.0}, {"op": "set", "side": "ask", "price": 0.01, "size": 990.0}]}
{"t": 1776976823.281095, "events": [{"op": "set", "side": "bid", "price": 0.74, "size": 115.0}, {"op": "set", "side": "bid", "price": 0.75, "size": 50.0}, {"op": "set", "side": "ask", "price": 0.01, "size": 500.0}]}
{"t": 1776976826.322222, "events": [{"op": "set", "side": "bid", "price": 0.74, "size": 352.0}, {"op": "set", "side": "bid", "price": 0.75, "size": 813.0}, {"op": "set", "side": "ask", "price": 0.01, "size": 990.0}]}
{"t": 1776976873.730138, "events": [{"op": "set", "side": "bid", "price": 0.74, "size": 115.0}, {"op": "set", "side": "bid", "price": 0.75, "size": 50.0}, {"op": "set", "side": "ask", "price": 0.01, "size": 500.0}]}
{"t": 1776976876.771445, "events": [{"op": "set", "side": "bid", "price": 0.74, "size": 352.0}, {"op": "set", "side": "bid", "price": 0.75, "size": 813.0}, {"op": "set", "side": "ask", "price": 0.01, "size": 990.0}]}
{"t": 1776977027.54447, "events": [{"op": "set", "side": "bid", "price": 0.74, "size": 115.0}, {"op": "set", "side": "bid", "price": 0.75, "size": 50.0}, {"op": "set", "side": "ask", "price": 0.01, "size": 500.0}]}
{"t": 1776977031.587998, "events": [{"op": "set", "side": "bid", "price": 0.74, "size": 352.0}, {"op": "set", "side": "bid", "price": 0.75, "size": 813.0}, {"op": "set", "side": "ask", "price": 0.01, "size": 990.0}]}
{"t": 1776977130.577865, "events": [{"op": "set", "side": "bid", "price": 0.74, "size": 115.0}, {"op": "set", "side": "bid", "price": 0.75, "size": 50.0}, {"op": "set", "side": "ask", "price": 0.01, "size": 500.0}]}
{"t": 1776977254.579156, "events": [{"op": "set", "side": "bid", "price": 0.98, "size": 2.0}]}
{"t":1776978858.741338,"e":[[1,0,0.75,497.0],[1,0,0.74,329.0],[1,0,0.7,99.0],[1,1,0.01,1250.0]]}
{"t":1776978862.78689,"e":[[1,0,0.75,622.0],[1,0,0.74,293.0],[1,0,0.7,10.0]]}
{"t":1776978869.856717,"e":[[1,0,0.75,50.0],[1,0,0.74,115.0],[1,1,0.01,500.0]]}
{"t":1776978872.894586,"e":[[1,0,0.75,497.0],[1,0,0.74,329.0],[1,0,0.7,99.0],[1,1,0.01,1250.0]]}
{"t":1776978879.942566,"e":[[1,0,0.7,10.0]]}
{"t":1776978880.958843,"e":[[1,0,0.75,622.0],[1,0,0.74,293.0]]}
{"t":1776978909.223537,"e":[[1,0,0.75,50.0],[1,0,0.74,115.0],[1,1,0.01,500.0]]}
{"t":1776978914.3329191,"e":[[1,0,0.75,496.0],[1,0,0.74,329.0],[1,0,0.7,99.0],[1,1,0.01,1250.0]]}
{"t":1776978924.409956,"e":[[1,0,0.75,622.0],[1,0,0.74,293.0],[1,0,0.7,10.0]]}
{"t":1776978933.487251,"e":[[1,0,0.75,50.0],[1,0,0.74,115.0],[1,1,0.01,500.0]]}
{"t":1776978934.500247,"e":[[1,0,0.75,494.0],[1,0,0.74,328.0],[1,0,0.7,98.0],[1,1,0.01,1250.0]]}
{"t":1776978937.528013,"e":[[0,0,0.98],[1,0,0.97,1249.8200000000002],[1,0,0.75,622.0],[1,0,0.74,293.0],[1,0,0.7,10.0]]}
{"t":1776978943.870709,"e":[[1,0,0.01,50.0]]}
{"t":1776978946.924822,"e":[[0,0,0.02],[1,0,0.89,30.0],[1,0,0.01,97.0]]}
{"t":1776978979.146398,"e":[[1,0,0.75,50.0],[1,0,0.74,115.0],[1,0,0.88,50.0],[1,1,0.01,500.0]]}
{"t":1776978982.174557,"e":[[1,0,0.75,622.0],[1,0,0.74,293.0],[1,1,0.01,990.0]]}
{"t":1776979006.375099,"e":[[1,0,0.75,50.0],[1,0,0.74,115.0],[1,1,0.01,500.0]]}
{"t":1776979009.408774,"e":[[1,0,0.75,622.0],[1,0,0.74,293.0],[1,1,0.01,990.0]]}
{"t":1776979021.503144,"e":[[1,0,0.75,50.0],[1,0,0.74,115.0],[1,1,0.01,500.0]]}
{"t":1776979024.5338361,"e":[[1,0,0.75,622.0],[1,0,0.74,293.0],[1,1,0.01,1040.0]]}
{"t":1776979081.134896,"e":[[1,0,0.75,50.0],[1,0,0.74,115.0],[1,1,0.01,550.0]]}
{"t":1776979085.186368,"e":[[1,0,0.75,622.0],[1,0,0.74,293.0],[1,1,0.01,1089.0]]}
{"t":1776979102.3232388,"e":[[1,0,0.75,50.0],[1,0,0.74,115.0],[1,1,0.01,550.0]]}
{"t":1776979106.3717089,"e":[[1,0,0.75,622.0],[1,0,0.74,293.0],[1,1,0.01,1089.0]]}
{"t":1776979111.404879,"e":[[1,0,0.75,50.0],[1,0,0.74,115.0],[1,1,0.01,550.0]]}
{"t":1776979114.437589,"e":[[1,0,0.75,622.0],[1,0,0.74,293.0],[1,0,0.01,107.0],[1,1,0.01,1089.0]]}
{"t":1776979116.4491909,"e":[[1,0,0.01,117.0]]}
{"t":1776979130.556236,"e":[[1,0,0.75,50.0],[1,0,0.74,115.0],[1,1,0.01,550.0]]}
{"t":1776979133.575329,"e":[[1,0,0.75,622.0],[1,0,0.74,293.0],[1,1,0.01,1089.0]]}
{"t":1776979135.5978959,"e":[[1,0,0.75,50.0],[1,0,0.74,115.0],[1,1,0.01,550.0]]}
{"t":1776979138.624363,"e":[[1,0,0.75,622.0],[1,0,0.74,293.0],[1,1,0.01,1089.0]]}
{"t":1776979162.765724,"e":[[1,0,0.75,50.0],[1,0,0.74,115.0],[1,1,0.01,550.0]]}
{"t":1776979166.8385139,"e":[[1,0,0.75,622.0],[1,0,0.74,293.0],[1,1,0.01,1089.0]]}
{"t":1776979208.261129,"e":[[1,0,0.75,50.0],[1,0,0.74,115.0],[1,1,0.01,550.0]]}
{"t":1776979210.3045912,"e":[[1,0,0.75,622.0],[1,0,0.74,293.0],[1,1,0.01,1089.0]]}
{"t":1776979212.337474,"e":[[0,0,0.88],[1,1,0.01,1039.0]]}
{"t":1776979250.753281,"e":[[1,0,0.75,50.0],[1,0,0.74,115.0],[1,0,0.88,16.0],[1,1,0.01,500.0]]}
{"t":1776979251.799284,"e":[[1,0,0.75,800.0],[1,1,0.01,1250.0]]}
{"t":1776979286.150522,"e":[[1,0,0.75,50.0],[1,1,0.01,500.0]]}
{"t":1776979288.1660001,"e":[[1,0,0.75,622.0],[1,0,0.74,293.0],[1,1,0.01,990.0]]}
{"t":1776979294.2221088,"e":[[1,0,0.01,97.0]]}
{"t":1776979304.287489,"e":[[0,0,0.89],[1,0,0.01,47.0]]}
{"t":1776979322.47595,"e":[[1,0,0.75,50.0],[1,0,0.74,115.0],[1,1,0.01,500.0]]}
{"t":1776979326.529491,"e":[[0,0,0.88]]}
{"t":1776979328.557861,"e":[[1,0,0.74,293.0],[1,0,0.75,622.0],[1,1,0.01,990.0]]}
{"t":1776979357.799739,"e":[[1,0,0.74,115.0],[1,0,0.75,50.0],[1,1,0.01,500.0]]}
{"t":1776979358.815964,"e":[[1,0,0.74,293.0],[1,0,0.75,622.0],[1,1,0.01,990.0]]}
{"t":1776979373.992595,"e":[[1,0,0.74,115.0],[1,0,0.75,50.0],[1,1,0.01,500.0]]}
{"t":1776979378.053979,"e":[[1,0,0.74,293.0],[1,0,0.75,622.0],[1,1,0.01,990.0]]}
{"t":1776979393.279681,"e":[[1,0,0.74,115.0],[1,0,0.75,50.0],[1,1,0.01,500.0]]}
{"t":1776979396.311556,"e":[[1,0,0.74,293.0],[1,0,0.75,622.0],[1,1,0.01,990.0]]}
{"t":1776979404.426751,"e":[[1,0,0.74,115.0],[1,0,0.75,50.0],[1,1,0.01,500.0]]}
{"t":1776979407.472841,"e":[[1,0,0.74,293.0],[1,0,0.75,622.0],[1,1,0.01,990.0]]}
{"t":1776979421.670975,"e":[[1,0,0.74,115.0],[1,0,0.75,50.0],[1,1,0.01,500.0]]}
{"t":1776979424.820554,"e":[[1,0,0.74,293.0],[1,0,0.75,622.0],[1,1,0.01,990.0]]}
{"t":1776979440.0022578,"e":[[1,0,0.74,115.0],[1,0,0.75,50.0],[1,1,0.01,500.0]]}
{"t":1776979443.037045,"e":[[1,0,0.74,293.0],[1,0,0.75,622.0],[1,1,0.01,990.0]]}
{"t":1776979499.5889611,"e":[[1,0,0.74,115.0],[1,0,0.75,50.0],[1,1,0.01,500.0]]}
{"t":1776979502.631507,"e":[[1,0,0.74,293.0],[1,0,0.75,622.0],[1,1,0.01,990.0]]}
{"t":1776979636.021319,"e":[[1,0,0.74,115.0],[1,0,0.75,50.0],[1,1,0.01,500.0]]}
{"t":1776979637.049831,"e":[[1,0,0.74,293.0],[1,0,0.75,622.0],[1,1,0.01,990.0]]}
{"t":1776979641.110275,"e":[[1,0,0.74,115.0],[1,0,0.75,50.0],[1,1,0.01,500.0]]}
{"t":1776979645.163307,"e":[[1,0,0.74,293.0],[1,0,0.75,622.0],[1,1,0.01,990.0]]}
{"t":1776979673.505915,"e":[[1,0,0.74,115.0],[1,0,0.75,50.0],[1,1,0.01,500.0]]}
{"t":1776979677.5577102,"e":[[1,0,0.74,293.0],[1,0,0.75,622.0],[1,1,0.01,990.0]]}
{"t":1776979714.936487,"e":[[1,0,0.74,115.0],[1,0,0.75,50.0],[1,1,0.01,500.0]]}
{"t":1776979718.986039,"e":[[1,0,0.74,293.0],[1,0,0.75,622.0],[1,1,0.01,990.0]]}
{"t":1776979736.216362,"e":[[1,0,0.74,115.0],[1,0,0.75,50.0],[1,1,0.01,500.0]]}
{"t":1776979738.25713,"e":[[1,0,0.74,293.0],[1,0,0.75,622.0],[1,1,0.01,990.0]]}
{"t":1776979820.0560918,"e":[[1,0,0.74,115.0],[1,0,0.75,50.0],[1,1,0.01,500.0]]}
{"t":1776979824.103594,"e":[[1,0,0.74,293.0],[1,0,0.75,622.0],[1,1,0.01,990.0]]}
{"t":1776979832.244597,"e":[[1,0,0.74,115.0],[1,0,0.75,50.0],[1,1,0.01,500.0]]}
{"t":1776979835.291805,"e":[[1,0,0.74,293.0],[1,0,0.75,622.0],[1,1,0.01,990.0]]}
{"t":1776979866.614618,"e":[[1,0,0.74,115.0],[1,0,0.75,50.0],[1,1,0.01,500.0]]}
{"t":1776979871.663184,"e":[[1,0,0.74,293.0],[1,0,0.75,622.0],[1,1,0.01,990.0]]}
{"t":1776979948.596159,"e":[[1,0,0.74,115.0],[1,0,0.75,50.0],[1,1,0.01,500.0]]}
{"t":1776979952.65566,"e":[[1,0,0.74,293.0],[1,0,0.75,622.0],[1,1,0.01,990.0]]}
{"t":1776980002.208147,"e":[[1,0,0.74,115.0],[1,0,0.75,50.0],[1,1,0.01,500.0]]}
{"t":1776980006.266819,"e":[[1,0,0.74,293.0],[1,0,0.75,622.0],[1,1,0.01,990.0]]}
{"t":1776980031.561755,"e":[[1,0,0.74,115.0],[1,0,0.75,50.0],[1,1,0.01,500.0]]}
{"t":1776980034.6140401,"e":[[1,0,0.74,293.0],[1,0,0.75,622.0],[1,1,0.01,990.0]]}
{"t":1776980216.500921,"e":[[1,0,0.74,115.0],[1,0,0.75,50.0],[1,1,0.01,500.0]]}
{"t":1776980218.545161,"e":[[1,0,0.74,293.0],[1,0,0.75,622.0],[1,1,0.01,990.0]]}
{"t":1776980339.870958,"e":[[1,0,0.74,115.0],[1,0,0.75,50.0],[1,1,0.01,500.0]]}
{"t":1776980346.9657018,"e":[[1,0,0.74,293.0],[1,0,0.75,622.0],[1,1,0.01,990.0]]}
{"t":1776980359.084876,"e":[[1,0,0.74,115.0],[1,0,0.75,50.0],[1,1,0.01,500.0]]}
{"t":1776980363.136044,"e":[[1,0,0.74,293.0],[1,0,0.75,622.0],[1,1,0.01,990.0]]}
{"t":1776980428.823528,"e":[[1,0,0.74,115.0],[1,0,0.75,50.0],[1,1,0.01,500.0]]}
{"t":1776980431.865155,"e":[[1,0,0.74,293.0],[1,0,0.75,622.0],[1,1,0.01,990.0]]}
{"t":1776980438.9541829,"e":[[1,0,0.74,115.0],[1,0,0.75,50.0],[1,1,0.01,500.0]]}
{"t":1776980441.991785,"e":[[1,0,0.74,293.0],[1,0,0.75,622.0],[1,1,0.01,990.0]]}
{"t":1776980488.560389,"e":[[1,0,0.74,115.0],[1,0,0.75,50.0],[1,1,0.01,500.0]]}
{"t":1776980490.596148,"e":[[1,0,0.74,293.0],[1,0,0.75,622.0],[1,1,0.01,990.0]]}
{"t":1776980524.08113,"e":[[1,0,0.74,115.0],[1,0,0.75,800.0],[1,1,0.01,1250.0]]}
{"t":1776980562.5381172,"e":[[1,0,0.75,50.0],[1,1,0.01,500.0]]}
{"t":1776980566.604689,"e":[[1,0,0.74,293.0],[1,0,0.75,622.0],[1,1,0.01,1015.0]]}
{"t":1776980577.735656,"e":[[1,0,0.74,115.0],[1,0,0.75,50.0],[1,1,0.01,500.0]]}
{"t":1776980578.763276,"e":[[1,0,0.74,293.0],[1,0,0.75,622.0],[1,1,0.01,1022.0]]}
{"t":1776980589.9223082,"e":[[1,0,0.74,115.0],[1,0,0.75,50.0],[1,1,0.01,500.0]]}
{"t":1776980592.981667,"e":[[1,0,0.74,293.0],[1,0,0.75,622.0],[1,1,0.01,1028.0]]}
{"t":1776980758.610584,"e":[[1,0,0.74,115.0],[1,0,0.75,50.0],[1,1,0.01,500.0]]}
{"t":1776980763.703736,"e":[[1,0,0.74,293.0],[1,0,0.75,622.0],[1,1,0.01,1112.0]]}
{"t":1776980773.826316,"e":[[1,0,0.98,165.0]]}
{"t":1776980824.307413,"e":[[1,0,0.98,1165.0]]}
{"t":1776980842.4296498,"e":[[1,0,0.75,50.0],[1,0,0.74,115.0],[1,1,0.01,500.0]]}
{"t":1776980845.4702349,"e":[[1,0,0.75,622.0],[1,0,0.74,293.0],[1,1,0.01,1150.0]]}
{"t":1776980929.387115,"e":[[1,0,0.75,50.0],[1,0,0.74,115.0],[1,1,0.01,500.0]]}
{"t":1776980932.421974,"e":[[1,0,0.75,622.0],[1,0,0.74,293.0],[1,1,0.01,1188.0]]}
{"t":1776980942.557023,"e":[[1,0,0.98,1000.0],[1,0,0.75,50.0],[1,0,0.74,115.0],[1,1,0.01,500.0]]}
{"t":1776980945.5937312,"e":[[1,0,0.75,622.0],[1,0,0.74,293.0],[1,1,0.01,1193.0]]}
{"t":1776980957.745952,"e":[[1,0,0.75,50.0],[1,0,0.74,115.0],[1,1,0.01,500.0]]}
{"t":1776980960.798671,"e":[[1,0,0.75,622.0],[1,0,0.74,293.0],[1,1,0.01,1199.0]]}
{"t":1776980976.982363,"e":[[1,0,0.75,50.0],[1,0,0.74,115.0],[1,1,0.01,500.0]]}
{"t":1776980980.029228,"e":[[1,0,0.75,622.0],[1,0,0.74,293.0],[1,1,0.01,1207.0]]}
{"t":1776980995.2883961,"e":[[1,0,0.75,50.0],[1,0,0.74,115.0],[1,1,0.01,500.0]]}
{"t":1776980999.340385,"e":[[1,0,0.75,622.0],[1,0,0.74,293.0],[1,1,0.01,1215.0]]}
{"t":1776981008.444097,"e":[[1,0,0.75,50.0],[1,0,0.74,115.0],[1,1,0.01,500.0]]}
{"t":1776981013.51339,"e":[[1,0,0.75,622.0],[1,0,0.74,293.0],[1,1,0.01,1220.0]]}
{"t":1776981018.585931,"e":[[1,0,0.75,50.0],[1,0,0.74,115.0],[1,1,0.01,500.0]]}
{"t":1776981021.6490638,"e":[[1,0,0.75,622.0],[1,0,0.74,293.0],[1,1,0.01,1224.0]]}
{"t":1776981039.859245,"e":[[1,0,0.75,50.0],[1,0,0.74,115.0],[1,1,0.01,500.0]]}
{"t":1776981043.911885,"e":[[1,0,0.75,622.0],[1,0,0.74,293.0],[1,1,0.01,1233.0]]}
{"t":1776981072.162536,"e":[[1,0,0.75,50.0],[1,0,0.74,115.0],[1,1,0.01,500.0]]}
{"t":1776981074.199422,"e":[[1,0,0.75,622.0],[1,0,0.74,293.0],[1,1,0.01,1244.0]]}
{"t":1776981087.326062,"e":[[1,0,0.75,50.0],[1,0,0.74,115.0],[1,1,0.01,500.0]]}
{"t":1776981088.35586,"e":[[1,0,0.75,622.0],[1,0,0.74,293.0],[1,1,0.01,1250.0]]}
{"t":1776981100.51648,"e":[[1,0,0.75,50.0],[1,0,0.74,115.0],[1,1,0.01,500.0]]}
{"t":1776981102.5422,"e":[[1,0,0.75,622.0],[1,0,0.74,293.0],[1,1,0.01,1250.0]]}
{"t":1776981193.665442,"e":[[1,0,0.75,50.0],[1,0,0.74,115.0],[1,1,0.01,500.0]]}
{"t":1776981196.725966,"e":[[1,0,0.75,622.0],[1,0,0.74,293.0],[1,1,0.01,1250.0]]}
{"t":1776981206.826984,"e":[[1,0,0.75,50.0],[1,0,0.74,115.0],[1,1,0.01,500.0]]}
{"t":1776981210.864474,"e":[[1,0,0.75,622.0],[1,0,0.74,293.0],[1,1,0.01,1250.0]]}
{"t":1776981249.287044,"e":[[1,0,0.75,50.0],[1,0,0.74,115.0],[1,1,0.01,500.0]]}
{"t":1776981252.324728,"e":[[1,0,0.75,622.0],[1,0,0.74,293.0],[1,1,0.01,1250.0]]}
{"t":1776981263.4313338,"e":[[1,0,0.75,50.0],[1,0,0.74,115.0],[1,1,0.01,500.0]]}
{"t":1776981265.4678552,"e":[[1,0,0.75,622.0],[1,0,0.74,293.0],[1,1,0.01,1250.0]]}
{"t":1776981297.8282409,"e":[[1,0,0.75,50.0],[1,0,0.74,115.0],[1,1,0.01,500.0]]}
{"t":1776981304.938706,"e":[[1,0,0.63,2534.0]]}
{"t":1776982863.092203,"e":[[0,0,0.74],[0,0,0.49]]}
{"t":1776984346.104505,"e":[[1,0,0.98,1250.0],[0,0,0.96]]}
{"t":1776984523.837309,"e":[[1,0,0.74,115.0],[1,0,0.49,100.0]]}
{"t":1776985638.828205,"e":[[1,1,0.01,491.93]]}
{"t":1776985743.7749188,"e":[[0,0,0.74],[0,0,0.49]]}
{"t":1776986079.7892532,"e":[[1,0,0.63,2495.0]]}
{"t":1776986160.448997,"e":[[1,0,0.98,1000.0]]}
{"t":1776986193.724417,"e":[[1,0,0.98,906.42]]}
{"t":1776986313.663645,"e":[[1,0,0.75,300.0],[1,1,0.01,741.9300000000001]]}
{"t":1776986363.351876,"e":[[1,0,0.75,50.0],[1,1,0.01,491.93000000000006]]}
{"t":1776986365.405177,"e":[[1,0,0.75,300.0],[1,1,0.01,741.9300000000001]]}
{"t":1776986383.65274,"e":[[1,0,0.75,50.0],[1,1,0.01,491.93000000000006]]}
{"t":1776986384.680605,"e":[[1,0,0.75,300.0],[1,1,0.01,741.9300000000001]]}
{"t":1776986397.8622699,"e":[[1,0,0.75,50.0],[1,1,0.01,491.93000000000006]]}
{"t":1776986401.9132118,"e":[[1,0,0.75,300.0],[1,1,0.01,741.9300000000001]]}
{"t":1776986419.158252,"e":[[1,0,0.75,50.0],[1,1,0.01,491.93000000000006]]}
{"t":1776986421.196193,"e":[[1,0,0.75,300.0],[1,1,0.01,741.9300000000001]]}
{"t":1776986437.380849,"e":[[1,0,0.75,50.0],[1,1,0.01,491.93000000000006]]}
{"t":1776986440.453592,"e":[[1,0,0.75,300.0],[1,1,0.01,741.9300000000001]]}
{"t":1776986469.807368,"e":[[1,0,0.75,50.0],[1,1,0.01,491.93000000000006]]}
{"t":1776986472.854091,"e":[[1,0,0.75,300.0],[1,1,0.01,741.9300000000001]]}
{"t":1776986494.109504,"e":[[1,0,0.75,50.0],[1,1,0.01,491.93000000000006]]}
{"t":1776986496.1457589,"e":[[1,0,0.75,300.0],[1,1,0.01,741.9300000000001]]}
{"t":1776986534.6683981,"e":[[1,0,0.75,50.0],[1,1,0.01,491.93000000000006]]}
{"t":1776986537.7171562,"e":[[1,0,0.75,300.0],[1,1,0.01,741.9300000000001]]}
{"t":1776986573.241257,"e":[[1,0,0.75,50.0],[1,1,0.01,491.93000000000006]]}
{"t":1776986574.2613492,"e":[[1,0,0.75,300.0],[1,1,0.01,741.9300000000001]]}
{"t":1776986579.318312,"e":[[1,0,0.75,50.0],[1,1,0.01,491.93000000000006]]}
{"t":1776986581.3651452,"e":[[1,0,0.75,300.0],[1,1,0.01,741.9300000000001]]}
{"t":1776986659.255121,"e":[[1,0,0.75,50.0],[1,1,0.01,491.93000000000006]]}
{"t":1776986662.317495,"e":[[1,0,0.75,300.0],[1,1,0.01,741.9300000000001]]}
{"t":1776986680.548555,"e":[[1,0,0.75,50.0],[1,1,0.01,491.93000000000006]]}
{"t":1776986682.5754209,"e":[[1,0,0.75,300.0],[1,1,0.01,741.9300000000001]]}
{"t":1776986705.846477,"e":[[1,0,0.75,50.0],[1,1,0.01,491.93000000000006]]}
{"t":1776986708.8906822,"e":[[1,0,0.75,300.0],[1,1,0.01,741.9300000000001]]}
{"t":1776986729.172899,"e":[[1,0,0.75,50.0],[1,1,0.01,491.93000000000006]]}
{"t":1776986733.2222269,"e":[[1,0,0.75,300.0],[1,1,0.01,741.9300000000001]]}
{"t":1776986832.4536839,"e":[[1,0,0.75,50.0],[1,1,0.01,491.93000000000006]]}
{"t":1776986837.5276139,"e":[[1,0,0.75,300.0],[1,1,0.01,741.9300000000001]]}
{"t":1776986869.923723,"e":[[1,0,0.75,50.0],[1,1,0.01,491.93000000000006]]}
{"t":1776986872.010302,"e":[[1,0,0.75,300.0],[1,1,0.01,741.9300000000001]]}
{"t":1776986886.168145,"e":[[1,0,0.75,50.0],[1,1,0.01,491.93000000000006]]}
{"t":1776986888.2016718,"e":[[1,0,0.75,300.0],[1,1,0.01,741.9300000000001]]}
{"t":1776986915.520103,"e":[[1,0,0.75,50.0],[1,1,0.01,491.93000000000006]]}
{"t":1776986919.5786638,"e":[[1,0,0.75,300.0],[1,1,0.01,741.9300000000001]]}
{"t":1776986942.903061,"e":[[1,0,0.75,50.0],[1,1,0.01,491.93000000000006]]}
{"t":1776986946.9656582,"e":[[1,0,0.75,300.0],[1,1,0.01,741.9300000000001]]}
{"t":1776986947.983878,"e":[[1,0,0.75,50.0],[1,1,0.01,491.93000000000006]]}
{"t":1776986952.033379,"e":[[1,0,0.75,300.0],[1,1,0.01,741.9300000000001]]}
{"t":1776986964.188865,"e":[[1,0,0.75,50.0],[1,1,0.01,491.93000000000006]]}
{"t":1776986967.225376,"e":[[1,0,0.75,300.0],[1,1,0.01,741.9300000000001]]}
{"t":1776986970.258007,"e":[[1,0,0.75,50.0],[1,1,0.01,491.93000000000006]]}
{"t":1776986972.294152,"e":[[1,0,0.75,300.0],[1,1,0.01,741.9300000000001]]}
{"t":1776986979.398657,"e":[[1,0,0.75,50.0],[1,1,0.01,491.93000000000006]]}
{"t":1776986981.42221,"e":[[1,0,0.75,300.0],[1,1,0.01,741.9300000000001]]}
{"t":1776986996.63327,"e":[[1,0,0.75,50.0],[1,1,0.01,491.93000000000006]]}
{"t":1776986997.66156,"e":[[1,0,0.75,300.0],[1,1,0.01,741.9300000000001]]}
{"t":1776987043.294888,"e":[[1,0,0.52,1000.0]]}
{"t":1776987079.743087,"e":[[1,0,0.75,50.0],[1,1,0.01,491.93000000000006]]}
{"t":1776987080.771084,"e":[[1,0,0.75,300.0],[1,1,0.01,741.9300000000001]]}
{"t":1776987127.571431,"e":[[1,0,0.75,50.0],[1,1,0.01,491.93000000000006]]}
{"t":1776987129.617493,"e":[[1,0,0.75,300.0],[1,1,0.01,741.9300000000001]]}
{"t":1776987131.655811,"e":[[1,0,0.75,50.0],[1,1,0.01,491.93000000000006]]}
{"t":1776987135.711443,"e":[[1,0,0.75,300.0],[1,1,0.01,741.9300000000001]]}
{"t":1776987144.8593578,"e":[[1,0,0.75,50.0],[1,1,0.01,491.93000000000006]]}
{"t":1776987148.931984,"e":[[1,0,0.75,300.0],[1,1,0.01,741.9300000000001]]}
{"t":1776987208.6758132,"e":[[1,0,0.75,50.0],[1,1,0.01,491.93000000000006]]}
{"t":1776987211.718431,"e":[[1,0,0.75,300.0],[1,1,0.01,741.9300000000001]]}
{"t":1776987268.385867,"e":[[1,0,0.75,50.0],[1,1,0.01,491.93000000000006]]}
{"t":1776987271.432161,"e":[[1,0,0.75,300.0],[1,1,0.01,741.9300000000001]]}
{"t":1776987281.563214,"e":[[1,1,0.01,641.0]]}
{"t":1776987299.785046,"e":[[1,0,0.01,147.0]]}
{"t":1776987302.818511,"e":[[1,0,0.89,60.0]]}
{"t":1776987303.8303108,"e":[[1,0,0.75,116.0]]}
{"t":1776987304.843679,"e":[[1,0,0.89,244.0]]}
{"t":1776987307.884866,"e":[[1,0,0.89,60.0],[1,0,0.75,50.0],[1,1,0.01,391.0]]}
{"t":1776987308.906742,"e":[[1,0,0.89,244.0],[1,0,0.75,116.0],[1,1,0.01,641.0]]}
{"t":1776987317.0173628,"e":[[1,0,0.89,60.0],[1,0,0.75,50.0],[1,1,0.01,391.0]]}
{"t":1776987318.03879,"e":[[1,0,0.89,244.0],[1,0,0.75,116.0],[1,1,0.01,641.0]]}
{"t":1776987362.556312,"e":[[1,0,0.89,60.0],[1,0,0.75,50.0],[1,1,0.01,391.0]]}
{"t":1776987365.6062982,"e":[[1,1,0.01,441.0]]}
{"t":1776987366.622816,"e":[[1,0,0.89,244.0],[1,0,0.75,116.0],[1,1,0.01,691.0]]}
{"t":1776987388.8948748,"e":[[1,0,0.89,60.0],[1,0,0.75,50.0],[1,1,0.01,441.0]]}
{"t":1776987392.957681,"e":[[1,0,0.89,244.0],[1,0,0.75,116.0],[1,1,0.01,691.0]]}
{"t":1776987479.0298188,"e":[[1,1,0.01,635.0]]}
{"t":1776987480.037149,"e":[[1,0,0.89,60.0],[1,0,0.75,50.0],[1,1,0.01,385.0]]}
{"t":1776987481.0704799,"e":[[1,0,0.89,310.0],[1,1,0.01,635.0]]}
{"t":1776987486.1523788,"e":[[1,0,0.89,250.0],[1,0,0.01,47.0]]}
{"t":1776987487.161367,"e":[[0,0,0.89]]}
{"t":1776987488.1848361,"e":[[1,0,0.75,192.0],[1,0,0.7,85.0],[1,0,0.63,2528.0],[1,1,0.01,651.0]]}
{"t":1776987509.499563,"e":[[1,0,0.75,50.0],[1,0,0.7,10.0],[1,0,0.63,2495.0],[1,1,0.01,401.0]]}
{"t":1776987513.572844,"e":[[1,0,0.75,192.0],[1,0,0.7,85.0],[1,0,0.63,2528.0],[1,1,0.01,651.0]]}
{"t":1776987531.878761,"e":[[1,0,0.75,50.0],[1,0,0.7,10.0],[1,0,0.63,2495.0],[1,1,0.01,401.0]]}
{"t":1776987532.89665,"e":[[1,0,0.75,192.0],[1,0,0.7,85.0],[1,0,0.63,2528.0],[1,1,0.01,651.0]]}
{"t":1776987546.0651488,"e":[[1,0,0.75,50.0],[1,0,0.7,10.0],[1,0,0.63,2495.0],[1,1,0.01,401.0]]}
{"t":1776987548.090229,"e":[[1,0,0.75,192.0],[1,0,0.7,85.0],[1,0,0.63,2528.0],[1,1,0.01,651.0]]}
{"t":1776987549.11323,"e":[[1,0,0.98,859.42]]}
{"t":1776987553.205825,"e":[[1,0,0.63,2495.0]]}
{"t":1776987554.220887,"e":[[1,0,0.75,234.0],[1,0,0.7,76.0]]}
{"t":1776987565.324453,"e":[[1,0,0.75,50.0],[1,0,0.7,10.0],[1,1,0.01,401.0]]}
{"t":1776987568.358059,"e":[[1,0,0.75,192.0],[1,0,0.7,85.0],[1,0,0.63,2528.0],[1,1,0.01,651.0]]}
{"t":1776987570.385914,"e":[[1,0,0.75,50.0],[1,0,0.7,10.0],[1,0,0.63,2495.0],[1,1,0.01,401.0]]}
{"t":1776987571.411482,"e":[[1,0,0.75,300.0],[1,1,0.01,651.0]]}
{"t":1776987574.4396539,"e":[[1,1,0.01,635.0]]}
{"t":1776987577.4838452,"e":[[1,0,0.75,50.0],[1,1,0.01,385.0]]}
{"t":1776987580.526141,"e":[[1,0,0.75,192.0],[1,0,0.7,85.0],[1,0,0.63,2528.0],[1,1,0.01,635.0]]}
{"t":1776987584.5848262,"e":[[1,0,0.75,234.0],[1,0,0.7,76.0],[1,0,0.63,2495.0]]}
{"t":1776987586.6072462,"e":[[1,0,0.75,50.0],[1,0,0.7,10.0],[1,1,0.01,385.0]]}
{"t":1776987588.64445,"e":[[1,0,0.75,192.0],[1,0,0.7,85.0],[1,0,0.63,2528.0],[1,1,0.01,635.0]]}
{"t":1776987589.666285,"e":[[1,0,0.63,2495.0]]}
{"t":1776987590.6854012,"e":[[1,0,0.75,234.0],[1,0,0.7,76.0]]}
{"t":1776987593.725282,"e":[[1,0,0.75,50.0],[1,0,0.7,10.0],[1,1,0.01,385.0]]}
{"t":1776987594.758166,"e":[[1,0,0.75,192.0],[1,0,0.7,85.0],[1,0,0.63,2528.0],[1,1,0.01,635.0]]}
{"t":1776987599.8272,"e":[[1,0,0.75,234.0],[1,0,0.7,76.0],[1,0,0.63,2495.0]]}
{"t":1776987618.0579588,"e":[[1,0,0.01,30047.0]]}
{"t":1776987620.079356,"e":[[1,0,0.75,50.0],[1,0,0.7,10.0],[1,1,0.01,385.0]]}
{"t":1776987622.1203682,"e":[[1,0,0.75,192.0],[1,0,0.7,85.0],[1,0,0.63,2528.0],[1,1,0.01,635.0]]}
{"t":1776987624.163271,"e":[[1,0,0.7,76.0],[1,0,0.63,2495.0]]}
{"t":1776987625.183369,"e":[[1,0,0.75,234.0]]}
{"t":1776987647.358795,"e":[[1,0,0.75,50.0],[1,0,0.7,10.0],[1,1,0.01,385.0]]}
{"t":1776987648.369152,"e":[[1,0,0.75,192.0],[1,0,0.7,85.0],[1,0,0.63,2528.0],[1,1,0.01,635.0]]}
{"t":1776987652.398417,"e":[[1,0,0.63,2495.0]]}
{"t":1776987653.4153118,"e":[[1,0,0.75,234.0],[1,0,0.7,76.0]]}
{"t":1776987655.4332852,"e":[[1,0,0.75,50.0],[1,0,0.7,10.0],[1,1,0.01,385.0]]}
{"t":1776987781.315525,"e":[[1,0,0.6,200.0]]}
{"t":1776987893.118978,"e":[[1,0,0.98,812.63]]}
{"t":1776987916.2960708,"e":[[0,0,0.98]]}
{"t":1776987974.7319272,"e":[[1,0,0.97,1149.94]]}
{"t":1776988041.2816482,"e":[[1,0,0.02,100.0]]}
{"t":1776988044.3047109,"e":[[1,0,0.88,60.0]]}
{"t":1776988046.315308,"e":[[1,0,0.02,115.0]]}
{"t":1776988047.35995,"e":[[1,0,0.02,130.0]]}
