{"t": 1776975855.3857431, "events": [{"op": "set", "side": "bid", "price": 0.18, "size": 126.0}, {"op": "set", "side": "bid", "price": 0.13, "size": 978.0}, {"op": "set", "side": "bid", "price": 0.17, "size": 63.34}, {"op": "set", "side": "ask", "price": 0.8, "size": 544.0}, {"op": "set", "side": "ask", "price": 0.77, "size": 596.54}]}
{"t": 1776975856.396708, "events": [{"op": "set", "side": "bid", "price": 0.18, "size": 274.0}, {"op": "set", "side": "bid", "price": 0.14, "size": 79.0}, {"op": "set", "side": "bid", "price": 0.17, "size": 136.34}, {"op": "set", "side": "ask", "price": 0.75, "size": 249.0}]}
{"t": 1776975858.419916, "events": [{"op": "set", "side": "bid", "price": 0.14, "size": 52.0}, {"op": "set", "side": "bid", "price": 0.15, "size": 26.0}, {"op": "set", "side": "ask", "price": 0.03, "size": 111.0}, {"op": "delete", "side": "ask", "price": 0.57}]}
{"t": 1776975859.432927, "events": [{"op": "set", "side": "bid", "price": 0.18, "size": 126.0}, {"op": "delete", "side": "bid", "price": 0.14}, {"op": "set", "side": "bid", "price": 0.17, "size": 142.34}, {"op": "set", "side": "ask", "price": 0.75, "size": 208.0}, {"op": "set", "side": "ask", "price": 0.77, "size": 595.54}, {"op": "set", "side": "ask", "price": 0.8, "size": 543.0}]}
{"t": 1776975860.4405582, "events": [{"op": "set", "side": "bid", "price": 0.18, "size": 287.0}, {"op": "set", "side": "bid", "price": 0.15, "size": 80.0}]}
{"t": 1776975863.466253, "events": [{"op": "set", "side": "bid", "price": 0.15, "size": 54.0}, {"op": "set", "side": "bid", "price": 0.16, "size": 25.0}]}
{"t": 1776975866.4869819, "events": [{"op": "set", "side": "bid", "price": 0.18, "size": 295.0}, {"op": "set", "side": "bid", "price": 0.16, "size": 81.0}, {"op": "delete", "side": "bid", "price": 0.15}, {"op": "set", "side": "bid", "price": 0.17, "size": 147.34}, {"op": "set", "side": "ask", "price": 0.75, "size": 200.0}]}
{"t": 1776975868.5054138, "events": [{"op": "set", "side": "bid", "price": 0.16, "size": 56.0}]}
{"t": 1776975869.519797, "events": [{"op": "set", "side": "bid", "price": 0.18, "size": 126.0}, {"op": "delete", "side": "bid", "price": 0.16}, {"op": "set", "side": "bid", "price": 0.17, "size": 87.34}, {"op": "set", "side": "ask", "price": 0.75, "size": 5.0}, {"op": "set", "side": "ask", "price": 0.77, "size": 573.54}]}
{"t": 1776975870.536895, "events": [{"op": "set", "side": "bid", "price": 0.18, "size": 369.0}, {"op": "set", "side": "bid", "price": 0.13, "size": 1050.0}, {"op": "set", "side": "bid", "price": 0.17, "size": 207.34}, {"op": "set", "side": "ask", "price": 0.8, "size": 544.0}, {"op": "set", "side": "ask", "price": 0.78, "size": 337.0}]}
{"t": 1776975873.562508, "events": [{"op": "set", "side": "bid", "price": 0.17, "size": 183.34}, {"op": "set", "side": "bid", "price": 0.14, "size": 27.0}]}
{"t": 1776975878.59487, "events": [{"op": "set", "side": "bid", "price": 0.18, "size": 50.0}, {"op": "delete", "side": "bid", "price": 0.14}, {"op": "set", "side": "bid", "price": 0.13, "size": 978.0}, {"op": "set", "side": "bid", "price": 0.17, "size": 19.340000000000003}, {"op": "set", "side": "bid", "price": 0.19, "size": 22.0}, {"op": "set", "side": "ask", "price": 0.77, "size": 186.53999999999996}, {"op": "delete", "side": "ask", "price": 0.8}, {"op": "set", "side": "ask", "price": 0.78, "size": 35.0}]}
{"t": 1776975879.608191, "events": [{"op": "set", "side": "bid", "price": 0.14, "size": 1.0}]}
{"t": 1776975880.618389, "events": [{"op": "set", "side": "bid", "price": 0.19, "size": 169.0}, {"op": "set", "side": "bid", "price": 0.18, "size": 126.0}, {"op": "set", "side": "bid", "price": 0.17, "size": 56.34}, {"op": "set", "side": "ask", "price": 0.77, "size": 673.54}, {"op": "set", "side": "ask", "price": 0.78, "size": 550.0}]}
{"t": 1776975889.700941, "events": [{"op": "set", "side": "bid", "price": 0.19, "size": 222.0}, {"op": "set", "side": "bid", "price": 0.18, "size": 154.0}, {"op": "set", "side": "bid", "price": 0.17, "size": 65.34}, {"op": "set", "side": "ask", "price": 0.75, "size": 249.0}, {"op": "set", "side": "ask", "price": 0.77, "size": 596.54}, {"op": "set", "side": "ask", "price": 0.78, "size": 548.0}]}
{"t": 1776975913.861079, "events": [{"op": "set", "side": "bid", "price": 0.19, "size": 169.0}, {"op": "set", "side": "bid", "price": 0.18, "size": 126.0}, {"op": "set", "side": "bid", "price": 0.17, "size": 56.34}, {"op": "set", "side": "ask", "price": 0.75, "size": 5.0}]}
{"t": 1776975914.8911412, "events": [{"op": "set", "side": "bid", "price": 0.19, "size": 224.0}, {"op": "set", "side": "bid", "price": 0.18, "size": 191.0}, {"op": "set", "side": "bid", "price": 0.17, "size": 70.34}, {"op": "set", "side": "ask", "price": 0.77, "size": 671.54}, {"op": "set", "side": "ask", "price": 0.79, "size": 289.0}, {"op": "set", "side": "ask", "price": 0.78, "size": 589.0}]}
{"t": 1776975916.9452019, "events": [{"op": "delete", "side": "bid", "price": 0.19}, {"op": "set", "side": "bid", "price": 0.18, "size": 150.0}, {"op": "set", "side": "bid", "price": 0.17, "size": 56.34}, {"op": "set", "side": "ask", "price": 0.03, "size": 86.0}, {"op": "set", "side": "ask", "price": 0.77, "size": 596.54}, {"op": "set", "side": "ask", "price": 0.04, "size": 25.0}, {"op": "delete", "side": "ask", "price": 0.78}]}
{"t": 1776975917.960892, "events": [{"op": "set", "side": "bid", "price": 0.18, "size": 216.0}, {"op": "set", "side": "bid", "price": 0.14, "size": 33.0}, {"op": "set", "side": "bid", "price": 0.17, "size": 92.34}, {"op": "set", "side": "ask", "price": 0.75, "size": 249.0}, {"op": "set", "side": "ask", "price": 0.79, "size": 546.0}]}
{"t": 1776975940.061205, "events": [{"op": "delete", "side": "bid", "price": 0.18}, {"op": "set", "side": "bid", "price": 0.14, "size": 1.0}, {"op": "set", "side": "bid", "price": 0.17, "size": 19.340000000000003}, {"op": "set", "side": "ask", "price": 0.75, "size": 5.0}, {"op": "set", "side": "ask", "price": 0.77, "size": 186.53999999999996}, {"op": "delete", "side": "ask", "price": 0.79}, {"op": "set", "side": "ask", "price": 0.57, "size": 22.0}, {"op": "delete", "side": "ask", "price": 0.04}]}
{"t": 1776975941.0863051, "events": [{"op": "set", "side": "ask", "price": 0.78, "size": 37.0}]}
{"t": 1776975942.095907, "events": [{"op": "set", "side": "bid", "price": 0.14, "size": 28.0}]}
{"t": 1776975943.110956, "events": [{"op": "set", "side": "bid", "price": 0.17, "size": 227.34}, {"op": "set", "side": "bid", "price": 0.14, "size": 26.0}, {"op": "set", "side": "bid", "price": 0.18, "size": 76.0}, {"op": "set", "side": "ask", "price": 0.57, "size": 180.0}, {"op": "set", "side": "ask", "price": 0.77, "size": 482.53999999999996}]}
{"t": 1776975944.1347961, "events": [{"op": "set", "side": "bid", "price": 0.15, "size": 27.0}]}
{"t": 1776975945.176098, "events": [{"op": "delete", "side": "bid", "price": 0.14}]}
{"t": 1776975947.2255669, "events": [{"op": "set", "side": "bid", "price": 0.17, "size": 208.34}]}
{"t": 1776975948.2322109, "events": [{"op": "set", "side": "bid", "price": 0.18, "size": 310.0}, {"op": "set", "side": "bid", "price": 0.15, "size": 81.0}, {"op": "set", "side": "ask", "price": 0.57, "size": 271.0}, {"op": "set", "side": "ask", "price": 0.77, "size": 551.54}]}
{"t": 1776975949.255933, "events": [{"op": "set", "side": "bid", "price": 0.16, "size": 27.0}]}
{"t": 1776975951.2976189, "events": [{"op": "delete", "side": "bid", "price": 0.18}, {"op": "delete", "side": "bid", "price": 0.15}, {"op": "set", "side": "bid", "price": 0.17, "size": 19.340000000000003}, {"op": "set", "side": "ask", "price": 0.57, "size": 22.0}, {"op": "set", "side": "ask", "price": 0.77, "size": 186.53999999999996}]}
{"t": 1776975952.314472, "events": [{"op": "set", "side": "bid", "price": 0.13, "size": 979.0}]}
{"t": 1776975953.32274, "events": [{"op": "delete", "side": "bid", "price": 0.16}, {"op": "set", "side": "bid", "price": 0.14, "size": 28.0}]}
{"t": 1776975956.348256, "events": [{"op": "set", "side": "bid", "price": 0.18, "size": 54.0}]}
{"t": 1776975962.391223, "events": [{"op": "set", "side": "bid", "price": 0.14, "size": 120.12}, {"op": "set", "side": "bid", "price": 0.13, "size": 978.0}]}
{"t": 1776975963.398977, "events": [{"op": "set", "side": "bid", "price": 0.14, "size": 92.12}]}
{"t": 1776975964.407889, "events": [{"op": "set", "side": "bid", "price": 0.15, "size": 27.0}]}
{"t": 1776975967.430302, "events": [{"op": "delete", "side": "bid", "price": 0.18}]}
{"t": 1776975973.468818, "events": [{"op": "delete", "side": "bid", "price": 0.15}]}
{"t": 1776975974.486274, "events": [{"op": "set", "side": "bid", "price": 0.15, "size": 27.0}]}
{"t": 1776975975.497922, "events": [{"op": "set", "side": "ask", "price": 0.78, "size": 59.0}]}
{"t": 1776975976.5035572, "events": [{"op": "set", "side": "bid", "price": 0.17, "size": 3.552713678800501e-15}]}
{"t": 1776975985.566693, "events": [{"op": "delete", "side": "bid", "price": 0.15}]}
{"t": 1776975988.585564, "events": [{"op": "set", "side": "bid", "price": 0.14, "size": 27.0}]}
{"t": 1776976001.71038, "events": [{"op": "set", "side": "bid", "price": 0.14, "size": 92.12}]}
{"t": 1776976003.738184, "events": [{"op": "set", "side": "bid", "price": 0.07, "size": 30.0}]}
{"t": 1776976009.860466, "events": [{"op": "delete", "side": "bid", "price": 0.14}]}
{"t": 1776976013.8963861, "events": [{"op": "set", "side": "bid", "price": 0.14, "size": 92.12}]}
{"t": 1776976018.944151, "events": [{"op": "set", "side": "bid", "price": 0.14, "size": 27.0}, {"op": "delete", "side": "bid", "price": 0.07}, {"op": "set", "side": "bid", "price": 0.15, "size": 85.97}, {"op": "set", "side": "ask", "price": 0.03, "size": 20.0}, {"op": "set", "side": "ask", "price": 0.58, "size": 3.0}]}
{"t": 1776976019.955518, "events": [{"op": "delete", "side": "bid", "price": 0.15}, {"op": "set", "side": "bid", "price": 0.16, "size": 6.0}, {"op": "set", "side": "ask", "price": 0.79, "size": 54.0}]}
{"t": 1776976020.962105, "events": [{"op": "set", "side": "bid", "price": 0.14, "size": 119.12}, {"op": "set", "side": "ask", "price": 0.8, "size": 35.0}, {"op": "set", "side": "ask", "price": 0.78, "size": 22.0}]}
{"t": 1776976023.989538, "events": [{"op": "delete", "side": "ask", "price": 0.78}]}
{"t": 1776976026.016788, "events": [{"op": "set", "side": "ask", "price": 0.8, "size": 57.0}]}
{"t": 1776976036.1183722, "events": [{"op": "set", "side": "ask", "price": 0.8, "size": 72.0}]}
{"t": 1776976037.123434, "events": [{"op": "set", "side": "bid", "price": 0.15, "size": 10.0}]}
{"t": 1776976038.1259038, "events": [{"op": "set", "side": "ask", "price": 0.8, "size": 50.0}]}
{"t": 1776976047.209746, "events": [{"op": "set", "side": "bid", "price": 0.06, "size": 93.0}, {"op": "set", "side": "ask", "price": 0.57, "size": 72.0}, {"op": "set", "side": "ask", "price": 0.8, "size": 72.0}]}
{"t": 1776976048.218187, "events": [{"op": "set", "side": "bid", "price": 0.08, "size": 30.0}]}
{"t": 1776976049.2295182, "events": [{"op": "set", "side": "ask", "price": 0.72, "size": 30.0}]}
{"t": 1776976089.58958, "events": [{"op": "set", "side": "bid", "price": 0.14, "size": 27.0}, {"op": "delete", "side": "bid", "price": 0.15}, {"op": "delete", "side": "bid", "price": 0.16}]}
{"t": 1776976090.5952551, "events": [{"op": "set", "side": "bid", "price": 0.14, "size": 37.0}]}
{"t": 1776976216.592851, "events": [{"op": "set", "side": "bid", "price": 0.14, "size": 27.0}, {"op": "set", "side": "ask", "price": 0.8, "size": 57.0}]}
{"t": 1776976225.663619, "events": [{"op": "delete", "side": "bid", "price": 0.08}, {"op": "set", "side": "bid", "price": 0.06, "size": 43.0}, {"op": "set", "side": "ask", "price": 0.57, "size": 22.0}, {"op": "delete", "side": "ask", "price": 0.72}]}
{"t": 1776976319.457519, "events": [{"op": "delete", "side": "ask", "price": 0.79}]}
{"t": 1776976324.50117, "events": [{"op": "set", "side": "bid", "price": 0.14, "size": 28.0}, {"op": "set", "side": "bid", "price": 0.13, "size": 1295.0}, {"op": "set", "side": "bid", "price": 0.06, "size": 312.0}, {"op": "set", "side": "ask", "price": 0.75, "size": 16.0}, {"op": "set", "side": "ask", "price": 0.8, "size": 80.0}, {"op": "set", "side": "ask", "price": 0.81, "size": 98.0}]}
{"t": 1776976325.519989, "events": [{"op": "set", "side": "ask", "price": 0.8, "size": 45.0}, {"op": "set", "side": "ask", "price": 0.81, "size": 133.0}]}
{"t": 1776976327.530848, "events": [{"op": "set", "side": "ask", "price": 0.8, "size": 23.0}]}
{"t": 1776976328.537319, "events": [{"op": "set", "side": "ask", "price": 0.81, "size": 155.0}]}
{"t": 1776976332.56369, "events": [{"op": "set", "side": "bid", "price": 0.06, "size": 43.0}, {"op": "set", "side": "ask", "price": 0.75, "size": 5.0}, {"op": "delete", "side": "ask", "price": 0.8}]}
{"t": 1776976333.587355, "events": [{"op": "set", "side": "bid", "price": 0.14, "size": 88.0}, {"op": "set", "side": "bid", "price": 0.13, "size": 1347.0}, {"op": "delete", "side": "bid", "price": 0.06}, {"op": "set", "side": "bid", "price": 0.05, "size": 502.65}, {"op": "delete", "side": "ask", "price": 0.57}, {"op": "set", "side": "ask", "price": 0.81, "size": 687.0}, {"op": "set", "side": "ask", "price": 0.77, "size": 187.53999999999996}, {"op": "set", "side": "ask", "price": 0.82, "size": 56.0}, {"op": "set", "side": "ask", "price": 0.78, "size": 334.0}]}
{"t": 1776976334.603316, "events": [{"op": "set", "side": "ask", "price": 0.82, "size": 91.0}]}
{"t": 1776976335.619046, "events": [{"op": "set", "side": "bid", "price": 0.14, "size": 28.0}, {"op": "set", "side": "bid", "price": 0.13, "size": 1295.0}, {"op": "set", "side": "bid", "price": 0.06, "size": 20.0}, {"op": "set", "side": "ask", "price": 0.03, "size": 37.0}, {"op": "set", "side": "ask", "price": 0.81, "size": 522.0}, {"op": "set", "side": "ask", "price": 0.78, "size": 333.0}]}
{"t": 1776976336.625223, "events": [{"op": "set", "side": "bid", "price": 0.14, "size": 260.0}, {"op": "set", "side": "bid", "price": 0.13, "size": 1401.0}, {"op": "set", "side": "bid", "price": 0.15, "size": 1.0}, {"op": "set", "side": "ask", "price": 0.82, "size": 371.0}]}
{"t": 1776976339.6474261, "events": [{"op": "set", "side": "bid", "price": 0.13, "size": 317.0}, {"op": "delete", "side": "bid", "price": 0.15}, {"op": "set", "side": "ask", "price": 0.77, "size": 186.53999999999996}]}
{"t": 1776976340.6580539, "events": [{"op": "set", "side": "bid", "price": 0.14, "size": 27.0}, {"op": "delete", "side": "bid", "price": 0.13}, {"op": "set", "side": "ask", "price": 0.81, "size": 22.0}, {"op": "set", "side": "ask", "price": 0.82, "size": 35.0}, {"op": "delete", "side": "ask", "price": 0.78}]}
{"t": 1776976341.674314, "events": [{"op": "delete", "side": "bid", "price": 0.03}, {"op": "set", "side": "bid", "price": 0.13, "size": 348.0}, {"op": "set", "side": "bid", "price": 0.01, "size": 4852.0}, {"op": "delete", "side": "ask", "price": 0.81}, {"op": "delete", "side": "ask", "price": 0.82}, {"op": "set", "side": "ask", "price": 0.83, "size": 420.0}]}
{"t": 1776976342.686982, "events": [{"op": "delete", "side": "bid", "price": 0.14}, {"op": "delete", "side": "bid", "price": 0.13}, {"op": "set", "side": "bid", "price": 0.06, "size": 49.0}, {"op": "set", "side": "ask", "price": 0.84, "size": 32.0}, {"op": "delete", "side": "ask", "price": 0.83}]}
{"t": 1776976343.692986, "events": [{"op": "set", "side": "ask", "price": 0.83, "size": 22.0}]}
{"t": 1776976348.738213, "events": [{"op": "delete", "side": "ask", "price": 0.83}]}
{"t": 1776976349.756854, "events": [{"op": "set", "side": "bid", "price": 0.06, "size": 715.0}, {"op": "set", "side": "bid", "price": 0.05, "size": 741.65}, {"op": "set", "side": "bid", "price": 0.07, "size": 2.0}, {"op": "set", "side": "ask", "price": 0.84, "size": 20.0}, {"op": "set", "side": "ask", "price": 0.85, "size": 79.0}, {"op": "set", "side": "ask", "price": 0.86, "size": 22.0}, {"op": "set", "side": "ask", "price": 0.83, "size": 10.0}]}
{"t": 1776976351.775647, "events": [{"op": "set", "side": "bid", "price": 0.06, "size": 20.0}, {"op": "delete", "side": "bid", "price": 0.07}, {"op": "set", "side": "bid", "price": 0.05, "size": 502.65}, {"op": "set", "side": "bid", "price": 0.16, "size": 692.0}, {"op": "delete", "side": "ask", "price": 0.84}, {"op": "delete", "side": "ask", "price": 0.85}, {"op": "set", "side": "ask", "price": 0.73, "size": 50.0}, {"op": "delete", "side": "ask", "price": 0.86}, {"op": "delete", "side": "ask", "price": 0.83}]}
{"t": 1776976352.80179, "events": [{"op": "set", "side": "bid", "price": 0.17, "size": 26.000000000000004}]}
{"t": 1776976354.8235462, "events": [{"op": "delete", "side": "ask", "price": 0.73}, {"op": "set", "side": "ask", "price": 0.74, "size": 41.0}]}
{"t": 1776976355.830212, "events": [{"op": "delete", "side": "ask", "price": 0.74}]}
{"t": 1776976356.839608, "events": [{"op": "set", "side": "bid", "price": 0.17, "size": 28.000000000000004}, {"op": "set", "side": "bid", "price": 0.16, "size": 1806.0}, {"op": "set", "side": "ask", "price": 0.75, "size": 34.0}, {"op": "set", "side": "ask", "price": 0.71, "size": 50.0}, {"op": "set", "side": "ask", "price": 0.76, "size": 39.0}, {"op": "set", "side": "ask", "price": 0.77, "size": 227.53999999999996}, {"op": "set", "side": "ask", "price": 0.74, "size": 19.0}, {"op": "set", "side": "ask", "price": 0.78, "size": 998.0}]}
{"t": 1776976359.87871, "events": [{"op": "set", "side": "bid", "price": 0.17, "size": 78.0}, {"op": "set", "side": "bid", "price": 0.16, "size": 1519.0}, {"op": "delete", "side": "ask", "price": 0.76}, {"op": "delete", "side": "ask", "price": 0.74}, {"op": "set", "side": "ask", "price": 0.78, "size": 665.0}]}
{"t": 1776976360.895073, "events": [{"op": "set", "side": "bid", "price": 0.17, "size": 526.0}, {"op": "set", "side": "bid", "price": 0.18, "size": 1.0}, {"op": "set", "side": "ask", "price": 0.75, "size": 48.0}, {"op": "set", "side": "ask", "price": 0.76, "size": 58.0}, {"op": "set", "side": "ask", "price": 0.77, "size": 520.54}]}
{"t": 1776976361.903726, "events": [{"op": "set", "side": "ask", "price": 0.77, "size": 558.54}]}
{"t": 1776976362.91397, "events": [{"op": "set", "side": "ask", "price": 0.75, "size": 34.0}, {"op": "delete", "side": "ask", "price": 0.76}, {"op": "set", "side": "ask", "price": 0.77, "size": 337.53999999999996}, {"op": "set", "side": "ask", "price": 0.78, "size": 300.0}]}
{"t": 1776976363.930155, "events": [{"op": "set", "side": "ask", "price": 0.75, "size": 72.0}, {"op": "set", "side": "ask", "price": 0.79, "size": 399.0}]}
{"t": 1776976364.937811, "events": [{"op": "set", "side": "ask", "price": 0.77, "size": 299.53999999999996}]}
{"t": 1776976365.9445639, "events": [{"op": "set", "side": "ask", "price": 0.78, "size": 337.0}]}
{"t": 1776976369.968297, "events": [{"op": "set", "side": "ask", "price": 0.03, "size": 103.0}, {"op": "delete", "side": "ask", "price": 0.58}]}
{"t": 1776976370.9749482, "events": [{"op": "set", "side": "ask", "price": 0.78, "size": 300.0}]}
{"t": 1776976371.985274, "events": [{"op": "set", "side": "ask", "price": 0.78, "size": 337.0}]}
{"t": 1776976375.010626, "events": [{"op": "set", "side": "ask", "price": 0.78, "size": 300.0}]}
{"t": 1776976376.01981, "events": [{"op": "set", "side": "ask", "price": 0.79, "size": 433.0}]}
{"t": 1776976378.028401, "events": [{"op": "set", "side": "ask", "price": 0.79, "size": 455.0}]}
{"t": 1776976390.085834, "events": [{"op": "set", "side": "bid", "price": 0.18, "size": 51.0}, {"op": "set", "side": "bid", "price": 0.16, "size": 1534.0}, {"op": "set", "side": "bid", "price": 0.17, "size": 500.0}, {"op": "set", "side": "ask", "price": 0.75, "size": 6.0}, {"op": "set", "side": "ask", "price": 0.79, "size": 456.0}, {"op": "set", "side": "ask", "price": 0.8, "size": 335.0}, {"op": "set", "side": "ask", "price": 0.77, "size": 422.53999999999996}]}
{"t": 1776976391.098208, "events": [{"op": "set", "side": "bid", "price": 0.17, "size": 524.0}, {"op": "set", "side": "ask", "price": 0.79, "size": 422.0}, {"op": "set", "side": "ask", "price": 0.8, "size": 367.0}]}
{"t": 1776976393.108543, "events": [{"op": "set", "side": "bid", "price": 0.16, "size": 1128.0}, {"op": "set", "side": "bid", "price": 0.17, "size": 461.0}, {"op": "set", "side": "ask", "price": 0.75, "size": 5.0}, {"op": "set", "side": "ask", "price": 0.79, "size": 400.0}, {"op": "set", "side": "ask", "price": 0.8, "size": 272.0}, {"op": "set", "side": "ask", "price": 0.77, "size": 227.53999999999996}]}
{"t": 1776976394.119156, "events": [{"op": "set", "side": "ask", "price": 0.79, "size": 500.0}, {"op": "set", "side": "ask", "price": 0.77, "size": 187.53999999999996}]}
{"t": 1776976395.125777, "events": [{"op": "set", "side": "bid", "price": 0.18, "size": 450.0}, {"op": "set", "side": "bid", "price": 0.17, "size": 437.0}, {"op": "set", "side": "bid", "price": 0.19, "size": 1.0}, {"op": "set", "side": "ask", "price": 0.8, "size": 591.0}]}
{"t": 1776976396.130979, "events": [{"op": "set", "side": "bid", "price": 0.17, "size": 461.0}]}
{"t": 1776976400.151349, "events": [{"op": "set", "side": "bid", "price": 0.17, "size": 437.0}]}
{"t": 1776976401.163003, "events": [{"op": "set", "side": "bid", "price": 0.17, "size": 461.0}]}
{"t": 1776976405.183253, "events": [{"op": "set", "side": "bid", "price": 0.17, "size": 437.0}]}
{"t": 1776976406.18958, "events": [{"op": "set", "side": "bid", "price": 0.17, "size": 461.0}]}
{"t": 1776976410.218621, "events": [{"op": "set", "side": "bid", "price": 0.16, "size": 436.0}]}
{"t": 1776976415.243485, "events": [{"op": "delete", "side": "bid", "price": 0.16}, {"op": "set", "side": "bid", "price": 0.18, "size": 1.0}, {"op": "set", "side": "bid", "price": 0.17, "size": 437.0}, {"op": "set", "side": "bid", "price": 0.09, "size": 50.0}, {"op": "set", "side": "ask", "price": 0.79, "size": 499.0}]}
{"t": 1776976416.25911, "events": [{"op": "set", "side": "bid", "price": 0.06, "size": 478.0}, {"op": "set", "side": "bid", "price": 0.18, "size": 500.0}, {"op": "set", "side": "bid", "price": 0.17, "size": 380.0}, {"op": "set", "side": "bid", "price": 0.1, "size": 29.0}, {"op": "set", "side": "ask", "price": 0.79, "size": 600.0}, {"op": "set", "side": "ask", "price": 0.8, "size": 731.0}, {"op": "set", "side": "ask", "price": 0.78, "size": 333.0}]}
{"t": 1776976420.296268, "events": [{"op": "delete", "side": "bid", "price": 0.1}, {"op": "set", "side": "bid", "price": 0.09, "size": 83.0}, {"op": "set", "side": "bid", "price": 0.01, "size": 4802.0}]}
{"t": 1776976421.30323, "events": [{"op": "set", "side": "bid", "price": 0.1, "size": 29.0}]}
{"t": 1776976423.3098712, "events": [{"op": "delete", "side": "bid", "price": 0.19}, {"op": "set", "side": "bid", "price": 0.1, "size": 30.0}, {"op": "delete", "side": "bid", "price": 0.18}, {"op": "set", "side": "bid", "price": 0.09, "size": 360.0}, {"op": "delete", "side": "bid", "price": 0.17}, {"op": "set", "side": "bid", "price": 0.06, "size": 71.0}, {"op": "set", "side": "bid", "price": 0.05, "size": 475.65}, {"op": "set", "side": "bid", "price": 0.01, "size": 4853.0}, {"op": "set", "side": "bid", "price": 0.02, "size": 14.0}, {"op": "set", "side": "ask", "price": 0.79, "size": 101.0}, {"op": "set", "side": "ask", "price": 0.8, "size": 366.0}, {"op": "set", "side": "ask", "price": 0.77, "size": 186.53999999999996}, {"op": "set", "side": "ask", "price": 0.81, "size": 665.0}, {"op": "delete", "side": "ask", "price": 0.78}]}
{"t": 1776976424.32556, "events": [{"op": "delete", "side": "ask", "price": 0.71}, {"op": "set", "side": "ask", "price": 0.8, "size": 334.0}, {"op": "set", "side": "ask", "price": 0.82, "size": 40.0}]}
{"t": 1776976425.340163, "events": [{"op": "set", "side": "bid", "price": 0.1, "size": 29.0}, {"op": "set", "side": "bid", "price": 0.09, "size": 83.0}, {"op": "delete", "side": "bid", "price": 0.06}, {"op": "set", "side": "ask", "price": 0.03, "size": 86.0}, {"op": "set", "side": "ask", "price": 0.79, "size": 100.0}, {"op": "set", "side": "ask", "price": 0.8, "size": 23.43}, {"op": "delete", "side": "ask", "price": 0.81}, {"op": "delete", "side": "ask", "price": 0.82}, {"op": "set", "side": "ask", "price": 0.49, "size": 26.0}, {"op": "set", "side": "ask", "price": 0.83, "size": 22.0}]}
{"t": 1776976427.360094, "events": [{"op": "set", "side": "bid", "price": 0.01, "size": 4802.0}, {"op": "delete", "side": "ask", "price": 0.49}, {"op": "delete", "side": "ask", "price": 0.8}, {"op": "set", "side": "ask", "price": 0.81, "size": 41.0}]}
{"t": 1776976428.364198, "events": [{"op": "set", "side": "bid", "price": 0.1, "size": 33.0}, {"op": "set", "side": "bid", "price": 0.09, "size": 877.0}, {"op": "set", "side": "bid", "price": 0.05, "size": 504.65}, {"op": "set", "side": "bid", "price": 0.01, "size": 4877.0}, {"op": "set", "side": "bid", "price": 0.02, "size": 36.0}, {"op": "set", "side": "ask", "price": 0.79, "size": 171.0}, {"op": "set", "side": "ask", "price": 0.84, "size": 308.0}, {"op": "set", "side": "ask", "price": 0.85, "size": 663.0}, {"op": "set", "side": "ask", "price": 0.8, "size": 107.0}, {"op": "set", "side": "ask", "price": 0.57, "size": 24.0}, {"op": "set", "side": "ask", "price": 0.83, "size": 165.0}]}
{"t": 1776976430.376935, "events": [{"op": "set", "side": "bid", "price": 0.03, "size": 30.0}, {"op": "set", "side": "bid", "price": 0.01, "size": 4855.0}, {"op": "delete", "side": "ask", "price": 0.8}, {"op": "delete", "side": "ask", "price": 0.81}]}
{"t": 1776976431.391558, "events": [{"op": "set", "side": "bid", "price": 0.1, "size": 313.0}, {"op": "set", "side": "bid", "price": 0.09, "size": 200.0}, {"op": "set", "side": "bid", "price": 0.05, "size": 635.65}, {"op": "set", "side": "bid", "price": 0.11, "size": 2.0}, {"op": "set", "side": "bid", "price": 0.02, "size": 213.0}, {"op": "set", "side": "ask", "price": 0.84, "size": 146.0}, {"op": "set", "side": "ask", "price": 0.85, "size": 123.0}, {"op": "set", "side": "ask", "price": 0.79, "size": 190.0}, {"op": "set", "side": "ask", "price": 0.81, "size": 58.0}, {"op": "set", "side": "ask", "price": 0.83, "size": 201.0}]}
{"t": 1776976432.401032, "events": [{"op": "set", "side": "ask", "price": 0.83, "size": 179.0}]}
{"t": 1776976433.407309, "events": [{"op": "set", "side": "ask", "price": 0.85, "size": 145.0}]}
{"t": 1776976435.41402, "events": [{"op": "set", "side": "ask", "price": 0.84, "size": 107.0}, {"op": "set", "side": "ask", "price": 0.85, "size": 195.0}]}
{"t": 1776976436.4190028, "events": [{"op": "set", "side": "bid", "price": 0.11, "size": 51.0}, {"op": "set", "side": "bid", "price": 0.1, "size": 221.0}, {"op": "set", "side": "bid", "price": 0.05, "size": 631.65}, {"op": "delete", "side": "bid", "price": 0.09}, {"op": "set", "side": "bid", "price": 0.02, "size": 110.0}, {"op": "set", "side": "ask", "price": 0.84, "size": 38.0}, {"op": "set", "side": "ask", "price": 0.8, "size": 50.0}, {"op": "set", "side": "ask", "price": 0.85, "size": 90.0}, {"op": "set", "side": "ask", "price": 0.79, "size": 171.0}, {"op": "delete", "side": "ask", "price": 0.81}, {"op": "delete", "side": "ask", "price": 0.83}]}
{"t": 1776976437.425882, "events": [{"op": "set", "side": "bid", "price": 0.11, "size": 1.0}, {"op": "set", "side": "bid", "price": 0.03, "size": 136.0}, {"op": "set", "side": "bid", "price": 0.06, "size": 78.0}, {"op": "set", "side": "ask", "price": 0.79, "size": 225.0}, {"op": "set", "side": "ask", "price": 0.77, "size": 269.53999999999996}, {"op": "set", "side": "ask", "price": 0.86, "size": 120.0}, {"op": "set", "side": "ask", "price": 0.87, "size": 160.0}]}
{"t": 1776976438.4467258, "events": [{"op": "delete", "side": "bid", "price": 0.11}, {"op": "delete", "side": "bid", "price": 0.1}, {"op": "set", "side": "bid", "price": 0.05, "size": 590.65}, {"op": "set", "side": "bid", "price": 0.02, "size": 14.0}, {"op": "set", "side": "ask", "price": 0.77, "size": 187.53999999999996}, {"op": "set", "side": "ask", "price": 0.79, "size": 205.0}, {"op": "delete", "side": "ask", "price": 0.86}, {"op": "delete", "side": "ask", "price": 0.87}]}
{"t": 1776976439.456811, "events": [{"op": "set", "side": "bid", "price": 0.06, "size": 334.0}, {"op": "set", "side": "bid", "price": 0.03, "size": 282.0}, {"op": "set", "side": "bid", "price": 0.07, "size": 1.0}, {"op": "set", "side": "ask", "price": 0.84, "size": 251.0}, {"op": "set", "side": "ask", "price": 0.8, "size": 158.0}, {"op": "set", "side": "ask", "price": 0.85, "size": 1017.0}, {"op": "set", "side": "ask", "price": 0.86, "size": 21.8}]}
{"t": 1776976440.468045, "events": [{"op": "set", "side": "ask", "price": 0.84, "size": 213.0}, {"op": "set", "side": "ask", "price": 0.86, "size": 60.8}]}
{"t": 1776976442.480271, "events": [{"op": "set", "side": "bid", "price": 0.07, "size": 2.0}, {"op": "set", "side": "bid", "price": 0.06, "size": 440.0}, {"op": "set", "side": "bid", "price": 0.05, "size": 650.65}, {"op": "set", "side": "bid", "price": 0.03, "size": 221.0}, {"op": "delete", "side": "ask", "price": 0.84}, {"op": "set", "side": "ask", "price": 0.88, "size": 21.3}, {"op": "delete", "side": "ask", "price": 0.8}, {"op": "set", "side": "ask", "price": 0.85, "size": 357.0}, {"op": "set", "side": "ask", "price": 0.79, "size": 102.0}, {"op": "set", "side": "ask", "price": 0.77, "size": 186.53999999999996}, {"op": "set", "side": "ask", "price": 0.86, "size": 708.0}, {"op": "set", "side": "ask", "price": 0.87, "size": 995.0}]}
{"t": 1776976443.4918458, "events": [{"op": "set", "side": "bid", "price": 0.06, "size": 477.0}, {"op": "set", "side": "bid", "price": 0.05, "size": 667.65}, {"op": "set", "side": "bid", "price": 0.03, "size": 247.0}, {"op": "set", "side": "ask", "price": 0.88, "size": 50.0}, {"op": "set", "side": "ask", "price": 0.85, "size": 243.0}, {"op": "set", "side": "ask", "price": 0.79, "size": 262.0}, {"op": "set", "side": "ask", "price": 0.77, "size": 187.53999999999996}, {"op": "set", "side": "ask", "price": 0.86, "size": 368.0}, {"op": "set", "side": "ask", "price": 0.87, "size": 664.0}]}
{"t": 1776976444.5010781, "events": [{"op": "set", "side": "ask", "price": 0.88, "size": 72.0}]}
{"t": 1776976445.5077739, "events": [{"op": "set", "side": "ask", "price": 0.88, "size": 109.0}, {"op": "set", "side": "ask", "price": 0.86, "size": 329.0}]}
{"t": 1776976449.5285199, "events": [{"op": "set", "side": "ask", "price": 0.88, "size": 130.3}]}
{"t": 1776976451.535392, "events": [{"op": "set", "side": "bid", "price": 0.05, "size": 504.65}, {"op": "set", "side": "bid", "price": 0.03, "size": 30.0}, {"op": "set", "side": "ask", "price": 0.88, "size": 59.000000000000014}, {"op": "set", "side": "ask", "price": 0.8, "size": 23.43}, {"op": "delete", "side": "ask", "price": 0.85}, {"op": "set", "side": "ask", "price": 0.79, "size": 101.0}, {"op": "set", "side": "ask", "price": 0.77, "size": 186.53999999999996}, {"op": "delete", "side": "ask", "price": 0.86}, {"op": "delete", "side": "ask", "price": 0.87}]}
{"t": 1776976453.5542011, "events": [{"op": "set", "side": "bid", "price": 0.05, "size": 843.65}, {"op": "set", "side": "ask", "price": 0.88, "size": 245.0}, {"op": "delete", "side": "ask", "price": 0.8}, {"op": "set", "side": "ask", "price": 0.89, "size": 232.0}, {"op": "set", "side": "ask", "price": 0.9, "size": 342.0}]}
{"t": 1776976454.565593, "events": [{"op": "set", "side": "bid", "price": 0.07, "size": 1.0}, {"op": "set", "side": "bid", "price": 0.06, "size": 334.0}, {"op": "set", "side": "ask", "price": 0.9, "size": 35.0}]}
{"t": 1776976455.5719721, "events": [{"op": "set", "side": "bid", "price": 0.07, "size": 3.0}, {"op": "set", "side": "bid", "price": 0.06, "size": 577.0}, {"op": "set", "side": "bid", "price": 0.05, "size": 833.65}, {"op": "delete", "side": "bid", "price": 0.03}, {"op": "set", "side": "ask", "price": 0.88, "size": 250.0}, {"op": "set", "side": "ask", "price": 0.89, "size": 497.0}, {"op": "set", "side": "ask", "price": 0.79, "size": 258.0}, {"op": "set", "side": "ask", "price": 0.77, "size": 187.53999999999996}]}
{"t": 1776976456.585608, "events": [{"op": "set", "side": "ask", "price": 0.9, "size": 57.0}]}
{"t": 1776976458.60728, "events": [{"op": "set", "side": "bid", "price": 0.05, "size": 504.65}, {"op": "delete", "side": "ask", "price": 0.88}, {"op": "delete", "side": "ask", "price": 0.89}, {"op": "set", "side": "ask", "price": 0.79, "size": 101.0}, {"op": "set", "side": "ask", "price": 0.77, "size": 186.53999999999996}, {"op": "set", "side": "ask", "price": 0.9, "size": 22.0}]}
{"t": 1776976459.62, "events": [{"op": "set", "side": "bid", "price": 0.05, "size": 900.65}, {"op": "set", "side": "ask", "price": 0.92, "size": 164.0}, {"op": "set", "side": "ask", "price": 0.8, "size": 44.0}, {"op": "set", "side": "ask", "price": 0.9, "size": 241.0}, {"op": "set", "side": "ask", "price": 0.91, "size": 124.0}]}
{"t": 1776976460.625124, "events": [{"op": "delete", "side": "ask", "price": 0.8}, {"op": "set", "side": "ask", "price": 0.91, "size": 157.0}]}
{"t": 1776976461.631319, "events": [{"op": "set", "side": "bid", "price": 0.05, "size": 897.65}, {"op": "delete", "side": "ask", "price": 0.92}, {"op": "set", "side": "ask", "price": 0.79, "size": 257.0}, {"op": "set", "side": "ask", "price": 0.77, "size": 187.53999999999996}, {"op": "set", "side": "ask", "price": 0.9, "size": 264.0}, {"op": "set", "side": "ask", "price": 0.91, "size": 530.0}]}
{"t": 1776976463.654731, "events": [{"op": "set", "side": "ask", "price": 0.9, "size": 242.0}]}
{"t": 1776976465.66493, "events": [{"op": "delete", "side": "bid", "price": 0.07}, {"op": "set", "side": "bid", "price": 0.06, "size": 28.0}, {"op": "set", "side": "bid", "price": 0.05, "size": 475.65}, {"op": "set", "side": "ask", "price": 0.79, "size": 100.0}, {"op": "set", "side": "ask", "price": 0.8, "size": 42.0}, {"op": "set", "side": "ask", "price": 0.77, "size": 186.53999999999996}, {"op": "delete", "side": "ask", "price": 0.9}, {"op": "delete", "side": "ask", "price": 0.91}]}
{"t": 1776976467.6886039, "events": [{"op": "set", "side": "bid", "price": 0.06, "size": 33.0}, {"op": "set", "side": "bid", "price": 0.05, "size": 496.65}, {"op": "set", "side": "bid", "price": 0.08, "size": 664.0}, {"op": "set", "side": "bid", "price": 0.07, "size": 137.0}, {"op": "set", "side": "bid", "price": 0.01, "size": 4802.0}, {"op": "delete", "side": "bid", "price": 0.02}, {"op": "delete", "side": "ask", "price": 0.57}, {"op": "set", "side": "ask", "price": 0.75, "size": 174.0}, {"op": "set", "side": "ask", "price": 0.79, "size": 570.0}, {"op": "set", "side": "ask", "price": 0.8, "size": 67.43}, {"op": "set", "side": "ask", "price": 0.77, "size": 356.53999999999996}, {"op": "set", "side": "ask", "price": 0.04, "size": 23.0}]}
{"t": 1776976468.700096, "events": [{"op": "set", "side": "bid", "price": 0.09, "size": 28.0}]}
{"t": 1776976469.706263, "events": [{"op": "set", "side": "bid", "price": 0.01, "size": 4836.0}, {"op": "set", "side": "bid", "price": 0.02, "size": 57.0}, {"op": "set", "side": "ask", "price": 0.8, "size": 97.43}]}
{"t": 1776976472.725442, "events": [{"op": "set", "side": "bid", "price": 0.09, "size": 36.0}, {"op": "delete", "side": "bid", "price": 0.08}, {"op": "delete", "side": "bid", "price": 0.07}, {"op": "delete", "side": "bid", "price": 0.06}, {"op": "set", "side": "bid", "price": 0.1, "size": 732.0}, {"op": "set", "side": "bid", "price": 0.03, "size": 50.0}, {"op": "set", "side": "bid", "price": 0.02, "size": 68.0}, {"op": "set", "side": "ask", "price": 0.75, "size": 5.0}, {"op": "set", "side": "ask", "price": 0.77, "size": 553.54}, {"op": "set", "side": "ask", "price": 0.79, "size": 395.0}, {"op": "set", "side": "ask", "price": 0.8, "size": 431.95}, {"op": "set", "side": "ask", "price": 0.81, "size": 2.0}]}
{"t": 1776976473.738061, "events": [{"op": "delete", "side": "bid", "price": 0.03}, {"op": "set", "side": "bid", "price": 0.11, "size": 27.0}, {"op": "set", "side": "ask", "price": 0.8, "size": 360.0}]}
{"t": 1776976477.761339, "events": [{"op": "delete", "side": "bid", "price": 0.11}, {"op": "delete", "side": "bid", "price": 0.1}, {"op": "set", "side": "bid", "price": 0.05, "size": 475.65}, {"op": "delete", "side": "bid", "price": 0.09}, {"op": "set", "side": "bid", "price": 0.02, "size": 57.0}, {"op": "set", "side": "ask", "price": 0.77, "size": 186.53999999999996}, {"op": "set", "side": "ask", "price": 0.79, "size": 100.0}, {"op": "set", "side": "ask", "price": 0.8, "size": 42.0}, {"op": "delete", "side": "ask", "price": 0.81}]}
{"t": 1776976478.778097, "events": [{"op": "set", "side": "bid", "price": 0.06, "size": 29.0}]}
{"t": 1776976480.793513, "events": [{"op": "set", "side": "bid", "price": 0.06, "size": 34.0}, {"op": "set", "side": "bid", "price": 0.05, "size": 497.65}, {"op": "set", "side": "bid", "price": 0.08, "size": 664.0}, {"op": "set", "side": "bid", "price": 0.07, "size": 192.0}, {"op": "set", "side": "ask", "price": 0.77, "size": 448.53999999999996}, {"op": "set", "side": "ask", "price": 0.79, "size": 371.0}, {"op": "set", "side": "ask", "price": 0.8, "size": 665.0}, {"op": "set", "side": "ask", "price": 0.81, "size": 53.0}]}
{"t": 1776976481.809105, "events": [{"op": "set", "side": "bid", "price": 0.09, "size": 27.0}, {"op": "set", "side": "ask", "price": 0.82, "size": 39.0}]}
{"t": 1776976484.820907, "events": [{"op": "set", "side": "bid", "price": 0.05, "size": 495.65}, {"op": "delete", "side": "bid", "price": 0.08}, {"op": "delete", "side": "bid", "price": 0.07}, {"op": "delete", "side": "bid", "price": 0.06}, {"op": "set", "side": "ask", "price": 0.77, "size": 375.53999999999996}, {"op": "set", "side": "ask", "price": 0.79, "size": 279.0}, {"op": "delete", "side": "ask", "price": 0.8}]}
{"t": 1776976485.858399, "events": [{"op": "set", "side": "bid", "price": 0.09, "size": 35.0}, {"op": "set", "side": "bid", "price": 0.1, "size": 780.0}, {"op": "set", "side": "bid", "price": 0.06, "size": 28.0}, {"op": "set", "side": "bid", "price": 0.02, "size": 67.0}, {"op": "set", "side": "ask", "price": 0.81, "size": 226.0}, {"op": "set", "side": "ask", "price": 0.82, "size": 276.0}, {"op": "set", "side": "ask", "price": 0.83, "size": 1.0}]}
{"t": 1776976489.887844, "events": [{"op": "delete", "side": "bid", "price": 0.06}]}
{"t": 1776976490.901129, "events": [{"op": "delete", "side": "bid", "price": 0.1}, {"op": "delete", "side": "bid", "price": 0.09}, {"op": "set", "side": "bid", "price": 0.11, "size": 26.0}, {"op": "set", "side": "bid", "price": 0.02, "size": 57.0}, {"op": "delete", "side": "ask", "price": 0.81}]}
{"t": 1776976491.914994, "events": [{"op": "set", "side": "bid", "price": 0.05, "size": 480.65}, {"op": "set", "side": "bid", "price": 0.06, "size": 1000.0}, {"op": "set", "side": "bid", "price": 0.07, "size": 995.0}, {"op": "set", "side": "bid", "price": 0.01, "size": 4843.0}, {"op": "set", "side": "bid", "price": 0.02, "size": 50.0}, {"op": "set", "side": "ask", "price": 0.77, "size": 538.54}, {"op": "set", "side": "ask", "price": 0.79, "size": 395.0}, {"op": "set", "side": "ask", "price": 0.82, "size": 438.0}, {"op": "set", "side": "ask", "price": 0.83, "size": 2.0}]}
{"t": 1776976495.9455118, "events": [{"op": "delete", "side": "bid", "price": 0.11}, {"op": "set", "side": "bid", "price": 0.08, "size": 27.0}]}
{"t": 1776976504.995602, "events": [{"op": "delete", "side": "bid", "price": 0.06}, {"op": "delete", "side": "bid", "price": 0.07}, {"op": "set", "side": "ask", "price": 0.79, "size": 279.0}, {"op": "set", "side": "ask", "price": 0.82, "size": 276.0}]}
{"t": 1776976506.004798, "events": [{"op": "set", "side": "bid", "price": 0.08, "size": 35.0}, {"op": "set", "side": "bid", "price": 0.05, "size": 495.65}, {"op": "set", "side": "bid", "price": 0.1, "size": 26.0}, {"op": "set", "side": "bid", "price": 0.09, "size": 756.0}, {"op": "set", "side": "bid", "price": 0.02, "size": 60.0}, {"op": "set", "side": "ask", "price": 0.77, "size": 535.54}, {"op": "set", "side": "ask", "price": 0.79, "size": 449.0}, {"op": "set", "side": "ask", "price": 0.82, "size": 400.0}, {"op": "set", "side": "ask", "price": 0.83, "size": 52.0}]}
{"t": 1776976507.017001, "events": [{"op": "set", "side": "ask", "price": 0.84, "size": 36.0}]}
{"t": 1776976517.098359, "events": [{"op": "set", "side": "bid", "price": 0.01, "size": 4227.0}, {"op": "set", "side": "ask", "price": 0.46, "size": 2304.0}]}
{"t": 1776976521.1357608, "events": [{"op": "delete", "side": "bid", "price": 0.1}, {"op": "delete", "side": "bid", "price": 0.09}, {"op": "delete", "side": "bid", "price": 0.08}, {"op": "set", "side": "bid", "price": 0.01, "size": 4273.0}, {"op": "set", "side": "bid", "price": 0.02, "size": 10.0}, {"op": "set", "side": "ask", "price": 0.77, "size": 419.53999999999996}, {"op": "set", "side": "ask", "price": 0.79, "size": 326.0}, {"op": "delete", "side": "ask", "price": 0.84}, {"op": "delete", "side": "ask", "price": 0.82}, {"op": "set", "side": "ask", "price": 0.83, "size": 1.0}]}
{"t": 1776976522.1437619, "events": [{"op": "set", "side": "bid", "price": 0.12, "size": 24.0}, {"op": "set", "side": "bid", "price": 0.11, "size": 852.0}, {"op": "set", "side": "bid", "price": 0.1, "size": 33.0}, {"op": "set", "side": "bid", "price": 0.02, "size": 56.0}, {"op": "set", "side": "ask", "price": 0.84, "size": 301.0}, {"op": "set", "side": "ask", "price": 0.85, "size": 33.0}, {"op": "set", "side": "ask", "price": 0.83, "size": 279.0}]}
{"t": 1776976536.203557, "events": [{"op": "delete", "side": "bid", "price": 0.12}, {"op": "delete", "side": "bid", "price": 0.11}, {"op": "delete", "side": "bid", "price": 0.1}, {"op": "set", "side": "bid", "price": 0.05, "size": 475.65}, {"op": "set", "side": "bid", "price": 0.06, "size": 29.0}, {"op": "set", "side": "bid", "price": 0.02, "size": 46.0}, {"op": "set", "side": "ask", "price": 0.77, "size": 186.53999999999996}, {"op": "set", "side": "ask", "price": 0.79, "size": 100.0}, {"op": "delete", "side": "ask", "price": 0.84}, {"op": "set", "side": "ask", "price": 0.8, "size": 42.0}, {"op": "delete", "side": "ask", "price": 0.85}, {"op": "set", "side": "ask", "price": 0.57, "size": 23.0}, {"op": "delete", "side": "ask", "price": 0.04}, {"op": "delete", "side": "ask", "price": 0.83}]}
{"t": 1776976537.216504, "events": [{"op": "set", "side": "bid", "price": 0.06, "size": 63.0}, {"op": "set", "side": "bid", "price": 0.05, "size": 497.65}, {"op": "set", "side": "bid", "price": 0.08, "size": 664.0}, {"op": "set", "side": "bid", "price": 0.07, "size": 218.0}, {"op": "set", "side": "ask", "price": 0.75, "size": 163.0}, {"op": "set", "side": "ask", "price": 0.79, "size": 777.0}, {"op": "set", "side": "ask", "price": 0.8, "size": 45.0}, {"op": "set", "side": "ask", "price": 0.77, "size": 344.53999999999996}]}
{"t": 1776976540.237312, "events": [{"op": "set", "side": "bid", "price": 0.06, "size": 34.0}, {"op": "set", "side": "ask", "price": 0.75, "size": 5.0}]}
{"t": 1776976541.245595, "events": [{"op": "set", "side": "bid", "price": 0.09, "size": 28.0}]}
{"t": 1776976542.257569, "events": [{"op": "set", "side": "bid", "price": 0.08, "size": 65.0}, {"op": "set", "side": "bid", "price": 0.07, "size": 45.0}, {"op": "set", "side": "bid", "price": 0.06, "size": 33.0}, {"op": "set", "side": "ask", "price": 0.79, "size": 502.0}]}
{"t": 1776976544.27052, "events": [{"op": "set", "side": "ask", "price": 0.8, "size": 375.0}, {"op": "set", "side": "ask", "price": 0.77, "size": 630.54}, {"op": "set", "side": "ask", "price": 0.81, "size": 2.0}]}
{"t": 1776976545.305117, "events": [{"op": "delete", "side": "bid", "price": 0.08}, {"op": "delete", "side": "bid", "price": 0.07}, {"op": "delete", "side": "bid", "price": 0.06}, {"op": "set", "side": "ask", "price": 0.8, "size": 45.0}]}
{"t": 1776976546.315924, "events": [{"op": "delete", "side": "bid", "price": 0.09}, {"op": "set", "side": "bid", "price": 0.05, "size": 496.65}, {"op": "set", "side": "bid", "price": 0.06, "size": 29.0}, {"op": "delete", "side": "bid", "price": 0.02}, {"op": "set", "side": "bid", "price": 0.01, "size": 4227.0}, {"op": "set", "side": "ask", "price": 0.79, "size": 454.0}, {"op": "set", "side": "ask", "price": 0.77, "size": 540.54}]}
{"t": 1776976547.325418, "events": [{"op": "set", "side": "bid", "price": 0.1, "size": 732.0}, {"op": "set", "side": "bid", "price": 0.09, "size": 35.0}, {"op": "set", "side": "bid", "price": 0.02, "size": 11.0}, {"op": "set", "side": "ask", "price": 0.8, "size": 442.0}]}
{"t": 1776976548.331649, "events": [{"op": "delete", "side": "bid", "price": 0.1}, {"op": "delete", "side": "bid", "price": 0.09}, {"op": "set", "side": "bid", "price": 0.01, "size": 4267.0}, {"op": "set", "side": "bid", "price": 0.02, "size": 50.0}, {"op": "set", "side": "ask", "price": 0.77, "size": 344.53999999999996}]}
{"t": 1776976549.3694139, "events": [{"op": "set", "side": "bid", "price": 0.05, "size": 495.65}]}
{"t": 1776976550.374534, "events": [{"op": "set", "side": "bid", "price": 0.06, "size": 40.0}, {"op": "set", "side": "bid", "price": 0.09, "size": 27.0}, {"op": "set", "side": "bid", "price": 0.08, "size": 64.0}, {"op": "set", "side": "bid", "price": 0.07, "size": 54.0}, {"op": "set", "side": "ask", "price": 0.79, "size": 498.0}, {"op": "set", "side": "ask", "price": 0.77, "size": 618.54}]}
{"t": 1776976552.38733, "events": [{"op": "delete", "side": "bid", "price": 0.08}, {"op": "delete", "side": "bid", "price": 0.07}, {"op": "delete", "side": "bid", "price": 0.06}, {"op": "set", "side": "ask", "price": 0.79, "size": 454.0}, {"op": "set", "side": "ask", "price": 0.77, "size": 540.54}]}
{"t": 1776976553.394047, "events": [{"op": "set", "side": "bid", "price": 0.09, "size": 61.0}, {"op": "set", "side": "bid", "price": 0.1, "size": 733.0}, {"op": "set", "side": "bid", "price": 0.02, "size": 60.0}]}
{"t": 1776976555.404792, "events": [{"op": "set", "side": "bid", "price": 0.09, "size": 34.0}]}
{"t": 1776976556.4166641, "events": [{"op": "set", "side": "bid", "price": 0.11, "size": 27.0}]}
{"t": 1776976560.430049, "events": [{"op": "delete", "side": "bid", "price": 0.11}, {"op": "delete", "side": "bid", "price": 0.1}, {"op": "delete", "side": "bid", "price": 0.09}, {"op": "delete", "side": "ask", "price": 0.57}, {"op": "set", "side": "ask", "price": 0.79, "size": 444.0}, {"op": "set", "side": "ask", "price": 0.77, "size": 530.54}, {"op": "set", "side": "ask", "price": 0.04, "size": 22.0}]}
{"t": 1776976561.438821, "events": [{"op": "set", "side": "bid", "price": 0.12, "size": 780.0}, {"op": "set", "side": "bid", "price": 0.11, "size": 35.0}, {"op": "set", "side": "bid", "price": 0.06, "size": 28.0}]}
{"t": 1776976565.468847, "events": [{"op": "delete", "side": "bid", "price": 0.12}, {"op": "delete", "side": "bid", "price": 0.11}, {"op": "set", "side": "bid", "price": 0.02, "size": 50.0}, {"op": "set", "side": "ask", "price": 0.77, "size": 344.53999999999996}, {"op": "set", "side": "ask", "price": 0.8, "size": 400.0}, {"op": "set", "side": "ask", "price": 0.81, "size": 52.0}]}
{"t": 1776976566.4827142, "events": [{"op": "set", "side": "bid", "price": 0.06, "size": 36.0}, {"op": "set", "side": "bid", "price": 0.05, "size": 499.65}, {"op": "set", "side": "bid", "price": 0.09, "size": 77.0}, {"op": "set", "side": "bid", "price": 0.08, "size": 53.0}, {"op": "set", "side": "bid", "price": 0.07, "size": 41.0}, {"op": "set", "side": "ask", "price": 0.77, "size": 613.54}, {"op": "set", "side": "ask", "price": 0.79, "size": 491.0}, {"op": "set", "side": "ask", "price": 0.82, "size": 41.0}]}
{"t": 1776976569.49947, "events": [{"op": "set", "side": "bid", "price": 0.09, "size": 27.0}, {"op": "set", "side": "bid", "price": 0.05, "size": 475.65}, {"op": "delete", "side": "bid", "price": 0.08}, {"op": "delete", "side": "bid", "price": 0.07}, {"op": "delete", "side": "bid", "price": 0.06}, {"op": "set", "side": "ask", "price": 0.77, "size": 186.53999999999996}, {"op": "set", "side": "ask", "price": 0.79, "size": 100.0}, {"op": "delete", "side": "ask", "price": 0.8}, {"op": "set", "side": "ask", "price": 0.81, "size": 50.0}]}
{"t": 1776976570.521151, "events": [{"op": "delete", "side": "bid", "price": 0.09}, {"op": "set", "side": "bid", "price": 0.06, "size": 29.0}, {"op": "delete", "side": "bid", "price": 0.02}, {"op": "set", "side": "bid", "price": 0.01, "size": 4227.0}]}
{"t": 1776976572.538016, "events": [{"op": "set", "side": "bid", "price": 0.06, "size": 66.0}, {"op": "set", "side": "bid", "price": 0.05, "size": 493.65}, {"op": "set", "side": "bid", "price": 0.08, "size": 664.0}, {"op": "set", "side": "bid", "price": 0.07, "size": 162.0}, {"op": "set", "side": "bid", "price": 0.01, "size": 4252.0}, {"op": "set", "side": "bid", "price": 0.02, "size": 56.0}, {"op": "set", "side": "ask", "price": 0.77, "size": 460.53999999999996}, {"op": "set", "side": "ask", "price": 0.79, "size": 320.0}, {"op": "set", "side": "ask", "price": 0.81, "size": 1046.0}, {"op": "set", "side": "ask", "price": 0.82, "size": 46.0}]}
{"t": 1776976573.54511, "events": [{"op": "set", "side": "ask", "price": 0.77, "size": 186.53999999999996}]}
{"t": 1776976574.550605, "events": [{"op": "set", "side": "bid", "price": 0.08, "size": 115.0}, {"op": "set", "side": "bid", "price": 0.06, "size": 62.0}, {"op": "set", "side": "bid", "price": 0.07, "size": 45.0}, {"op": "set", "side": "bid", "price": 0.05, "size": 497.65}, {"op": "set", "side": "ask", "price": 0.79, "size": 1007.0}, {"op": "set", "side": "ask", "price": 0.81, "size": 717.0}, {"op": "set", "side": "ask", "price": 0.82, "size": 44.0}]}
{"t": 1776976575.5694778, "events": [{"op": "set", "side": "bid", "price": 0.06, "size": 33.0}]}
{"t": 1776976576.575867, "events": [{"op": "delete", "side": "bid", "price": 0.08}, {"op": "delete", "side": "bid", "price": 0.06}, {"op": "delete", "side": "bid", "price": 0.07}, {"op": "set", "side": "bid", "price": 0.09, "size": 26.0}]}
{"t": 1776976577.582925, "events": [{"op": "set", "side": "bid", "price": 0.05, "size": 495.65}, {"op": "set", "side": "ask", "price": 0.79, "size": 444.0}, {"op": "set", "side": "ask", "price": 0.81, "size": 394.0}]}
{"t": 1776976578.5899022, "events": [{"op": "set", "side": "bid", "price": 0.09, "size": 58.0}, {"op": "set", "side": "bid", "price": 0.1, "size": 780.0}, {"op": "set", "side": "bid", "price": 0.02, "size": 66.0}, {"op": "set", "side": "ask", "price": 0.81, "size": 344.0}, {"op": "set", "side": "ask", "price": 0.82, "size": 441.0}, {"op": "set", "side": "ask", "price": 0.83, "size": 2.0}]}
{"t": 1776976579.598368, "events": [{"op": "set", "side": "bid", "price": 0.1, "size": 41.0}, {"op": "set", "side": "bid", "price": 0.09, "size": 55.0}, {"op": "set", "side": "bid", "price": 0.05, "size": 501.65}, {"op": "set", "side": "bid", "price": 0.11, "size": 55.0}, {"op": "set", "side": "bid", "price": 0.03, "size": 15.0}, {"op": "set", "side": "bid", "price": 0.02, "size": 69.0}, {"op": "set", "side": "ask", "price": 0.77, "size": 531.54}, {"op": "set", "side": "ask", "price": 0.79, "size": 420.0}, {"op": "set", "side": "ask", "price": 0.8, "size": 41.0}, {"op": "delete", "side": "ask", "price": 0.81}, {"op": "set", "side": "ask", "price": 0.82, "size": 403.0}]}
{"t": 1776976580.610691, "events": [{"op": "set", "side": "bid", "price": 0.09, "size": 29.0}, {"op": "set", "side": "bid", "price": 0.12, "size": 24.0}, {"op": "set", "side": "ask", "price": 0.8, "size": 22.0}, {"op": "set", "side": "ask", "price": 0.83, "size": 40.0}]}
{"t": 1776976582.626801, "events": [{"op": "set", "side": "bid", "price": 0.12, "size": 53.0}, {"op": "delete", "side": "bid", "price": 0.11}, {"op": "delete", "side": "bid", "price": 0.1}, {"op": "set", "side": "bid", "price": 0.05, "size": 493.65}, {"op": "delete", "side": "bid", "price": 0.09}, {"op": "set", "side": "bid", "price": 0.03, "size": 27.0}, {"op": "set", "side": "bid", "price": 0.13, "size": 875.0}, {"op": "set", "side": "bid", "price": 0.02, "size": 62.0}, {"op": "set", "side": "ask", "price": 0.77, "size": 408.53999999999996}, {"op": "set", "side": "ask", "price": 0.79, "size": 304.0}, {"op": "set", "side": "ask", "price": 0.84, "size": 1.0}, {"op": "set", "side": "ask", "price": 0.8, "size": 295.0}, {"op": "delete", "side": "ask", "price": 0.82}, {"op": "set", "side": "ask", "price": 0.83, "size": 327.0}]}
{"t": 1776976585.646488, "events": [{"op": "set", "side": "bid", "price": 0.12, "size": 29.0}, {"op": "set", "side": "bid", "price": 0.14, "size": 24.0}]}
{"t": 1776976586.651933, "events": [{"op": "set", "side": "ask", "price": 0.8, "size": 273.0}]}
{"t": 1776976587.65838, "events": [{"op": "delete", "side": "bid", "price": 0.13}, {"op": "delete", "side": "bid", "price": 0.12}, {"op": "set", "side": "bid", "price": 0.02, "size": 56.0}, {"op": "set", "side": "ask", "price": 0.77, "size": 392.53999999999996}, {"op": "set", "side": "ask", "price": 0.83, "size": 62.0}]}
{"t": 1776976588.667841, "events": [{"op": "set", "side": "bid", "price": 0.14, "size": 59.0}, {"op": "set", "side": "bid", "price": 0.15, "size": 125.0}, {"op": "set", "side": "ask", "price": 0.79, "size": 307.0}, {"op": "set", "side": "ask", "price": 0.8, "size": 326.0}, {"op": "set", "side": "ask", "price": 0.83, "size": 392.0}]}
{"t": 1776976589.676565, "events": [{"op": "set", "side": "ask", "price": 0.83, "size": 370.0}]}
{"t": 1776976590.681835, "events": [{"op": "set", "side": "bid", "price": 0.14, "size": 35.0}, {"op": "set", "side": "bid", "price": 0.08, "size": 29.0}, {"op": "set", "side": "bid", "price": 0.07, "size": 50.0}, {"op": "set", "side": "ask", "price": 0.81, "size": 16.0}]}
{"t": 1776976592.712306, "events": [{"op": "delete", "side": "bid", "price": 0.15}, {"op": "delete", "side": "bid", "price": 0.14}, {"op": "set", "side": "bid", "price": 0.08, "size": 61.0}, {"op": "set", "side": "bid", "price": 0.07, "size": 22.0}, {"op": "set", "side": "bid", "price": 0.05, "size": 490.65}, {"op": "set", "side": "bid", "price": 0.03, "size": 22.0}, {"op": "set", "side": "bid", "price": 0.09, "size": 779.0}, {"op": "set", "side": "ask", "price": 0.77, "size": 186.53999999999996}, {"op": "set", "side": "ask", "price": 0.79, "size": 445.0}, {"op": "set", "side": "ask", "price": 0.84, "size": 51.0}, {"op": "set", "side": "ask", "price": 0.8, "size": 279.0}, {"op": "set", "side": "ask", "price": 0.81, "size": 267.0}, {"op": "delete", "side": "ask", "price": 0.04}, {"op": "set", "side": "ask", "price": 0.49, "size": 22.0}, {"op": "set", "side": "ask", "price": 0.83, "size": 333.0}]}
{"t": 1776976593.717815, "events": [{"op": "set", "side": "ask", "price": 0.85, "size": 35.0}]}
{"t": 1776976595.7320058, "events": [{"op": "set", "side": "bid", "price": 0.08, "size": 32.0}, {"op": "set", "side": "bid", "price": 0.1, "size": 26.0}, {"op": "set", "side": "ask", "price": 0.85, "size": 51.0}]}
{"t": 1776976605.780865, "events": [{"op": "delete", "side": "bid", "price": 0.1}, {"op": "delete", "side": "bid", "price": 0.09}, {"op": "delete", "side": "bid", "price": 0.08}, {"op": "delete", "side": "bid", "price": 0.07}, {"op": "set", "side": "bid", "price": 0.03, "size": 7.0}, {"op": "set", "side": "bid", "price": 0.06, "size": 50.0}, {"op": "set", "side": "bid", "price": 0.01, "size": 4227.0}, {"op": "delete", "side": "bid", "price": 0.02}, {"op": "set", "side": "ask", "price": 0.84, "size": 1.0}, {"op": "delete", "side": "ask", "price": 0.8}, {"op": "set", "side": "ask", "price": 0.79, "size": 251.0}, {"op": "delete", "side": "ask", "price": 0.85}, {"op": "delete", "side": "ask", "price": 0.81}, {"op": "delete", "side": "ask", "price": 0.83}]}
{"t": 1776976606.794375, "events": [{"op": "set", "side": "bid", "price": 0.05, "size": 495.65}, {"op": "set", "side": "bid", "price": 0.03, "size": 13.0}, {"op": "set", "side": "bid", "price": 0.11, "size": 875.0}, {"op": "set", "side": "bid", "price": 0.1, "size": 30.0}, {"op": "set", "side": "bid", "price": 0.07, "size": 28.0}, {"op": "set", "side": "bid", "price": 0.01, "size": 4258.0}, {"op": "set", "side": "bid", "price": 0.02, "size": 71.0}, {"op": "set", "side": "ask", "price": 0.77, "size": 379.53999999999996}, {"op": "set", "side": "ask", "price": 0.84, "size": 273.0}, {"op": "set", "side": "ask", "price": 0.85, "size": 211.0}, {"op": "set", "side": "ask", "price": 0.86, "size": 1.0}, {"op": "set", "side": "ask", "price": 0.8, "size": 42.0}]}
{"t": 1776976607.800011, "events": [{"op": "delete", "side": "bid", "price": 0.11}, {"op": "delete", "side": "bid", "price": 0.1}, {"op": "set", "side": "bid", "price": 0.06, "size": 16.0}, {"op": "set", "side": "bid", "price": 0.07, "size": 60.0}, {"op": "set", "side": "bid", "price": 0.05, "size": 485.65}, {"op": "delete", "side": "bid", "price": 0.03}, {"op": "set", "side": "bid", "price": 0.08, "size": 41.0}, {"op": "set", "side": "bid", "price": 0.02, "size": 64.0}, {"op": "delete", "side": "ask", "price": 0.84}, {"op": "set", "side": "ask", "price": 0.8, "size": 246.0}, {"op": "delete", "side": "ask", "price": 0.85}, {"op": "set", "side": "ask", "price": 0.79, "size": 311.0}, {"op": "set", "side": "ask", "price": 0.77, "size": 408.53999999999996}, {"op": "set", "side": "ask", "price": 0.81, "size": 1.0}, {"op": "delete", "side": "ask", "price": 0.86}]}
{"t": 1776976610.818959, "events": [{"op": "set", "side": "bid", "price": 0.07, "size": 32.0}, {"op": "set", "side": "bid", "price": 0.09, "size": 27.0}, {"op": "set", "side": "ask", "price": 0.8, "size": 204.0}, {"op": "set", "side": "ask", "price": 0.81, "size": 51.0}]}
{"t": 1776976611.832784, "events": [{"op": "set", "side": "ask", "price": 0.82, "size": 40.0}]}
{"t": 1776976620.890514, "events": [{"op": "set", "side": "ask", "price": 0.82, "size": 44.55}]}
{"t": 1776976623.9121861, "events": [{"op": "delete", "side": "bid", "price": 0.08}, {"op": "delete", "side": "bid", "price": 0.07}, {"op": "delete", "side": "bid", "price": 0.06}, {"op": "delete", "side": "ask", "price": 0.8}, {"op": "set", "side": "ask", "price": 0.77, "size": 379.53999999999996}]}
{"t": 1776976624.9222841, "events": [{"op": "set", "side": "bid", "price": 0.09, "size": 34.0}, {"op": "set", "side": "bid", "price": 0.05, "size": 495.65}, {"op": "set", "side": "bid", "price": 0.11, "size": 26.0}, {"op": "set", "side": "bid", "price": 0.1, "size": 781.0}, {"op": "set", "side": "bid", "price": 0.02, "size": 74.0}, {"op": "set", "side": "ask", "price": 0.79, "size": 257.0}, {"op": "set", "side": "ask", "price": 0.77, "size": 353.53999999999996}, {"op": "set", "side": "ask", "price": 0.81, "size": 226.0}, {"op": "set", "side": "ask", "price": 0.82, "size": 241.0}, {"op": "set", "side": "ask", "price": 0.83, "size": 1.0}]}
{"t": 1776976627.946018, "events": [{"op": "delete", "side": "bid", "price": 0.1}, {"op": "set", "side": "bid", "price": 0.05, "size": 475.65}, {"op": "delete", "side": "bid", "price": 0.09}, {"op": "set", "side": "bid", "price": 0.02, "size": 64.0}, {"op": "delete", "side": "ask", "price": 0.49}, {"op": "set", "side": "ask", "price": 0.79, "size": 100.0}, {"op": "set", "side": "ask", "price": 0.8, "size": 42.0}, {"op": "set", "side": "ask", "price": 0.77, "size": 186.53999999999996}, {"op": "delete", "side": "ask", "price": 0.81}, {"op": "delete", "side": "ask", "price": 0.82}, {"op": "set", "side": "ask", "price": 0.57, "size": 24.0}, {"op": "delete", "side": "ask", "price": 0.83}]}
{"t": 1776976629.966581, "events": [{"op": "delete", "side": "bid", "price": 0.11}]}
{"t": 1776976630.9735959, "events": [{"op": "set", "side": "bid", "price": 0.06, "size": 79.0}, {"op": "delete", "side": "bid", "price": 0.02}, {"op": "set", "side": "bid", "price": 0.01, "size": 4227.0}, {"op": "set", "side": "ask", "price": 0.8, "size": 92.0}]}
{"t": 1776976631.9891021, "events": [{"op": "set", "side": "bid", "price": 0.05, "size": 495.65}, {"op": "set", "side": "bid", "price": 0.12, "size": 781.0}, {"op": "set", "side": "bid", "price": 0.11, "size": 32.0}, {"op": "set", "side": "bid", "price": 0.01, "size": 4252.0}, {"op": "set", "side": "bid", "price": 0.02, "size": 68.0}, {"op": "set", "side": "ask", "price": 0.75, "size": 194.0}, {"op": "set", "side": "ask", "price": 0.79, "size": 400.0}, {"op": "set", "side": "ask", "price": 0.8, "size": 707.0}, {"op": "set", "side": "ask", "price": 0.77, "size": 337.53999999999996}, {"op": "set", "side": "ask", "price": 0.81, "size": 3.0}]}
{"t": 1776976636.012798, "events": [{"op": "delete", "side": "bid", "price": 0.12}, {"op": "delete", "side": "bid", "price": 0.11}, {"op": "delete", "side": "bid", "price": 0.06}, {"op": "set", "side": "bid", "price": 0.13, "size": 26.0}, {"op": "set", "side": "bid", "price": 0.03, "size": 14.0}, {"op": "set", "side": "ask", "price": 0.75, "size": 5.0}]}
{"t": 1776976637.021386, "events": [{"op": "set", "side": "bid", "price": 0.13, "size": 55.0}, {"op": "set", "side": "bid", "price": 0.03, "size": 27.0}, {"op": "set", "side": "bid", "price": 0.14, "size": 827.0}, {"op": "set", "side": "bid", "price": 0.02, "size": 65.0}, {"op": "set", "side": "ask", "price": 0.79, "size": 461.0}, {"op": "set", "side": "ask", "price": 0.8, "size": 541.0}, {"op": "set", "side": "ask", "price": 0.77, "size": 548.54}, {"op": "set", "side": "ask", "price": 0.81, "size": 2.0}]}
{"t": 1776976640.0406752, "events": [{"op": "set", "side": "bid", "price": 0.13, "size": 29.0}]}
{"t": 1776976641.045354, "events": [{"op": "set", "side": "bid", "price": 0.15, "size": 25.0}]}
{"t": 1776976648.087174, "events": [{"op": "set", "side": "bid", "price": 0.15, "size": 47.0}, {"op": "delete", "side": "bid", "price": 0.14}, {"op": "delete", "side": "bid", "price": 0.13}, {"op": "set", "side": "bid", "price": 0.05, "size": 494.65}, {"op": "set", "side": "bid", "price": 0.03, "size": 45.0}, {"op": "set", "side": "bid", "price": 0.17, "size": 83.0}, {"op": "set", "side": "bid", "price": 0.06, "size": 28.0}, {"op": "set", "side": "bid", "price": 0.16, "size": 63.0}, {"op": "set", "side": "bid", "price": 0.02, "size": 58.0}, {"op": "set", "side": "ask", "price": 0.79, "size": 425.0}, {"op": "set", "side": "ask", "price": 0.8, "size": 442.0}, {"op": "set", "side": "ask", "price": 0.77, "size": 510.53999999999996}]}
{"t": 1776976650.106755, "events": [{"op": "delete", "side": "bid", "price": 0.17}, {"op": "delete", "side": "bid", "price": 0.15}, {"op": "delete", "side": "bid", "price": 0.16}, {"op": "set", "side": "bid", "price": 0.03, "size": 14.0}, {"op": "set", "side": "ask", "price": 0.79, "size": 400.0}, {"op": "set", "side": "ask", "price": 0.77, "size": 337.53999999999996}]}
{"t": 1776976651.118593, "events": [{"op": "set", "side": "bid", "price": 0.06, "size": 44.0}, {"op": "set", "side": "bid", "price": 0.05, "size": 498.65}, {"op": "set", "side": "bid", "price": 0.09, "size": 27.0}, {"op": "set", "side": "bid", "price": 0.08, "size": 76.0}, {"op": "set", "side": "bid", "price": 0.07, "size": 41.0}, {"op": "set", "side": "ask", "price": 0.79, "size": 477.0}, {"op": "set", "side": "ask", "price": 0.77, "size": 604.54}]}
{"t": 1776976653.130749, "events": [{"op": "set", "side": "bid", "price": 0.09, "size": 61.0}, {"op": "set", "side": "bid", "price": 0.05, "size": 495.65}, {"op": "delete", "side": "bid", "price": 0.08}, {"op": "delete", "side": "bid", "price": 0.07}, {"op": "delete", "side": "bid", "price": 0.06}, {"op": "set", "side": "bid", "price": 0.03, "size": 24.0}, {"op": "set", "side": "bid", "price": 0.1, "size": 733.0}, {"op": "delete", "side": "ask", "price": 0.57}, {"op": "set", "side": "ask", "price": 0.79, "size": 454.0}, {"op": "set", "side": "ask", "price": 0.77, "size": 540.54}, {"op": "set", "side": "ask", "price": 0.04, "size": 22.0}]}
{"t": 1776976655.139762, "events": [{"op": "set", "side": "bid", "price": 0.09, "size": 34.0}]}
{"t": 1776976656.145735, "events": [{"op": "set", "side": "bid", "price": 0.11, "size": 27.0}]}
{"t": 1776976660.164791, "events": [{"op": "set", "side": "bid", "price": 0.11, "size": 57.0}, {"op": "delete", "side": "bid", "price": 0.1}, {"op": "set", "side": "bid", "price": 0.05, "size": 496.65}, {"op": "delete", "side": "bid", "price": 0.09}, {"op": "set", "side": "bid", "price": 0.03, "size": 14.0}, {"op": "set", "side": "bid", "price": 0.12, "size": 780.0}, {"op": "set", "side": "bid", "price": 0.02, "size": 65.0}, {"op": "set", "side": "ask", "price": 0.77, "size": 530.54}, {"op": "set", "side": "ask", "price": 0.79, "size": 445.0}]}
{"t": 1776976661.1799512, "events": [{"op": "set", "side": "bid", "price": 0.11, "size": 30.0}, {"op": "set", "side": "bid", "price": 0.07, "size": 16.0}]}
{"t": 1776976662.1883461, "events": [{"op": "delete", "side": "bid", "price": 0.07}, {"op": "set", "side": "bid", "price": 0.03, "size": 49.0}, {"op": "set", "side": "bid", "price": 0.13, "size": 26.0}, {"op": "set", "side": "bid", "price": 0.01, "size": 4227.0}]}
{"t": 1776976688.379301, "events": [{"op": "delete", "side": "bid", "price": 0.12}, {"op": "delete", "side": "bid", "price": 0.11}, {"op": "set", "side": "bid", "price": 0.05, "size": 495.65}, {"op": "set", "side": "bid", "price": 0.03, "size": 13.0}, {"op": "set", "side": "bid", "price": 0.07, "size": 16.0}, {"op": "set", "side": "bid", "price": 0.01, "size": 4265.0}, {"op": "set", "side": "ask", "price": 0.77, "size": 520.54}, {"op": "set", "side": "ask", "price": 0.79, "size": 435.0}]}
{"t": 1776976689.3868952, "events": [{"op": "set", "side": "bid", "price": 0.13, "size": 29.0}, {"op": "set", "side": "bid", "price": 0.14, "size": 828.0}, {"op": "set", "side": "bid", "price": 0.06, "size": 28.0}, {"op": "set", "side": "bid", "price": 0.02, "size": 7.0}]}
{"t": 1776976690.397115, "events": [{"op": "delete", "side": "bid", "price": 0.06}, {"op": "set", "side": "bid", "price": 0.08, "size": 50.0}, {"op": "set", "side": "bid", "price": 0.02, "size": 59.0}]}
{"t": 1776976691.417778, "events": [{"op": "delete", "side": "bid", "price": 0.08}, {"op": "delete", "side": "bid", "price": 0.07}, {"op": "set", "side": "bid", "price": 0.15, "size": 75.0}]}
{"t": 1776976694.6291242, "events": [{"op": "set", "side": "bid", "price": 0.15, "size": 25.0}, {"op": "delete", "side": "bid", "price": 0.14}, {"op": "delete", "side": "bid", "price": 0.13}, {"op": "set", "side": "bid", "price": 0.05, "size": 475.65}, {"op": "delete", "side": "bid", "price": 0.03}, {"op": "set", "side": "bid", "price": 0.02, "size": 52.0}, {"op": "set", "side": "ask", "price": 0.77, "size": 186.53999999999996}, {"op": "set", "side": "ask", "price": 0.79, "size": 100.0}, {"op": "set", "side": "ask", "price": 0.8, "size": 42.0}, {"op": "delete", "side": "ask", "price": 0.81}]}
{"t": 1776976695.801642, "events": [{"op": "delete", "side": "bid", "price": 0.15}, {"op": "set", "side": "bid", "price": 0.06, "size": 29.0}, {"op": "set", "side": "ask", "price": 0.57, "size": 19.0}, {"op": "delete", "side": "ask", "price": 0.04}]}
{"t": 1776976698.8431628, "events": [{"op": "set", "side": "bid", "price": 0.06, "size": 63.0}, {"op": "set", "side": "bid", "price": 0.05, "size": 497.65}, {"op": "set", "side": "bid", "price": 0.08, "size": 664.0}, {"op": "set", "side": "bid", "price": 0.07, "size": 212.0}, {"op": "set", "side": "ask", "price": 0.75, "size": 165.0}, {"op": "set", "side": "ask", "price": 0.8, "size": 45.0}]}
{"t": 1776976699.857614, "events": [{"op": "set", "side": "ask", "price": 0.79, "size": 766.0}, {"op": "set", "side": "ask", "price": 0.77, "size": 346.53999999999996}]}
{"t": 1776976702.870096, "events": [{"op": "delete", "side": "bid", "price": 0.08}, {"op": "set", "side": "bid", "price": 0.06, "size": 34.0}, {"op": "set", "side": "ask", "price": 0.75, "size": 5.0}]}
{"t": 1776976703.879584, "events": [{"op": "set", "side": "bid", "price": 0.07, "size": 996.0}, {"op": "set", "side": "bid", "price": 0.06, "size": 1000.0}, {"op": "set", "side": "bid", "price": 0.05, "size": 479.65}, {"op": "set", "side": "bid", "price": 0.08, "size": 44.0}, {"op": "set", "side": "ask", "price": 0.79, "size": 505.0}, {"op": "set", "side": "ask", "price": 0.8, "size": 375.0}, {"op": "set", "side": "ask", "price": 0.77, "size": 631.54}, {"op": "set", "side": "ask", "price": 0.81, "size": 1.0}]}
{"t": 1776976711.951642, "events": [{"op": "set", "side": "ask", "price": 0.8, "size": 333.0}, {"op": "set", "side": "ask", "price": 0.81, "size": 66.0}]}
{"t": 1776976720.0040588, "events": [{"op": "set", "side": "bid", "price": 0.08, "size": 28.0}, {"op": "delete", "side": "bid", "price": 0.06}, {"op": "delete", "side": "bid", "price": 0.07}, {"op": "delete", "side": "ask", "price": 0.8}]}
{"t": 1776976721.023626, "events": [{"op": "set", "side": "bid", "price": 0.08, "size": 52.0}, {"op": "set", "side": "bid", "price": 0.05, "size": 508.65}, {"op": "set", "side": "bid", "price": 0.09, "size": 740.0}, {"op": "set", "side": "bid", "price": 0.06, "size": 78.0}, {"op": "set", "side": "bid", "price": 0.01, "size": 4268.0}, {"op": "set", "side": "bid", "price": 0.02, "size": 67.0}, {"op": "set", "side": "ask", "price": 0.79, "size": 412.0}, {"op": "set", "side": "ask", "price": 0.77, "size": 523.54}, {"op": "set", "side": "ask", "price": 0.81, "size": 445.0}, {"op": "set", "side": "ask", "price": 0.82, "size": 2.0}]}
{"t": 1776976722.046269, "events": [{"op": "delete", "side": "ask", "price": 0.57}, {"op": "set", "side": "ask", "price": 0.81, "size": 421.0}, {"op": "set", "side": "ask", "price": 0.04, "size": 21.0}]}
{"t": 1776976724.061188, "events": [{"op": "set", "side": "ask", "price": 0.81, "size": 380.0}]}
{"t": 1776976725.0786262, "events": [{"op": "set", "side": "bid", "price": 0.06, "size": 50.0}, {"op": "set", "side": "ask", "price": 0.82, "size": 41.0}]}
{"t": 1776976727.112159, "events": [{"op": "set", "side": "bid", "price": 0.1, "size": 27.0}]}
{"t": 1776976728.131846, "events": [{"op": "set", "side": "bid", "price": 0.1, "size": 77.0}, {"op": "delete", "side": "bid", "price": 0.06}]}
{"t": 1776976729.136172, "events": [{"op": "set", "side": "bid", "price": 0.1, "size": 116.0}, {"op": "delete", "side": "bid", "price": 0.09}, {"op": "delete", "side": "bid", "price": 0.08}, {"op": "set", "side": "bid", "price": 0.05, "size": 532.65}, {"op": "set", "side": "bid", "price": 0.11, "size": 820.0}, {"op": "set", "side": "bid", "price": 0.02, "size": 80.0}, {"op": "set", "side": "ask", "price": 0.75, "size": 235.0}, {"op": "set", "side": "ask", "price": 0.77, "size": 353.53999999999996}, {"op": "set", "side": "ask", "price": 0.79, "size": 337.0}, {"op": "delete", "side": "ask", "price": 0.81}, {"op": "set", "side": "ask", "price": 0.82, "size": 284.0}, {"op": "set", "side": "ask", "price": 0.83, "size": 1.0}]}
{"t": 1776976730.1580229, "events": [{"op": "set", "side": "ask", "price": 0.83, "size": 36.0}]}
{"t": 1776976732.18078, "events": [{"op": "set", "side": "bid", "price": 0.1, "size": 89.0}]}
{"t": 1776976736.203402, "events": [{"op": "set", "side": "bid", "price": 0.12, "size": 26.0}]}
{"t": 1776976738.2212422, "events": [{"op": "delete", "side": "bid", "price": 0.11}, {"op": "delete", "side": "bid", "price": 0.1}, {"op": "set", "side": "bid", "price": 0.05, "size": 495.65}, {"op": "set", "side": "bid", "price": 0.06, "size": 50.0}, {"op": "set", "side": "bid", "price": 0.02, "size": 61.0}, {"op": "set", "side": "ask", "price": 0.75, "size": 168.0}, {"op": "set", "side": "ask", "price": 0.77, "size": 340.53999999999996}, {"op": "set", "side": "ask", "price": 0.79, "size": 302.0}, {"op": "delete", "side": "ask", "price": 0.82}]}
{"t": 1776976739.229032, "events": [{"op": "set", "side": "bid", "price": 0.12, "size": 58.0}, {"op": "set", "side": "bid", "price": 0.13, "size": 876.0}, {"op": "set", "side": "ask", "price": 0.84, "size": 1.0}, {"op": "set", "side": "ask", "price": 0.83, "size": 264.0}]}
{"t": 1776976740.2347279, "events": [{"op": "set", "side": "ask", "price": 0.83, "size": 36.0}]}
{"t": 1776976741.2510169, "events": [{"op": "set", "side": "bid", "price": 0.13, "size": 586.0}, {"op": "set", "side": "bid", "price": 0.12, "size": 322.0}, {"op": "set", "side": "bid", "price": 0.06, "size": 71.0}, {"op": "set", "side": "bid", "price": 0.05, "size": 488.65}, {"op": "set", "side": "bid", "price": 0.02, "size": 58.0}, {"op": "set", "side": "ask", "price": 0.75, "size": 187.0}, {"op": "set", "side": "ask", "price": 0.77, "size": 359.53999999999996}, {"op": "set", "side": "ask", "price": 0.79, "size": 329.0}, {"op": "set", "side": "ask", "price": 0.83, "size": 302.0}]}
{"t": 1776976748.519692, "events": [{"op": "set", "side": "bid", "price": 0.12, "size": 296.0}, {"op": "set", "side": "bid", "price": 0.03, "size": 44.0}, {"op": "set", "side": "bid", "price": 0.01, "size": 4227.0}, {"op": "set", "side": "ask", "price": 0.83, "size": 267.0}]}
{"t": 1776976752.540415, "events": [{"op": "delete", "side": "bid", "price": 0.13}, {"op": "delete", "side": "bid", "price": 0.12}, {"op": "set", "side": "bid", "price": 0.06, "size": 49.0}, {"op": "set", "side": "bid", "price": 0.05, "size": 512.65}, {"op": "set", "side": "bid", "price": 0.09, "size": 27.0}, {"op": "set", "side": "bid", "price": 0.08, "size": 90.0}, {"op": "set", "side": "bid", "price": 0.07, "size": 70.0}, {"op": "set", "side": "bid", "price": 0.02, "size": 51.0}, {"op": "set", "side": "ask", "price": 0.75, "size": 485.0}, {"op": "set", "side": "ask", "price": 0.77, "size": 496.53999999999996}, {"op": "set", "side": "ask", "price": 0.79, "size": 437.0}, {"op": "delete", "side": "ask", "price": 0.84}, {"op": "set", "side": "ask", "price": 0.8, "size": 43.0}, {"op": "delete", "side": "ask", "price": 0.83}]}
{"t": 1776976760.616456, "events": [{"op": "set", "side": "bid", "price": 0.09, "size": 34.0}, {"op": "set", "side": "bid", "price": 0.05, "size": 495.65}, {"op": "delete", "side": "bid", "price": 0.08}, {"op": "delete", "side": "bid", "price": 0.07}, {"op": "delete", "side": "bid", "price": 0.06}, {"op": "set", "side": "bid", "price": 0.03, "size": 54.0}, {"op": "set", "side": "bid", "price": 0.11, "size": 43.0}, {"op": "set", "side": "bid", "price": 0.1, "size": 733.0}, {"op": "set", "side": "ask", "price": 0.75, "size": 5.0}, {"op": "set", "side": "ask", "price": 0.77, "size": 564.54}, {"op": "set", "side": "ask", "price": 0.79, "size": 404.0}, {"op": "set", "side": "ask", "price": 0.8, "size": 375.0}, {"op": "set", "side": "ask", "price": 0.81, "size": 1.0}]}
{"t": 1776976769.6871839, "events": [{"op": "delete", "side": "bid", "price": 0.11}, {"op": "delete", "side": "bid", "price": 0.1}, {"op": "set", "side": "bid", "price": 0.05, "size": 479.65}, {"op": "delete", "side": "bid", "price": 0.09}, {"op": "set", "side": "bid", "price": 0.03, "size": 10.0}, {"op": "delete", "side": "bid", "price": 0.02}, {"op": "set", "side": "ask", "price": 0.77, "size": 530.54}, {"op": "set", "side": "ask", "price": 0.79, "size": 302.0}, {"op": "set", "side": "ask", "price": 0.8, "size": 43.0}]}
{"t": 1776976770.703775, "events": [{"op": "set", "side": "bid", "price": 0.05, "size": 507.65}, {"op": "set", "side": "bid", "price": 0.03, "size": 21.0}, {"op": "set", "side": "bid", "price": 0.13, "size": 26.0}, {"op": "set", "side": "bid", "price": 0.12, "size": 784.0}, {"op": "set", "side": "bid", "price": 0.11, "size": 46.0}, {"op": "set", "side": "bid", "price": 0.01, "size": 4273.0}, {"op": "set", "side": "bid", "price": 0.02, "size": 58.0}, {"op": "set", "side": "ask", "price": 0.79, "size": 445.0}, {"op": "set", "side": "ask", "price": 0.8, "size": 442.0}, {"op": "set", "side": "ask", "price": 0.81, "size": 2.0}]}
{"t": 1776976772.744343, "events": [{"op": "delete", "side": "bid", "price": 0.12}, {"op": "delete", "side": "bid", "price": 0.11}, {"op": "set", "side": "bid", "price": 0.05, "size": 495.65}, {"op": "delete", "side": "bid", "price": 0.03}, {"op": "set", "side": "bid", "price": 0.02, "size": 57.0}, {"op": "set", "side": "ask", "price": 0.03, "size": 111.0}, {"op": "set", "side": "ask", "price": 0.77, "size": 520.54}, {"op": "set", "side": "ask", "price": 0.79, "size": 435.0}, {"op": "delete", "side": "ask", "price": 0.04}]}
{"t": 1776976773.7583098, "events": [{"op": "set", "side": "bid", "price": 0.13, "size": 58.0}, {"op": "set", "side": "bid", "price": 0.14, "size": 829.0}]}
{"t": 1776976775.7824068, "events": [{"op": "set", "side": "bid", "price": 0.13, "size": 32.0}, {"op": "set", "side": "bid", "price": 0.15, "size": 25.0}]}
{"t": 1776976788.865946, "events": [{"op": "delete", "side": "bid", "price": 0.15}, {"op": "delete", "side": "bid", "price": 0.14}, {"op": "delete", "side": "bid", "price": 0.13}, {"op": "set", "side": "bid", "price": 0.05, "size": 479.65}]}
{"t": 1776976789.882459, "events": [{"op": "set", "side": "bid", "price": 0.05, "size": 509.65}, {"op": "set", "side": "bid", "price": 0.17, "size": 89.0}, {"op": "set", "side": "bid", "price": 0.06, "size": 28.0}, {"op": "set", "side": "bid", "price": 0.15, "size": 51.0}, {"op": "set", "side": "bid", "price": 0.16, "size": 67.0}, {"op": "set", "side": "bid", "price": 0.02, "size": 64.0}, {"op": "set", "side": "ask", "price": 0.77, "size": 510.53999999999996}, {"op": "set", "side": "ask", "price": 0.79, "size": 425.0}]}
{"t": 1776976790.891396, "events": [{"op": "delete", "side": "bid", "price": 0.06}]}
{"t": 1776976791.9012082, "events": [{"op": "set", "side": "bid", "price": 0.16, "size": 91.0}]}
{"t": 1776976792.913603, "events": [{"op": "delete", "side": "bid", "price": 0.15}, {"op": "set", "side": "bid", "price": 0.06, "size": 52.0}, {"op": "set", "side": "bid", "price": 0.01, "size": 4227.0}, {"op": "set", "side": "bid", "price": 0.02, "size": 10.0}]}
{"t": 1776976793.92892, "events": [{"op": "set", "side": "bid", "price": 0.17, "size": 55.0}, {"op": "set", "side": "bid", "price": 0.05, "size": 493.65}, {"op": "set", "side": "bid", "price": 0.16, "size": 61.0}, {"op": "set", "side": "bid", "price": 0.18, "size": 77.0}, {"op": "set", "side": "bid", "price": 0.07, "size": 27.0}, {"op": "set", "side": "bid", "price": 0.02, "size": 36.0}, {"op": "set", "side": "ask", "price": 0.77, "size": 505.53999999999996}, {"op": "set", "side": "ask", "price": 0.79, "size": 420.0}]}
{"t": 1776976795.9431622, "events": [{"op": "set", "side": "bid", "price": 0.16, "size": 37.0}, {"op": "set", "side": "bid", "price": 0.17, "size": 77.0}]}
{"t": 1776976798.966105, "events": [{"op": "delete", "side": "bid", "price": 0.18}, {"op": "delete", "side": "bid", "price": 0.16}, {"op": "set", "side": "bid", "price": 0.17, "size": 22.0}, {"op": "set", "side": "bid", "price": 0.05, "size": 475.65}, {"op": "set", "side": "bid", "price": 0.02, "size": 18.0}, {"op": "set", "side": "ask", "price": 0.77, "size": 186.53999999999996}, {"op": "set", "side": "ask", "price": 0.79, "size": 100.0}, {"op": "set", "side": "ask", "price": 0.8, "size": 42.0}, {"op": "delete", "side": "ask", "price": 0.81}]}
{"t": 1776976802.004491, "events": [{"op": "delete", "side": "bid", "price": 0.17}, {"op": "set", "side": "bid", "price": 0.07, "size": 55.0}, {"op": "set", "side": "ask", "price": 0.03, "size": 86.0}, {"op": "set", "side": "ask", "price": 0.57, "size": 20.0}]}
{"t": 1776976804.039381, "events": [{"op": "set", "side": "bid", "price": 0.07, "size": 72.0}, {"op": "set", "side": "bid", "price": 0.06, "size": 63.0}, {"op": "set", "side": "bid", "price": 0.05, "size": 481.65}, {"op": "set", "side": "bid", "price": 0.18, "size": 923.0}, {"op": "set", "side": "bid", "price": 0.17, "size": 26.0}, {"op": "set", "side": "ask", "price": 0.75, "size": 314.0}, {"op": "set", "side": "ask", "price": 0.79, "size": 431.0}, {"op": "set", "side": "ask", "price": 0.8, "size": 708.0}, {"op": "set", "side": "ask", "price": 0.77, "size": 434.53999999999996}, {"op": "set", "side": "ask", "price": 0.81, "size": 3.0}]}
{"t": 1776976806.063827, "events": [{"op": "delete", "side": "bid", "price": 0.18}, {"op": "delete", "side": "bid", "price": 0.17}, {"op": "set", "side": "ask", "price": 0.75, "size": 5.0}, {"op": "set", "side": "ask", "price": 0.8, "size": 500.0}, {"op": "set", "side": "ask", "price": 0.81, "size": 31.0}]}
{"t": 1776976807.082735, "events": [{"op": "set", "side": "ask", "price": 0.82, "size": 41.0}]}
{"t": 1776976809.098349, "events": [{"op": "set", "side": "bid", "price": 0.07, "size": 61.0}, {"op": "set", "side": "bid", "price": 0.06, "size": 514.0}, {"op": "set", "side": "bid", "price": 0.05, "size": 707.65}, {"op": "set", "side": "bid", "price": 0.09, "size": 43.0}, {"op": "set", "side": "bid", "price": 0.08, "size": 82.0}, {"op": "set", "side": "bid", "price": 0.01, "size": 4249.0}, {"op": "set", "side": "bid", "price": 0.02, "size": 19.0}, {"op": "set", "side": "ask", "price": 0.79, "size": 486.0}, {"op": "set", "side": "ask", "price": 0.77, "size": 573.54}, {"op": "set", "side": "ask", "price": 0.81, "size": 2.0}, {"op": "set", "side": "ask", "price": 0.83, "size": 29.0}]}
{"t": 1776976810.112881, "events": [{"op": "set", "side": "ask", "price": 0.85, "size": 29.0}, {"op": "delete", "side": "ask", "price": 0.83}]}
{"t": 1776976811.119054, "events": [{"op": "delete", "side": "ask", "price": 0.85}, {"op": "delete", "side": "ask", "price": 0.82}]}
{"t": 1776976812.1601799, "events": [{"op": "set", "side": "bid", "price": 0.09, "size": 27.0}, {"op": "delete", "side": "bid", "price": 0.08}, {"op": "delete", "side": "bid", "price": 0.07}, {"op": "set", "side": "bid", "price": 0.02, "size": 18.0}, {"op": "set", "side": "ask", "price": 0.79, "size": 431.0}, {"op": "set", "side": "ask", "price": 0.81, "size": 41.0}]}
{"t": 1776976813.173311, "events": [{"op": "set", "side": "bid", "price": 0.09, "size": 50.0}, {"op": "set", "side": "bid", "price": 0.06, "size": 32.0}, {"op": "set", "side": "bid", "price": 0.05, "size": 491.65}, {"op": "set", "side": "bid", "price": 0.1, "size": 716.0}, {"op": "set", "side": "bid", "price": 0.07, "size": 28.0}, {"op": "set", "side": "ask", "price": 0.75, "size": 347.0}, {"op": "set", "side": "ask", "price": 0.79, "size": 562.0}, {"op": "set", "side": "ask", "price": 0.8, "size": 2.0}, {"op": "set", "side": "ask", "price": 0.77, "size": 499.53999999999996}]}
{"t": 1776976814.181136, "events": [{"op": "set", "side": "ask", "price": 0.82, "size": 29.0}]}
{"t": 1776976816.192041, "events": [{"op": "delete", "side": "bid", "price": 0.1}, {"op": "delete", "side": "bid", "price": 0.09}, {"op": "set", "side": "bid", "price": 0.06, "size": 50.0}, {"op": "set", "side": "bid", "price": 0.05, "size": 481.65}, {"op": "set", "side": "ask", "price": 0.75, "size": 5.0}, {"op": "set", "side": "ask", "price": 0.79, "size": 500.0}, {"op": "delete", "side": "ask", "price": 0.8}, {"op": "set", "side": "ask", "price": 0.77, "size": 434.53999999999996}]}
{"t": 1776976817.207639, "events": [{"op": "set", "side": "bid", "price": 0.07, "size": 35.0}, {"op": "set", "side": "bid", "price": 0.05, "size": 496.65}, {"op": "set", "side": "bid", "price": 0.08, "size": 733.0}, {"op": "set", "side": "bid", "price": 0.02, "size": 11.0}, {"op": "set", "side": "ask", "price": 0.77, "size": 619.54}, {"op": "set", "side": "ask", "price": 0.81, "size": 409.0}, {"op": "set", "side": "ask", "price": 0.83, "size": 2.0}]}
{"t": 1776976818.228111, "events": [{"op": "delete", "side": "bid", "price": 0.06}, {"op": "set", "side": "bid", "price": 0.09, "size": 27.0}, {"op": "set", "side": "bid", "price": 0.03, "size": 17.0}, {"op": "set", "side": "bid", "price": 0.02, "size": 68.0}, {"op": "set", "side": "ask", "price": 0.85, "size": 29.0}, {"op": "delete", "side": "ask", "price": 0.82}, {"op": "set", "side": "ask", "price": 0.83, "size": 40.0}]}
{"t": 1776976819.240014, "events": [{"op": "delete", "side": "ask", "price": 0.85}]}
{"t": 1776976820.246989, "events": [{"op": "delete", "side": "bid", "price": 0.08}, {"op": "delete", "side": "bid", "price": 0.07}, {"op": "set", "side": "ask", "price": 0.79, "size": 431.0}, {"op": "set", "side": "ask", "price": 0.77, "size": 434.53999999999996}, {"op": "delete", "side": "ask", "price": 0.81}]}
{"t": 1776976821.2622788, "events": [{"op": "set", "side": "bid", "price": 0.09, "size": 30.0}, {"op": "set", "side": "bid", "price": 0.03, "size": 31.0}, {"op": "set", "side": "bid", "price": 0.11, "size": 76.0}, {"op": "set", "side": "bid", "price": 0.1, "size": 804.0}, {"op": "set", "side": "bid", "price": 0.02, "size": 64.0}, {"op": "set", "side": "ask", "price": 0.75, "size": 237.0}, {"op": "set", "side": "ask", "price": 0.79, "size": 376.0}, {"op": "set", "side": "ask", "price": 0.84, "size": 37.0}, {"op": "set", "side": "ask", "price": 0.77, "size": 379.53999999999996}, {"op": "set", "side": "ask", "price": 0.83, "size": 357.0}]}
{"t": 1776976823.281095, "events": [{"op": "set", "side": "bid", "price": 0.11, "size": 104.0}, {"op": "delete", "side": "bid", "price": 0.1}, {"op": "set", "side": "bid", "price": 0.05, "size": 525.65}, {"op": "delete", "side": "bid", "price": 0.09}, {"op": "set", "side": "bid", "price": 0.03, "size": 41.0}, {"op": "set", "side": "bid", "price": 0.12, "size": 884.0}, {"op": "set", "side": "bid", "price": 0.02, "size": 69.0}, {"op": "set", "side": "ask", "price": 0.75, "size": 5.0}, {"op": "set", "side": "ask", "price": 0.84, "size": 288.0}, {"op": "set", "side": "ask", "price": 0.79, "size": 100.0}, {"op": "set", "side": "ask", "price": 0.85, "size": 1.0}, {"op": "set", "side": "ask", "price": 0.77, "size": 186.53999999999996}, {"op": "delete", "side": "ask", "price": 0.83}]}
{"t": 1776976825.307746, "events": [{"op": "set", "side": "bid", "price": 0.02, "size": 57.0}]}
{"t": 1776976826.322222, "events": [{"op": "set", "side": "bid", "price": 0.12, "size": 85.0}, {"op": "set", "side": "bid", "price": 0.11, "size": 42.0}, {"op": "set", "side": "bid", "price": 0.05, "size": 491.65}, {"op": "set", "side": "bid", "price": 0.03, "size": 28.0}, {"op": "set", "side": "bid", "price": 0.13, "size": 90.0}, {"op": "set", "side": "bid", "price": 0.06, "size": 50.0}, {"op": "set", "side": "ask", "price": 0.75, "size": 256.0}, {"op": "set", "side": "ask", "price": 0.84, "size": 241.0}, {"op": "set", "side": "ask", "price": 0.79, "size": 221.0}, {"op": "set", "side": "ask", "price": 0.77, "size": 388.53999999999996}]}
{"t": 1776976829.35049, "events": [{"op": "delete", "side": "bid", "price": 0.11}]}
{"t": 1776976830.3663218, "events": [{"op": "set", "side": "bid", "price": 0.05, "size": 487.65}, {"op": "set", "side": "bid", "price": 0.03, "size": 23.0}, {"op": "set", "side": "ask", "price": 0.75, "size": 187.0}, {"op": "set", "side": "ask", "price": 0.77, "size": 362.53999999999996}]}
{"t": 1776976831.380969, "events": [{"op": "set", "side": "bid", "price": 0.13, "size": 625.0}, {"op": "set", "side": "bid", "price": 0.12, "size": 303.0}, {"op": "set", "side": "bid", "price": 0.06, "size": 69.0}, {"op": "set", "side": "bid", "price": 0.01, "size": 4227.0}, {"op": "set", "side": "bid", "price": 0.04, "size": 20.0}, {"op": "set", "side": "ask", "price": 0.84, "size": 314.0}, {"op": "set", "side": "ask", "price": 0.79, "size": 332.0}]}
{"t": 1776976834.404785, "events": [{"op": "set", "side": "bid", "price": 0.13, "size": 314.0}, {"op": "delete", "side": "bid", "price": 0.12}, {"op": "set", "side": "bid", "price": 0.03, "size": 17.0}, {"op": "set", "side": "ask", "price": 0.84, "size": 241.0}, {"op": "set", "side": "ask", "price": 0.79, "size": 221.0}]}
{"t": 1776976836.4244428, "events": [{"op": "set", "side": "bid", "price": 0.13, "size": 290.0}, {"op": "set", "side": "bid", "price": 0.06, "size": 244.0}, {"op": "set", "side": "bid", "price": 0.05, "size": 574.65}, {"op": "set", "side": "bid", "price": 0.14, "size": 384.0}, {"op": "set", "side": "bid", "price": 0.04, "size": 60.0}, {"op": "set", "side": "ask", "price": 0.75, "size": 199.0}, {"op": "set", "side": "ask", "price": 0.84, "size": 343.0}, {"op": "set", "side": "ask", "price": 0.79, "size": 358.0}, {"op": "set", "side": "ask", "price": 0.77, "size": 380.53999999999996}]}
{"t": 1776976837.434342, "events": [{"op": "set", "side": "bid", "price": 0.14, "size": 407.0}]}
{"t": 1776976839.444206, "events": [{"op": "set", "side": "bid", "price": 0.14, "size": 282.0}, {"op": "delete", "side": "bid", "price": 0.13}, {"op": "set", "side": "bid", "price": 0.05, "size": 487.65}, {"op": "delete", "side": "ask", "price": 0.57}, {"op": "set", "side": "ask", "price": 0.75, "size": 187.0}, {"op": "set", "side": "ask", "price": 0.84, "size": 241.0}, {"op": "set", "side": "ask", "price": 0.79, "size": 221.0}, {"op": "set", "side": "ask", "price": 0.77, "size": 362.53999999999996}, {"op": "set", "side": "ask", "price": 0.04, "size": 21.0}]}
{"t": 1776976840.4514198, "events": [{"op": "set", "side": "bid", "price": 0.14, "size": 604.0}, {"op": "set", "side": "bid", "price": 0.05, "size": 604.65}, {"op": "set", "side": "bid", "price": 0.04, "size": 85.0}, {"op": "set", "side": "ask", "price": 0.75, "size": 210.0}, {"op": "set", "side": "ask", "price": 0.77, "size": 391.53999999999996}, {"op": "set", "side": "ask", "price": 0.79, "size": 374.0}, {"op": "set", "side": "ask", "price": 0.84, "size": 369.0}]}
{"t": 1776976843.4774091, "events": [{"op": "set", "side": "bid", "price": 0.06, "size": 69.0}, {"op": "set", "side": "bid", "price": 0.05, "size": 487.65}, {"op": "set", "side": "bid", "price": 0.04, "size": 60.0}]}
{"t": 1776976844.4879239, "events": [{"op": "set", "side": "bid", "price": 0.14, "size": 609.0}, {"op": "set", "side": "bid", "price": 0.06, "size": 246.0}, {"op": "set", "side": "bid", "price": 0.05, "size": 605.65}, {"op": "set", "side": "bid", "price": 0.04, "size": 86.0}]}
{"t": 1776976857.581012, "events": [{"op": "set", "side": "bid", "price": 0.14, "size": 610.0}, {"op": "delete", "side": "bid", "price": 0.03}, {"op": "set", "side": "bid", "price": 0.07, "size": 56.0}, {"op": "set", "side": "bid", "price": 0.04, "size": 66.0}, {"op": "set", "side": "bid", "price": 0.02, "size": 41.0}]}
{"t": 1776976862.621618, "events": [{"op": "delete", "side": "bid", "price": 0.04}]}
{"t": 1776976863.631295, "events": [{"op": "set", "side": "bid", "price": 0.14, "size": 348.0}, {"op": "set", "side": "bid", "price": 0.06, "size": 129.0}, {"op": "set", "side": "bid", "price": 0.05, "size": 514.65}]}
{"t": 1776976864.6476958, "events": [{"op": "set", "side": "bid", "price": 0.14, "size": 990.0}, {"op": "set", "side": "bid", "price": 0.06, "size": 79.0}, {"op": "set", "side": "bid", "price": 0.07, "size": 175.0}]}
{"t": 1776976865.660147, "events": [{"op": "set", "side": "ask", "price": 0.84, "size": 333.0}]}
{"t": 1776976867.673836, "events": [{"op": "set", "side": "ask", "price": 0.8, "size": 40.0}]}
{"t": 1776976873.730138, "events": [{"op": "delete", "side": "bid", "price": 0.14}, {"op": "delete", "side": "bid", "price": 0.06}, {"op": "delete", "side": "bid", "price": 0.07}, {"op": "set", "side": "bid", "price": 0.05, "size": 475.65}, {"op": "set", "side": "bid", "price": 0.08, "size": 50.0}, {"op": "set", "side": "bid", "price": 0.01, "size": 4282.0}, {"op": "set", "side": "ask", "price": 0.75, "size": 5.0}, {"op": "set", "side": "ask", "price": 0.77, "size": 186.53999999999996}, {"op": "set", "side": "ask", "price": 0.79, "size": 100.0}, {"op": "delete", "side": "ask", "price": 0.84}, {"op": "delete", "side": "ask", "price": 0.85}, {"op": "set", "side": "ask", "price": 0.57, "size": 23.0}, {"op": "delete", "side": "ask", "price": 0.04}]}
{"t": 1776976874.749619, "events": [{"op": "set", "side": "bid", "price": 0.09, "size": 28.0}, {"op": "set", "side": "ask", "price": 0.81, "size": 24.0}]}
{"t": 1776976876.771445, "events": [{"op": "set", "side": "bid", "price": 0.09, "size": 1025.0}, {"op": "set", "side": "bid", "price": 0.08, "size": 3.0}, {"op": "set", "side": "bid", "price": 0.06, "size": 50.0}, {"op": "set", "side": "ask", "price": 0.8, "size": 42.0}, {"op": "set", "side": "ask", "price": 0.81, "size": 1022.0}, {"op": "set", "side": "ask", "price": 0.82, "size": 31.0}]}
{"t": 1776976879.8108459, "events": [{"op": "set", "side": "ask", "price": 0.81, "size": 998.0}]}
{"t": 1776976880.821571, "events": [{"op": "set", "side": "bid", "price": 0.09, "size": 355.0}, {"op": "delete", "side": "bid", "price": 0.08}, {"op": "set", "side": "bid", "price": 0.06, "size": 250.0}, {"op": "set", "side": "bid", "price": 0.05, "size": 575.65}, {"op": "set", "side": "bid", "price": 0.1, "size": 605.0}, {"op": "set", "side": "ask", "price": 0.79, "size": 259.0}, {"op": "set", "side": "ask", "price": 0.8, "size": 98.0}, {"op": "set", "side": "ask", "price": 0.77, "size": 385.53999999999996}, {"op": "delete", "side": "ask", "price": 0.81}]}
{"t": 1776976881.847991, "events": [{"op": "set", "side": "bid", "price": 0.09, "size": 327.0}, {"op": "set", "side": "bid", "price": 0.06, "size": 200.0}, {"op": "set", "side": "bid", "price": 0.11, "size": 27.0}, {"op": "set", "side": "ask", "price": 0.8, "size": 56.0}, {"op": "set", "side": "ask", "price": 0.83, "size": 35.0}]}
{"t": 1776976885.872129, "events": [{"op": "delete", "side": "bid", "price": 0.1}, {"op": "delete", "side": "bid", "price": 0.06}, {"op": "delete", "side": "bid", "price": 0.09}, {"op": "delete", "side": "ask", "price": 0.8}, {"op": "delete", "side": "ask", "price": 0.82}]}
{"t": 1776976886.884876, "events": [{"op": "set", "side": "bid", "price": 0.11, "size": 34.0}, {"op": "set", "side": "bid", "price": 0.05, "size": 495.65}, {"op": "set", "side": "bid", "price": 0.12, "size": 853.0}, {"op": "set", "side": "bid", "price": 0.06, "size": 29.0}, {"op": "delete", "side": "bid", "price": 0.02}, {"op": "set", "side": "ask", "price": 0.8, "size": 71.0}, {"op": "set", "side": "ask", "price": 0.77, "size": 325.53999999999996}, {"op": "delete", "side": "ask", "price": 0.83}]}
{"t": 1776976887.9062011, "events": [{"op": "set", "side": "bid", "price": 0.06, "size": 100.0}, {"op": "set", "side": "bid", "price": 0.02, "size": 31.0}, {"op": "set", "side": "ask", "price": 0.75, "size": 157.0}, {"op": "set", "side": "ask", "price": 0.84, "size": 1.0}, {"op": "set", "side": "ask", "price": 0.79, "size": 289.0}, {"op": "set", "side": "ask", "price": 0.83, "size": 205.0}]}
{"t": 1776976889.923457, "events": [{"op": "delete", "side": "bid", "price": 0.12}, {"op": "delete", "side": "bid", "price": 0.11}, {"op": "set", "side": "bid", "price": 0.02, "size": 21.0}, {"op": "set", "side": "ask", "price": 0.75, "size": 5.0}, {"op": "delete", "side": "ask", "price": 0.84}, {"op": "set", "side": "ask", "price": 0.8, "size": 42.0}, {"op": "set", "side": "ask", "price": 0.79, "size": 259.0}, {"op": "set", "side": "ask", "price": 0.83, "size": 22.0}]}
{"t": 1776976890.94024, "events": [{"op": "set", "side": "bid", "price": 0.06, "size": 216.0}, {"op": "set", "side": "bid", "price": 0.05, "size": 552.65}, {"op": "set", "side": "bid", "price": 0.08, "size": 158.0}, {"op": "set", "side": "bid", "price": 0.07, "size": 147.0}, {"op": "set", "side": "ask", "price": 0.79, "size": 423.0}, {"op": "set", "side": "ask", "price": 0.8, "size": 708.0}, {"op": "set", "side": "ask", "price": 0.77, "size": 570.54}, {"op": "set", "side": "ask", "price": 0.81, "size": 2.0}]}
{"t": 1776976891.953293, "events": [{"op": "set", "side": "bid", "price": 0.06, "size": 137.0}, {"op": "set", "side": "bid", "price": 0.09, "size": 27.0}, {"op": "set", "side": "ask", "price": 0.8, "size": 666.0}, {"op": "set", "side": "ask", "price": 0.81, "size": 43.0}]}
{"t": 1776976892.992692, "events": [{"op": "set", "side": "ask", "price": 0.84, "size": 29.0}]}
{"t": 1776976894.0004108, "events": [{"op": "set", "side": "bid", "price": 0.05, "size": 495.65}, {"op": "delete", "side": "bid", "price": 0.08}, {"op": "delete", "side": "bid", "price": 0.07}, {"op": "delete", "side": "ask", "price": 0.8}]}
{"t": 1776976895.0113049, "events": [{"op": "set", "side": "bid", "price": 0.06, "size": 42.0}, {"op": "set", "side": "bid", "price": 0.05, "size": 489.65}, {"op": "delete", "side": "ask", "price": 0.84}, {"op": "set", "side": "ask", "price": 0.79, "size": 324.0}, {"op": "set", "side": "ask", "price": 0.77, "size": 420.53999999999996}]}
{"t": 1776976896.023417, "events": [{"op": "set", "side": "bid", "price": 0.09, "size": 57.0}, {"op": "set", "side": "bid", "price": 0.1, "size": 828.0}, {"op": "set", "side": "bid", "price": 0.02, "size": 28.0}, {"op": "set", "side": "ask", "price": 0.85, "size": 1.0}, {"op": "set", "side": "ask", "price": 0.81, "size": 312.0}, {"op": "set", "side": "ask", "price": 0.83, "size": 323.0}]}
{"t": 1776976897.036383, "events": [{"op": "set", "side": "bid", "price": 0.09, "size": 30.0}, {"op": "set", "side": "bid", "price": 0.03, "size": 50.0}, {"op": "set", "side": "bid", "price": 0.01, "size": 4227.0}, {"op": "set", "side": "ask", "price": 0.81, "size": 271.0}]}
{"t": 1776976899.057378, "events": [{"op": "set", "side": "bid", "price": 0.11, "size": 25.0}, {"op": "set", "side": "ask", "price": 0.84, "size": 36.0}]}
{"t": 1776976901.0843189, "events": [{"op": "delete", "side": "bid", "price": 0.1}, {"op": "set", "side": "bid", "price": 0.05, "size": 488.65}, {"op": "set", "side": "bid", "price": 0.06, "size": 40.0}, {"op": "delete", "side": "bid", "price": 0.09}, {"op": "set", "side": "bid", "price": 0.02, "size": 21.0}, {"op": "set", "side": "ask", "price": 0.79, "size": 259.0}, {"op": "set", "side": "ask", "price": 0.77, "size": 325.53999999999996}, {"op": "delete", "side": "ask", "price": 0.81}]}
{"t": 1776976902.095287, "events": [{"op": "set", "side": "bid", "price": 0.11, "size": 28.0}, {"op": "set", "side": "bid", "price": 0.03, "size": 56.0}, {"op": "set", "side": "bid", "price": 0.12, "size": 876.0}, {"op": "set", "side": "bid", "price": 0.07, "size": 27.0}, {"op": "set", "side": "ask", "price": 0.84, "size": 326.0}, {"op": "set", "side": "ask", "price": 0.85, "size": 30.0}, {"op": "set", "side": "ask", "price": 0.79, "size": 344.0}, {"op": "set", "side": "ask", "price": 0.77, "size": 436.53999999999996}, {"op": "set", "side": "ask", "price": 0.86, "size": 38.0}, {"op": "set", "side": "ask", "price": 0.83, "size": 326.0}]}
{"t": 1776976903.109659, "events": [{"op": "set", "side": "ask", "price": 0.83, "size": 304.0}]}
{"t": 1776976904.13005, "events": [{"op": "set", "side": "ask", "price": 0.85, "size": 1.0}]}
{"t": 1776976905.158245, "events": [{"op": "set", "side": "bid", "price": 0.02, "size": 36.0}, {"op": "set", "side": "ask", "price": 0.02, "size": 127.0}]}
{"t": 1776976906.1795998, "events": [{"op": "delete", "side": "bid", "price": 0.12}, {"op": "delete", "side": "bid", "price": 0.11}, {"op": "set", "side": "bid", "price": 0.06, "size": 19.0}, {"op": "set", "side": "bid", "price": 0.01, "size": 4246.0}, {"op": "delete", "side": "ask", "price": 0.84}, {"op": "delete", "side": "ask", "price": 0.85}, {"op": "delete", "side": "ask", "price": 0.83}]}
{"t": 1776976907.188873, "events": [{"op": "set", "side": "ask", "price": 0.79, "size": 320.0}, {"op": "set", "side": "ask", "price": 0.77, "size": 369.53999999999996}, {"op": "delete", "side": "ask", "price": 0.86}]}
{"t": 1776976908.196084, "events": [{"op": "set", "side": "bid", "price": 0.07, "size": 30.0}, {"op": "set", "side": "bid", "price": 0.06, "size": 21.0}, {"op": "set", "side": "bid", "price": 0.05, "size": 489.65}, {"op": "set", "side": "bid", "price": 0.03, "size": 57.0}, {"op": "set", "side": "bid", "price": 0.08, "size": 828.0}, {"op": "set", "side": "bid", "price": 0.02, "size": 86.0}, {"op": "set", "side": "ask", "price": 0.75, "size": 192.0}, {"op": "set", "side": "ask", "price": 0.8, "size": 71.0}, {"op": "set", "side": "ask", "price": 0.86, "size": 276.0}, {"op": "set", "side": "ask", "price": 0.87, "size": 1.0}]}
{"t": 1776976909.212866, "events": [{"op": "set", "side": "bid", "price": 0.09, "size": 25.0}, {"op": "set", "side": "bid", "price": 0.02, "size": 36.0}]}
{"t": 1776976911.240003, "events": [{"op": "set", "side": "bid", "price": 0.05, "size": 488.65}, {"op": "delete", "side": "bid", "price": 0.08}, {"op": "delete", "side": "bid", "price": 0.07}, {"op": "delete", "side": "bid", "price": 0.06}, {"op": "set", "side": "bid", "price": 0.03, "size": 56.0}, {"op": "delete", "side": "ask", "price": 0.57}, {"op": "set", "side": "ask", "price": 0.75, "size": 5.0}, {"op": "set", "side": "ask", "price": 0.79, "size": 259.0}, {"op": "set", "side": "ask", "price": 0.77, "size": 325.53999999999996}, {"op": "delete", "side": "ask", "price": 0.86}, {"op": "set", "side": "ask", "price": 0.04, "size": 24.0}, {"op": "delete", "side": "ask", "price": 0.87}]}
