{"t": 1776975854.366905, "events": [{"op": "set", "side": "bid", "price": 0.67, "size": 523.0}, {"op": "delete", "side": "bid", "price": 0.32}, {"op": "set", "side": "bid", "price": 0.07, "size": 36.0}, {"op": "set", "side": "ask", "price": 0.3, "size": 492.0}, {"op": "set", "side": "ask", "price": 0.29, "size": 304.0}]}
{"t": 1776975855.3857431, "events": [{"op": "set", "side": "bid", "price": 0.62, "size": 350.0}, {"op": "set", "side": "bid", "price": 0.06, "size": 17.0}, {"op": "set", "side": "bid", "price": 0.32, "size": 31.0}, {"op": "set", "side": "bid", "price": 0.58, "size": 46.72}, {"op": "set", "side": "ask", "price": 0.3, "size": 368.0}, {"op": "delete", "side": "ask", "price": 0.29}]}
{"t": 1776975856.396708, "events": [{"op": "set", "side": "bid", "price": 0.66, "size": 1444.8899999999999}, {"op": "set", "side": "ask", "price": 0.24, "size": 236.0}, {"op": "set", "side": "ask", "price": 0.31, "size": 524.0}]}
{"t": 1776975858.419916, "events": [{"op": "set", "side": "ask", "price": 0.3, "size": 333.0}, {"op": "set", "side": "ask", "price": 0.25, "size": 42.0}]}
{"t": 1776975859.432927, "events": [{"op": "set", "side": "bid", "price": 0.66, "size": 730.8899999999999}, {"op": "delete", "side": "bid", "price": 0.58}, {"op": "delete", "side": "ask", "price": 0.3}, {"op": "set", "side": "ask", "price": 0.24, "size": 159.0}, {"op": "delete", "side": "ask", "price": 0.31}]}
{"t": 1776975860.4405582, "events": [{"op": "set", "side": "bid", "price": 0.67, "size": 584.0}, {"op": "set", "side": "bid", "price": 0.62, "size": 850.0}, {"op": "set", "side": "ask", "price": 0.2, "size": 522.0}, {"op": "set", "side": "ask", "price": 0.25, "size": 222.0}, {"op": "set", "side": "ask", "price": 0.26, "size": 360.0}]}
{"t": 1776975863.466253, "events": [{"op": "set", "side": "ask", "price": 0.25, "size": 180.0}, {"op": "set", "side": "ask", "price": 0.27, "size": 36.0}]}
{"t": 1776975866.4869819, "events": [{"op": "set", "side": "bid", "price": 0.67, "size": 588.0}, {"op": "delete", "side": "ask", "price": 0.25}, {"op": "set", "side": "ask", "price": 0.27, "size": 227.0}, {"op": "set", "side": "ask", "price": 0.24, "size": 165.0}, {"op": "delete", "side": "ask", "price": 0.26}, {"op": "set", "side": "ask", "price": 0.28, "size": 379.0}]}
{"t": 1776975868.5054138, "events": [{"op": "set", "side": "ask", "price": 0.27, "size": 191.0}]}
{"t": 1776975869.519797, "events": [{"op": "set", "side": "bid", "price": 0.67, "size": 523.0}, {"op": "set", "side": "bid", "price": 0.62, "size": 350.0}, {"op": "delete", "side": "ask", "price": 0.27}, {"op": "set", "side": "ask", "price": 0.24, "size": 159.0}, {"op": "delete", "side": "ask", "price": 0.28}, {"op": "set", "side": "ask", "price": 0.29, "size": 33.0}]}
{"t": 1776975870.536895, "events": [{"op": "set", "side": "bid", "price": 0.66, "size": 1442.8899999999999}, {"op": "set", "side": "ask", "price": 0.24, "size": 172.0}, {"op": "set", "side": "ask", "price": 0.29, "size": 238.0}, {"op": "set", "side": "ask", "price": 0.3, "size": 403.0}]}
{"t": 1776975873.562508, "events": [{"op": "set", "side": "ask", "price": 0.3, "size": 435.0}, {"op": "set", "side": "ask", "price": 0.29, "size": 205.0}]}
{"t": 1776975878.59487, "events": [{"op": "set", "side": "bid", "price": 0.67, "size": 23.0}, {"op": "set", "side": "bid", "price": 0.66, "size": 730.8899999999999}, {"op": "delete", "side": "ask", "price": 0.3}, {"op": "set", "side": "ask", "price": 0.24, "size": 69.0}, {"op": "delete", "side": "ask", "price": 0.29}, {"op": "set", "side": "ask", "price": 0.25, "size": 36.0}]}
{"t": 1776975881.629726, "events": [{"op": "set", "side": "bid", "price": 0.67, "size": 561.0}, {"op": "set", "side": "bid", "price": 0.62, "size": 825.0}, {"op": "set", "side": "ask", "price": 0.25, "size": 204.0}, {"op": "set", "side": "ask", "price": 0.24, "size": 153.0}, {"op": "set", "side": "ask", "price": 0.26, "size": 341.0}]}
{"t": 1776975883.6573179, "events": [{"op": "set", "side": "bid", "price": 0.68, "size": 16.0}, {"op": "set", "side": "ask", "price": 0.25, "size": 168.0}, {"op": "set", "side": "ask", "price": 0.24, "size": 84.0}, {"op": "set", "side": "ask", "price": 0.27, "size": 109.0}]}
{"t": 1776975889.700941, "events": [{"op": "set", "side": "bid", "price": 0.67, "size": 605.0}, {"op": "set", "side": "bid", "price": 0.62, "size": 850.0}, {"op": "set", "side": "bid", "price": 0.06, "size": 58.0}, {"op": "delete", "side": "bid", "price": 0.07}, {"op": "delete", "side": "ask", "price": 0.25}, {"op": "set", "side": "ask", "price": 0.27, "size": 1109.0}, {"op": "delete", "side": "ask", "price": 0.24}, {"op": "set", "side": "ask", "price": 0.21, "size": 254.0}, {"op": "delete", "side": "ask", "price": 0.26}, {"op": "set", "side": "ask", "price": 0.28, "size": 381.0}]}
{"t": 1776975890.720798, "events": [{"op": "set", "side": "ask", "price": 0.27, "size": 1074.0}, {"op": "set", "side": "ask", "price": 0.29, "size": 34.0}]}
{"t": 1776975913.861079, "events": [{"op": "set", "side": "bid", "price": 0.68, "size": 62.72}, {"op": "set", "side": "bid", "price": 0.67, "size": 500.0}, {"op": "set", "side": "bid", "price": 0.62, "size": 350.0}, {"op": "set", "side": "bid", "price": 0.69, "size": 25.0}, {"op": "set", "side": "ask", "price": 0.21, "size": 43.0}, {"op": "set", "side": "ask", "price": 0.27, "size": 74.0}, {"op": "delete", "side": "ask", "price": 0.28}, {"op": "delete", "side": "ask", "price": 0.29}]}
{"t": 1776975914.8911412, "events": [{"op": "set", "side": "bid", "price": 0.68, "size": 16.0}, {"op": "set", "side": "bid", "price": 0.66, "size": 1253.8899999999999}, {"op": "set", "side": "ask", "price": 0.3, "size": 711.0}, {"op": "set", "side": "ask", "price": 0.29, "size": 333.0}]}
{"t": 1776975916.9452019, "events": [{"op": "delete", "side": "bid", "price": 0.67}, {"op": "set", "side": "bid", "price": 0.66, "size": 730.8899999999999}, {"op": "delete", "side": "ask", "price": 0.3}, {"op": "delete", "side": "ask", "price": 0.29}]}
{"t": 1776975917.960892, "events": [{"op": "set", "side": "bid", "price": 0.68, "size": 516.0}, {"op": "set", "side": "bid", "price": 0.62, "size": 929.0}, {"op": "set", "side": "ask", "price": 0.21, "size": 138.0}, {"op": "set", "side": "ask", "price": 0.27, "size": 264.0}, {"op": "set", "side": "ask", "price": 0.28, "size": 370.0}]}
{"t": 1776975918.9692569, "events": [{"op": "set", "side": "ask", "price": 0.21, "size": 95.0}, {"op": "set", "side": "ask", "price": 0.28, "size": 405.0}]}
{"t": 1776975940.061205, "events": [{"op": "delete", "side": "bid", "price": 0.69}, {"op": "set", "side": "bid", "price": 0.68, "size": 16.0}, {"op": "set", "side": "bid", "price": 0.62, "size": 350.0}, {"op": "delete", "side": "ask", "price": 0.21}, {"op": "set", "side": "ask", "price": 0.27, "size": 74.0}, {"op": "delete", "side": "ask", "price": 0.28}]}
{"t": 1776975941.0863051, "events": [{"op": "set", "side": "bid", "price": 0.67, "size": 27.0}, {"op": "set", "side": "ask", "price": 0.21, "size": 43.0}]}
{"t": 1776975942.095907, "events": [{"op": "set", "side": "bid", "price": 0.67, "size": 587.0}, {"op": "set", "side": "bid", "price": 0.62, "size": 850.0}, {"op": "set", "side": "ask", "price": 0.21, "size": 138.0}, {"op": "set", "side": "ask", "price": 0.27, "size": 264.0}, {"op": "set", "side": "ask", "price": 0.28, "size": 370.0}]}
{"t": 1776975943.110956, "events": [{"op": "set", "side": "ask", "price": 0.21, "size": 95.0}]}
{"t": 1776975944.1347961, "events": [{"op": "set", "side": "ask", "price": 0.29, "size": 31.0}]}
{"t": 1776975945.176098, "events": [{"op": "set", "side": "bid", "price": 0.68, "size": 62.72}, {"op": "set", "side": "bid", "price": 0.67, "size": 560.0}, {"op": "set", "side": "bid", "price": 0.62, "size": 350.0}, {"op": "delete", "side": "ask", "price": 0.21}, {"op": "delete", "side": "ask", "price": 0.28}]}
{"t": 1776975946.19179, "events": [{"op": "set", "side": "bid", "price": 0.67, "size": 500.0}, {"op": "set", "side": "bid", "price": 0.69, "size": 25.0}, {"op": "set", "side": "ask", "price": 0.27, "size": 222.0}]}
{"t": 1776975948.2322109, "events": [{"op": "delete", "side": "bid", "price": 0.68}, {"op": "set", "side": "bid", "price": 0.66, "size": 1243.8899999999999}, {"op": "set", "side": "ask", "price": 0.27, "size": 148.0}, {"op": "set", "side": "ask", "price": 0.29, "size": 295.0}, {"op": "set", "side": "ask", "price": 0.3, "size": 514.0}]}
{"t": 1776975949.255933, "events": [{"op": "delete", "side": "bid", "price": 0.69}, {"op": "set", "side": "bid", "price": 0.67, "size": 524.0}, {"op": "set", "side": "ask", "price": 0.3, "size": 546.0}]}
{"t": 1776975951.2976189, "events": [{"op": "set", "side": "bid", "price": 0.67, "size": 24.0}, {"op": "set", "side": "bid", "price": 0.66, "size": 730.8899999999999}, {"op": "delete", "side": "ask", "price": 0.27}, {"op": "set", "side": "ask", "price": 0.3, "size": 32.0}, {"op": "delete", "side": "ask", "price": 0.29}]}
{"t": 1776975952.314472, "events": [{"op": "set", "side": "ask", "price": 0.21, "size": 1.0}]}
{"t": 1776975953.32274, "events": [{"op": "set", "side": "ask", "price": 0.21, "size": 42.0}, {"op": "delete", "side": "ask", "price": 0.3}]}
{"t": 1776975954.332581, "events": [{"op": "set", "side": "bid", "price": 0.62, "size": 917.0}, {"op": "set", "side": "bid", "price": 0.61, "size": 746.0}, {"op": "set", "side": "ask", "price": 0.21, "size": 96.0}, {"op": "set", "side": "ask", "price": 0.3, "size": 107.0}, {"op": "set", "side": "ask", "price": 0.22, "size": 21.0}, {"op": "set", "side": "ask", "price": 0.31, "size": 272.0}]}
{"t": 1776975955.341995, "events": [{"op": "set", "side": "ask", "price": 0.22, "size": 17.0}, {"op": "set", "side": "ask", "price": 0.11, "size": 3.0}]}
{"t": 1776975959.372451, "events": [{"op": "set", "side": "bid", "price": 0.62, "size": 901.0}, {"op": "set", "side": "ask", "price": 0.21, "size": 13.0}, {"op": "delete", "side": "ask", "price": 0.3}, {"op": "set", "side": "ask", "price": 0.22, "size": 41.0}, {"op": "delete", "side": "ask", "price": 0.31}, {"op": "set", "side": "ask", "price": 0.23, "size": 155.0}, {"op": "set", "side": "ask", "price": 0.24, "size": 38.0}]}
{"t": 1776975960.382571, "events": [{"op": "set", "side": "ask", "price": 0.23, "size": 134.0}, {"op": "set", "side": "ask", "price": 0.25, "size": 18.0}]}
{"t": 1776975963.398977, "events": [{"op": "set", "side": "ask", "price": 0.21, "size": 12.0}, {"op": "delete", "side": "ask", "price": 0.24}]}
{"t": 1776975964.407889, "events": [{"op": "delete", "side": "ask", "price": 0.25}, {"op": "set", "side": "ask", "price": 0.24, "size": 39.0}]}
{"t": 1776975965.424205, "events": [{"op": "set", "side": "ask", "price": 0.25, "size": 18.0}]}
{"t": 1776975971.450849, "events": [{"op": "delete", "side": "ask", "price": 0.21}, {"op": "delete", "side": "ask", "price": 0.23}, {"op": "set", "side": "ask", "price": 0.22, "size": 17.0}]}
{"t": 1776975973.468818, "events": [{"op": "delete", "side": "ask", "price": 0.24}, {"op": "delete", "side": "ask", "price": 0.22}, {"op": "set", "side": "ask", "price": 0.11, "size": 30.0}]}
{"t": 1776975974.486274, "events": [{"op": "set", "side": "bid", "price": 0.62, "size": 906.0}, {"op": "set", "side": "ask", "price": 0.25, "size": 89.0}, {"op": "set", "side": "ask", "price": 0.21, "size": 42.0}, {"op": "set", "side": "ask", "price": 0.27, "size": 21.0}, {"op": "set", "side": "ask", "price": 0.26, "size": 231.0}, {"op": "set", "side": "ask", "price": 0.24, "size": 45.0}]}
{"t": 1776975975.497922, "events": [{"op": "set", "side": "ask", "price": 0.27, "size": 43.0}]}
{"t": 1776975976.5035572, "events": [{"op": "set", "side": "ask", "price": 0.27, "size": 22.0}]}
{"t": 1776975977.5051599, "events": [{"op": "set", "side": "bid", "price": 0.67, "size": 70.72}, {"op": "set", "side": "bid", "price": 0.62, "size": 901.0}, {"op": "delete", "side": "ask", "price": 0.25}, {"op": "delete", "side": "ask", "price": 0.26}, {"op": "delete", "side": "ask", "price": 0.24}]}
{"t": 1776975978.524107, "events": [{"op": "set", "side": "bid", "price": 0.62, "size": 909.0}, {"op": "set", "side": "ask", "price": 0.21, "size": 29.0}, {"op": "set", "side": "ask", "price": 0.27, "size": 80.0}, {"op": "set", "side": "ask", "price": 0.28, "size": 196.0}]}
{"t": 1776975979.530004, "events": [{"op": "set", "side": "ask", "price": 0.29, "size": 31.0}]}
{"t": 1776975982.550111, "events": [{"op": "set", "side": "ask", "price": 0.27, "size": 58.0}]}
{"t": 1776975984.561141, "events": [{"op": "set", "side": "ask", "price": 0.29, "size": 53.0}]}
{"t": 1776975989.593303, "events": [{"op": "set", "side": "bid", "price": 0.67, "size": 24.0}, {"op": "set", "side": "bid", "price": 0.62, "size": 1391.0}, {"op": "set", "side": "bid", "price": 0.61, "size": 246.0}, {"op": "set", "side": "ask", "price": 0.21, "size": 43.0}, {"op": "delete", "side": "ask", "price": 0.27}, {"op": "delete", "side": "ask", "price": 0.28}, {"op": "set", "side": "ask", "price": 0.3, "size": 251.0}, {"op": "set", "side": "ask", "price": 0.31, "size": 667.0}, {"op": "set", "side": "ask", "price": 0.29, "size": 181.0}]}
{"t": 1776975991.6244469, "events": [{"op": "set", "side": "bid", "price": 0.63, "size": 46.72}, {"op": "set", "side": "ask", "price": 0.29, "size": 159.0}]}
{"t": 1776975993.639185, "events": [{"op": "delete", "side": "ask", "price": 0.21}]}
{"t": 1776975994.652439, "events": [{"op": "set", "side": "ask", "price": 0.31, "size": 698.0}]}
{"t": 1776976002.718677, "events": [{"op": "set", "side": "bid", "price": 0.66, "size": 1230.8899999999999}, {"op": "set", "side": "bid", "price": 0.63, "size": 1333.0}, {"op": "set", "side": "bid", "price": 0.62, "size": 350.0}, {"op": "set", "side": "ask", "price": 0.2, "size": 689.0}, {"op": "delete", "side": "ask", "price": 0.3}, {"op": "set", "side": "ask", "price": 0.31, "size": 333.0}, {"op": "delete", "side": "ask", "price": 0.29}, {"op": "set", "side": "ask", "price": 0.32, "size": 645.0}]}
{"t": 1776976003.738184, "events": [{"op": "delete", "side": "bid", "price": 0.67}, {"op": "set", "side": "bid", "price": 0.66, "size": 1254.8899999999999}, {"op": "set", "side": "ask", "price": 0.21, "size": 45.0}]}
{"t": 1776976005.821455, "events": [{"op": "set", "side": "bid", "price": 0.66, "size": 801.6099999999999}, {"op": "delete", "side": "bid", "price": 0.63}, {"op": "set", "side": "bid", "price": 0.61, "size": 1246.0}, {"op": "set", "side": "bid", "price": 0.62, "size": 1350.0}, {"op": "set", "side": "ask", "price": 0.2, "size": 522.0}, {"op": "set", "side": "ask", "price": 0.21, "size": 107.0}, {"op": "delete", "side": "ask", "price": 0.32}, {"op": "delete", "side": "ask", "price": 0.31}, {"op": "set", "side": "ask", "price": 0.22, "size": 137.0}, {"op": "set", "side": "ask", "price": 0.23, "size": 667.0}]}
{"t": 1776976006.8415098, "events": [{"op": "set", "side": "ask", "price": 0.22, "size": 116.0}, {"op": "set", "side": "ask", "price": 0.24, "size": 22.0}]}
{"t": 1776976007.8456872, "events": [{"op": "set", "side": "ask", "price": 0.25, "size": 22.0}]}
{"t": 1776976008.8495371, "events": [{"op": "set", "side": "ask", "price": 0.21, "size": 62.0}, {"op": "set", "side": "ask", "price": 0.26, "size": 58.0}, {"op": "delete", "side": "ask", "price": 0.24}]}
{"t": 1776976011.8745532, "events": [{"op": "set", "side": "bid", "price": 0.66, "size": 754.8899999999999}, {"op": "set", "side": "bid", "price": 0.61, "size": 246.0}, {"op": "set", "side": "bid", "price": 0.67, "size": 16.0}, {"op": "delete", "side": "ask", "price": 0.21}, {"op": "delete", "side": "ask", "price": 0.23}, {"op": "delete", "side": "ask", "price": 0.22}, {"op": "set", "side": "ask", "price": 0.27, "size": 74.0}]}
{"t": 1776976012.8924701, "events": [{"op": "set", "side": "bid", "price": 0.67, "size": 62.72}, {"op": "set", "side": "bid", "price": 0.66, "size": 730.8899999999999}, {"op": "set", "side": "ask", "price": 0.26, "size": 37.0}]}
{"t": 1776976013.8963861, "events": [{"op": "set", "side": "bid", "price": 0.62, "size": 2350.0}, {"op": "set", "side": "bid", "price": 0.68, "size": 25.0}, {"op": "set", "side": "ask", "price": 0.25, "size": 100.0}, {"op": "set", "side": "ask", "price": 0.27, "size": 395.0}, {"op": "set", "side": "ask", "price": 0.26, "size": 156.0}, {"op": "set", "side": "ask", "price": 0.28, "size": 35.0}]}
{"t": 1776976015.9212391, "events": [{"op": "set", "side": "ask", "price": 0.25, "size": 78.0}]}
{"t": 1776976016.9275122, "events": [{"op": "delete", "side": "bid", "price": 0.32}, {"op": "set", "side": "bid", "price": 0.07, "size": 28.0}, {"op": "set", "side": "ask", "price": 0.28, "size": 57.0}]}
{"t": 1776976021.967751, "events": [{"op": "set", "side": "bid", "price": 0.67, "size": 618.72}, {"op": "set", "side": "bid", "price": 0.62, "size": 850.0}, {"op": "set", "side": "bid", "price": 0.06, "size": 17.0}, {"op": "set", "side": "bid", "price": 0.32, "size": 44.0}, {"op": "delete", "side": "ask", "price": 0.25}, {"op": "set", "side": "ask", "price": 0.27, "size": 241.0}, {"op": "delete", "side": "ask", "price": 0.26}, {"op": "set", "side": "ask", "price": 0.28, "size": 390.0}, {"op": "set", "side": "ask", "price": 0.29, "size": 556.0}]}
{"t": 1776976022.983882, "events": [{"op": "set", "side": "ask", "price": 0.28, "size": 355.0}, {"op": "set", "side": "ask", "price": 0.29, "size": 590.0}]}
{"t": 1776976023.989538, "events": [{"op": "set", "side": "ask", "price": 0.28, "size": 333.0}]}
{"t": 1776976026.016788, "events": [{"op": "set", "side": "ask", "price": 0.29, "size": 612.0}]}
{"t": 1776976030.0649989, "events": [{"op": "set", "side": "bid", "price": 0.67, "size": 562.72}, {"op": "set", "side": "bid", "price": 0.62, "size": 350.0}, {"op": "set", "side": "ask", "price": 0.27, "size": 74.0}, {"op": "delete", "side": "ask", "price": 0.28}, {"op": "set", "side": "ask", "price": 0.29, "size": 369.0}]}
{"t": 1776976031.0763671, "events": [{"op": "delete", "side": "bid", "price": 0.68}, {"op": "set", "side": "bid", "price": 0.67, "size": 586.72}, {"op": "set", "side": "bid", "price": 0.66, "size": 1243.8899999999999}, {"op": "set", "side": "ask", "price": 0.29, "size": 335.0}, {"op": "set", "side": "ask", "price": 0.3, "size": 503.0}, {"op": "set", "side": "ask", "price": 0.31, "size": 315.0}]}
{"t": 1776976033.0979562, "events": [{"op": "set", "side": "ask", "price": 0.3, "size": 470.0}]}
{"t": 1776976034.1065989, "events": [{"op": "set", "side": "ask", "price": 0.3, "size": 503.0}, {"op": "set", "side": "ask", "price": 0.29, "size": 313.0}]}
{"t": 1776976038.1259038, "events": [{"op": "set", "side": "ask", "price": 0.3, "size": 470.0}]}
{"t": 1776976039.130999, "events": [{"op": "set", "side": "bid", "price": 0.67, "size": 334.72}, {"op": "set", "side": "ask", "price": 0.3, "size": 33.0}, {"op": "delete", "side": "ask", "price": 0.31}]}
{"t": 1776976040.136569, "events": [{"op": "set", "side": "bid", "price": 0.66, "size": 1468.8899999999999}, {"op": "set", "side": "ask", "price": 0.27, "size": 246.0}, {"op": "set", "side": "ask", "price": 0.29, "size": 667.0}, {"op": "set", "side": "ask", "price": 0.28, "size": 267.0}]}
{"t": 1776976041.146323, "events": [{"op": "set", "side": "bid", "price": 0.67, "size": 86.72000000000003}, {"op": "set", "side": "bid", "price": 0.66, "size": 1331.8899999999999}, {"op": "set", "side": "ask", "price": 0.27, "size": 233.0}, {"op": "delete", "side": "ask", "price": 0.28}, {"op": "delete", "side": "ask", "price": 0.29}]}
{"t": 1776976042.1519518, "events": [{"op": "set", "side": "bid", "price": 0.65, "size": 974.0}, {"op": "set", "side": "ask", "price": 0.3, "size": 351.0}, {"op": "set", "side": "ask", "price": 0.31, "size": 541.0}]}
{"t": 1776976043.1629992, "events": [{"op": "set", "side": "ask", "price": 0.3, "size": 318.0}]}
{"t": 1776976044.185159, "events": [{"op": "set", "side": "bid", "price": 0.66, "size": 730.8899999999999}, {"op": "set", "side": "bid", "price": 0.65, "size": 849.0}, {"op": "set", "side": "ask", "price": 0.27, "size": 74.0}, {"op": "delete", "side": "ask", "price": 0.3}, {"op": "set", "side": "ask", "price": 0.31, "size": 30.0}]}
{"t": 1776976048.218187, "events": [{"op": "set", "side": "bid", "price": 0.67, "size": 16.00000000000003}, {"op": "set", "side": "bid", "price": 0.66, "size": 1421.8899999999999}, {"op": "set", "side": "bid", "price": 0.65, "size": 851.0}, {"op": "set", "side": "ask", "price": 0.27, "size": 232.0}, {"op": "set", "side": "ask", "price": 0.31, "size": 315.0}, {"op": "set", "side": "ask", "price": 0.32, "size": 538.0}]}
{"t": 1776976049.2295182, "events": [{"op": "set", "side": "bid", "price": 0.66, "size": 754.8899999999999}, {"op": "set", "side": "bid", "price": 0.65, "size": 849.0}, {"op": "delete", "side": "ask", "price": 0.32}, {"op": "delete", "side": "ask", "price": 0.31}, {"op": "set", "side": "ask", "price": 0.28, "size": 40.0}]}
{"t": 1776976050.238752, "events": [{"op": "set", "side": "bid", "price": 0.62, "size": 906.0}, {"op": "set", "side": "bid", "price": 0.61, "size": 746.0}, {"op": "set", "side": "ask", "price": 0.27, "size": 237.0}, {"op": "set", "side": "ask", "price": 0.28, "size": 365.0}, {"op": "set", "side": "ask", "price": 0.29, "size": 545.0}]}
{"t": 1776976051.266421, "events": [{"op": "set", "side": "ask", "price": 0.29, "size": 567.0}]}
{"t": 1776976053.276522, "events": [{"op": "set", "side": "ask", "price": 0.28, "size": 325.0}]}
{"t": 1776976054.2832232, "events": [{"op": "set", "side": "ask", "price": 0.3, "size": 32.0}]}
{"t": 1776976056.300647, "events": [{"op": "set", "side": "ask", "price": 0.29, "size": 545.0}]}
{"t": 1776976057.303191, "events": [{"op": "set", "side": "bid", "price": 0.67, "size": 62.72000000000003}, {"op": "set", "side": "bid", "price": 0.66, "size": 730.8899999999999}, {"op": "set", "side": "ask", "price": 0.3, "size": 54.0}]}
{"t": 1776976058.306615, "events": [{"op": "set", "side": "bid", "price": 0.67, "size": 86.72000000000003}, {"op": "set", "side": "bid", "price": 0.62, "size": 350.0}, {"op": "set", "side": "bid", "price": 0.61, "size": 246.0}, {"op": "set", "side": "bid", "price": 0.06, "size": 46.0}, {"op": "delete", "side": "bid", "price": 0.07}, {"op": "set", "side": "ask", "price": 0.27, "size": 74.0}, {"op": "set", "side": "ask", "price": 0.3, "size": 22.0}, {"op": "delete", "side": "ask", "price": 0.28}, {"op": "delete", "side": "ask", "price": 0.29}]}
{"t": 1776976059.3257349, "events": [{"op": "set", "side": "ask", "price": 0.28, "size": 33.0}]}
{"t": 1776976061.337662, "events": [{"op": "set", "side": "bid", "price": 0.62, "size": 1389.0}, {"op": "set", "side": "ask", "price": 0.3, "size": 246.0}, {"op": "set", "side": "ask", "price": 0.28, "size": 145.0}, {"op": "set", "side": "ask", "price": 0.31, "size": 415.0}]}
{"t": 1776976063.365494, "events": [{"op": "set", "side": "ask", "price": 0.28, "size": 112.0}]}
{"t": 1776976064.375992, "events": [{"op": "set", "side": "ask", "price": 0.3, "size": 224.0}, {"op": "set", "side": "ask", "price": 0.29, "size": 37.0}]}
{"t": 1776976065.3873029, "events": [{"op": "set", "side": "bid", "price": 0.62, "size": 1388.0}, {"op": "delete", "side": "ask", "price": 0.31}, {"op": "delete", "side": "ask", "price": 0.28}]}
{"t": 1776976066.397533, "events": [{"op": "set", "side": "ask", "price": 0.27, "size": 237.0}, {"op": "set", "side": "ask", "price": 0.3, "size": 547.0}, {"op": "set", "side": "ask", "price": 0.29, "size": 363.0}]}
{"t": 1776976068.419334, "events": [{"op": "set", "side": "ask", "price": 0.29, "size": 326.0}]}
{"t": 1776976069.436353, "events": [{"op": "set", "side": "ask", "price": 0.3, "size": 602.0}]}
{"t": 1776976074.460224, "events": [{"op": "set", "side": "ask", "price": 0.27, "size": 232.0}, {"op": "set", "side": "ask", "price": 0.3, "size": 371.0}, {"op": "delete", "side": "ask", "price": 0.29}]}
{"t": 1776976075.471221, "events": [{"op": "set", "side": "bid", "price": 0.67, "size": 70.72000000000003}, {"op": "set", "side": "bid", "price": 0.62, "size": 1389.0}, {"op": "set", "side": "ask", "price": 0.27, "size": 158.0}, {"op": "set", "side": "ask", "price": 0.3, "size": 338.0}, {"op": "set", "side": "ask", "price": 0.31, "size": 505.0}]}
{"t": 1776976077.482344, "events": [{"op": "set", "side": "bid", "price": 0.66, "size": 1397.8899999999999}, {"op": "set", "side": "bid", "price": 0.62, "size": 350.0}, {"op": "set", "side": "bid", "price": 0.65, "size": 851.0}, {"op": "delete", "side": "ask", "price": 0.27}, {"op": "set", "side": "ask", "price": 0.3, "size": 163.0}, {"op": "set", "side": "ask", "price": 0.31, "size": 356.0}, {"op": "set", "side": "ask", "price": 0.32, "size": 487.0}]}
{"t": 1776976078.494921, "events": [{"op": "set", "side": "bid", "price": 0.67, "size": 2.842170943040401e-14}, {"op": "set", "side": "bid", "price": 0.66, "size": 1421.8899999999999}, {"op": "set", "side": "bid", "price": 0.58, "size": 46.72}, {"op": "set", "side": "ask", "price": 0.31, "size": 358.0}]}
{"t": 1776976083.531923, "events": [{"op": "set", "side": "ask", "price": 0.31, "size": 325.0}]}
{"t": 1776976084.54107, "events": [{"op": "set", "side": "ask", "price": 0.31, "size": 358.0}]}
{"t": 1776976085.548361, "events": [{"op": "set", "side": "bid", "price": 0.66, "size": 754.8899999999999}, {"op": "set", "side": "bid", "price": 0.65, "size": 849.0}, {"op": "delete", "side": "ask", "price": 0.3}, {"op": "delete", "side": "ask", "price": 0.32}, {"op": "set", "side": "ask", "price": 0.31, "size": 33.0}]}
{"t": 1776976086.5729961, "events": [{"op": "set", "side": "ask", "price": 0.2, "size": 544.0}]}
{"t": 1776976088.582797, "events": [{"op": "set", "side": "bid", "price": 0.62, "size": 1350.0}, {"op": "set", "side": "bid", "price": 0.61, "size": 1246.0}, {"op": "delete", "side": "bid", "price": 0.58}, {"op": "set", "side": "ask", "price": 0.2, "size": 605.0}, {"op": "set", "side": "ask", "price": 0.31, "size": 121.0}, {"op": "set", "side": "ask", "price": 0.21, "size": 41.0}, {"op": "set", "side": "ask", "price": 0.32, "size": 280.0}, {"op": "set", "side": "ask", "price": 0.22, "size": 21.0}]}
{"t": 1776976089.58958, "events": [{"op": "set", "side": "ask", "price": 0.21, "size": 68.0}, {"op": "delete", "side": "ask", "price": 0.22}, {"op": "set", "side": "ask", "price": 0.11, "size": 3.0}]}
{"t": 1776976091.599458, "events": [{"op": "set", "side": "bid", "price": 0.67, "size": 4.000000000000028}, {"op": "set", "side": "bid", "price": 0.61, "size": 246.0}, {"op": "set", "side": "ask", "price": 0.2, "size": 544.0}, {"op": "delete", "side": "ask", "price": 0.32}, {"op": "delete", "side": "ask", "price": 0.31}, {"op": "set", "side": "ask", "price": 0.22, "size": 21.0}]}
{"t": 1776976093.6152132, "events": [{"op": "set", "side": "bid", "price": 0.66, "size": 730.8899999999999}, {"op": "set", "side": "bid", "price": 0.62, "size": 2350.0}, {"op": "set", "side": "bid", "price": 0.68, "size": 27.0}, {"op": "set", "side": "bid", "price": 0.69, "size": 5.0}, {"op": "set", "side": "ask", "price": 0.21, "size": 120.0}, {"op": "set", "side": "ask", "price": 0.22, "size": 157.0}, {"op": "set", "side": "ask", "price": 0.23, "size": 667.0}, {"op": "set", "side": "ask", "price": 0.24, "size": 39.0}]}
{"t": 1776976094.628316, "events": [{"op": "set", "side": "bid", "price": 0.67, "size": 2.842170943040401e-14}, {"op": "set", "side": "ask", "price": 0.2, "size": 522.0}, {"op": "set", "side": "ask", "price": 0.25, "size": 21.0}]}
{"t": 1776976095.6349592, "events": [{"op": "set", "side": "bid", "price": 0.62, "size": 1350.0}, {"op": "set", "side": "ask", "price": 0.21, "size": 27.0}, {"op": "delete", "side": "ask", "price": 0.23}, {"op": "delete", "side": "ask", "price": 0.22}]}
{"t": 1776976096.652119, "events": [{"op": "set", "side": "bid", "price": 0.62, "size": 850.0}, {"op": "set", "side": "ask", "price": 0.25, "size": 43.0}]}
{"t": 1776976097.657048, "events": [{"op": "set", "side": "bid", "price": 0.68, "size": 572.0}, {"op": "set", "side": "ask", "price": 0.25, "size": 121.0}, {"op": "set", "side": "ask", "price": 0.24, "size": 86.0}, {"op": "set", "side": "ask", "price": 0.26, "size": 218.0}]}
{"t": 1776976098.6700659, "events": [{"op": "delete", "side": "bid", "price": 0.69}, {"op": "set", "side": "ask", "price": 0.25, "size": 115.0}, {"op": "set", "side": "ask", "price": 0.24, "size": 47.0}, {"op": "set", "side": "ask", "price": 0.27, "size": 34.0}]}
{"t": 1776976099.67869, "events": [{"op": "delete", "side": "bid", "price": 0.68}, {"op": "set", "side": "ask", "price": 0.25, "size": 82.0}, {"op": "delete", "side": "ask", "price": 0.26}, {"op": "delete", "side": "ask", "price": 0.24}]}
{"t": 1776976100.698726, "events": [{"op": "set", "side": "bid", "price": 0.67, "size": 27.00000000000003}, {"op": "set", "side": "bid", "price": 0.66, "size": 1397.8899999999999}, {"op": "set", "side": "bid", "price": 0.62, "size": 1016.0}, {"op": "set", "side": "ask", "price": 0.25, "size": 60.0}, {"op": "set", "side": "ask", "price": 0.27, "size": 155.0}, {"op": "set", "side": "ask", "price": 0.28, "size": 263.0}]}
{"t": 1776976101.709044, "events": [{"op": "set", "side": "ask", "price": 0.28, "size": 285.0}]}
{"t": 1776976103.7164748, "events": [{"op": "set", "side": "ask", "price": 0.27, "size": 121.0}, {"op": "set", "side": "ask", "price": 0.29, "size": 31.0}]}
{"t": 1776976109.7538, "events": [{"op": "set", "side": "ask", "price": 0.28, "size": 263.0}]}
{"t": 1776976110.7619252, "events": [{"op": "set", "side": "ask", "price": 0.29, "size": 53.0}]}
{"t": 1776976113.775799, "events": [{"op": "set", "side": "bid", "price": 0.66, "size": 730.8899999999999}, {"op": "set", "side": "bid", "price": 0.62, "size": 904.0}, {"op": "set", "side": "bid", "price": 0.61, "size": 746.0}, {"op": "set", "side": "ask", "price": 0.21, "size": 128.0}, {"op": "delete", "side": "ask", "price": 0.25}, {"op": "delete", "side": "ask", "price": 0.27}, {"op": "set", "side": "ask", "price": 0.3, "size": 335.0}, {"op": "set", "side": "ask", "price": 0.11, "size": 33.0}, {"op": "delete", "side": "ask", "price": 0.28}, {"op": "set", "side": "ask", "price": 0.29, "size": 191.0}]}
{"t": 1776976115.790102, "events": [{"op": "set", "side": "ask", "price": 0.21, "size": 43.0}]}
{"t": 1776976116.79982, "events": [{"op": "set", "side": "ask", "price": 0.3, "size": 198.0}, {"op": "set", "side": "ask", "price": 0.29, "size": 153.0}]}
{"t": 1776976117.808927, "events": [{"op": "set", "side": "ask", "price": 0.29, "size": 131.0}, {"op": "set", "side": "ask", "price": 0.31, "size": 137.0}]}
{"t": 1776976118.820491, "events": [{"op": "delete", "side": "ask", "price": 0.21}]}
{"t": 1776976119.83535, "events": [{"op": "set", "side": "ask", "price": 0.3, "size": 254.0}]}
{"t": 1776976124.868124, "events": [{"op": "set", "side": "ask", "price": 0.3, "size": 232.0}]}
{"t": 1776976128.8931751, "events": [{"op": "set", "side": "bid", "price": 0.62, "size": 905.0}, {"op": "set", "side": "ask", "price": 0.2, "size": 602.0}, {"op": "set", "side": "ask", "price": 0.3, "size": 159.0}, {"op": "set", "side": "ask", "price": 0.31, "size": 239.0}, {"op": "delete", "side": "ask", "price": 0.29}, {"op": "set", "side": "ask", "price": 0.21, "size": 45.0}]}
{"t": 1776976130.9047801, "events": [{"op": "set", "side": "bid", "price": 0.62, "size": 891.0}, {"op": "set", "side": "ask", "price": 0.2, "size": 522.0}, {"op": "set", "side": "ask", "price": 0.21, "size": 107.0}, {"op": "delete", "side": "ask", "price": 0.3}, {"op": "delete", "side": "ask", "price": 0.31}, {"op": "set", "side": "ask", "price": 0.22, "size": 112.0}, {"op": "set", "side": "ask", "price": 0.23, "size": 667.0}]}
{"t": 1776976131.9146821, "events": [{"op": "set", "side": "ask", "price": 0.24, "size": 22.0}]}
{"t": 1776976133.922157, "events": [{"op": "set", "side": "ask", "price": 0.21, "size": 62.0}, {"op": "set", "side": "ask", "price": 0.24, "size": 62.0}]}
{"t": 1776976135.934583, "events": [{"op": "set", "side": "bid", "price": 0.62, "size": 350.0}, {"op": "set", "side": "bid", "price": 0.61, "size": 246.0}, {"op": "delete", "side": "ask", "price": 0.21}, {"op": "delete", "side": "ask", "price": 0.23}, {"op": "delete", "side": "ask", "price": 0.22}]}
{"t": 1776976139.976351, "events": [{"op": "set", "side": "bid", "price": 0.67, "size": 73.72000000000003}, {"op": "set", "side": "bid", "price": 0.62, "size": 895.0}, {"op": "set", "side": "bid", "price": 0.61, "size": 746.0}, {"op": "set", "side": "bid", "price": 0.68, "size": 11.0}, {"op": "set", "side": "ask", "price": 0.24, "size": 85.0}, {"op": "set", "side": "ask", "price": 0.25, "size": 145.0}, {"op": "set", "side": "ask", "price": 0.27, "size": 127.0}, {"op": "set", "side": "ask", "price": 0.26, "size": 667.0}]}
{"t": 1776976140.985537, "events": [{"op": "set", "side": "ask", "price": 0.27, "size": 105.0}]}
{"t": 1776976152.035327, "events": [{"op": "set", "side": "bid", "price": 0.62, "size": 350.0}, {"op": "set", "side": "bid", "price": 0.61, "size": 246.0}, {"op": "delete", "side": "ask", "price": 0.25}, {"op": "delete", "side": "ask", "price": 0.24}, {"op": "delete", "side": "ask", "price": 0.26}]}
{"t": 1776976154.063997, "events": [{"op": "set", "side": "bid", "price": 0.67, "size": 620.72}, {"op": "set", "side": "bid", "price": 0.62, "size": 850.0}, {"op": "set", "side": "ask", "price": 0.27, "size": 350.0}, {"op": "set", "side": "ask", "price": 0.28, "size": 364.0}, {"op": "set", "side": "ask", "price": 0.29, "size": 667.0}]}
{"t": 1776976155.081144, "events": [{"op": "set", "side": "ask", "price": 0.27, "size": 314.0}, {"op": "set", "side": "ask", "price": 0.29, "size": 699.0}]}
{"t": 1776976172.213068, "events": [{"op": "set", "side": "bid", "price": 0.67, "size": 573.72}, {"op": "set", "side": "bid", "price": 0.62, "size": 350.0}, {"op": "set", "side": "ask", "price": 0.27, "size": 69.0}, {"op": "delete", "side": "ask", "price": 0.28}, {"op": "set", "side": "ask", "price": 0.29, "size": 317.0}]}
{"t": 1776976173.230133, "events": [{"op": "set", "side": "bid", "price": 0.66, "size": 1240.8899999999999}, {"op": "set", "side": "ask", "price": 0.3, "size": 634.0}, {"op": "set", "side": "ask", "price": 0.31, "size": 500.0}]}
{"t": 1776976174.237823, "events": [{"op": "set", "side": "ask", "price": 0.3, "size": 666.0}]}
{"t": 1776976175.24962, "events": [{"op": "delete", "side": "ask", "price": 0.29}]}
{"t": 1776976176.259373, "events": [{"op": "set", "side": "bid", "price": 0.66, "size": 1222.8899999999999}, {"op": "set", "side": "ask", "price": 0.3, "size": 365.0}]}
{"t": 1776976178.273995, "events": [{"op": "set", "side": "ask", "price": 0.27, "size": 236.0}, {"op": "set", "side": "ask", "price": 0.3, "size": 333.0}, {"op": "set", "side": "ask", "price": 0.31, "size": 517.0}]}
{"t": 1776976179.287406, "events": [{"op": "set", "side": "ask", "price": 0.28, "size": 38.0}]}
{"t": 1776976183.318472, "events": [{"op": "delete", "side": "ask", "price": 0.28}]}
{"t": 1776976184.330831, "events": [{"op": "set", "side": "ask", "price": 0.28, "size": 38.0}]}
{"t": 1776976188.349905, "events": [{"op": "delete", "side": "ask", "price": 0.28}]}
{"t": 1776976189.36215, "events": [{"op": "set", "side": "ask", "price": 0.28, "size": 38.0}]}
{"t": 1776976193.395335, "events": [{"op": "delete", "side": "ask", "price": 0.28}]}
{"t": 1776976194.405488, "events": [{"op": "set", "side": "ask", "price": 0.28, "size": 38.0}]}
{"t": 1776976197.420757, "events": [{"op": "set", "side": "bid", "price": 0.66, "size": 730.8899999999999}, {"op": "set", "side": "ask", "price": 0.27, "size": 223.0}, {"op": "delete", "side": "ask", "price": 0.3}, {"op": "delete", "side": "ask", "price": 0.31}]}
{"t": 1776976198.435571, "events": [{"op": "set", "side": "bid", "price": 0.67, "size": 619.72}, {"op": "set", "side": "bid", "price": 0.62, "size": 850.0}, {"op": "set", "side": "ask", "price": 0.28, "size": 307.0}, {"op": "set", "side": "ask", "price": 0.29, "size": 544.0}]}
{"t": 1776976204.476952, "events": [{"op": "set", "side": "bid", "price": 0.68, "size": 21.0}, {"op": "set", "side": "bid", "price": 0.67, "size": 46.72000000000003}, {"op": "set", "side": "bid", "price": 0.62, "size": 350.0}, {"op": "delete", "side": "ask", "price": 0.27}, {"op": "delete", "side": "ask", "price": 0.28}, {"op": "delete", "side": "ask", "price": 0.29}, {"op": "set", "side": "ask", "price": 0.3, "size": 79.0}]}
{"t": 1776976205.4979851, "events": [{"op": "set", "side": "bid", "price": 0.68, "size": 46.0}, {"op": "set", "side": "ask", "price": 0.21, "size": 43.0}]}
{"t": 1776976207.508864, "events": [{"op": "set", "side": "bid", "price": 0.67, "size": 546.72}, {"op": "set", "side": "bid", "price": 0.62, "size": 915.0}, {"op": "set", "side": "ask", "price": 0.21, "size": 185.0}, {"op": "set", "side": "ask", "price": 0.3, "size": 362.0}, {"op": "set", "side": "ask", "price": 0.31, "size": 480.0}]}
{"t": 1776976208.525941, "events": [{"op": "set", "side": "ask", "price": 0.21, "size": 142.0}]}
{"t": 1776976209.539958, "events": [{"op": "set", "side": "ask", "price": 0.22, "size": 44.0}]}
{"t": 1776976214.569775, "events": [{"op": "set", "side": "bid", "price": 0.62, "size": 350.0}, {"op": "delete", "side": "ask", "price": 0.21}, {"op": "set", "side": "ask", "price": 0.3, "size": 351.0}, {"op": "set", "side": "ask", "price": 0.31, "size": 408.0}]}
{"t": 1776976215.5757089, "events": [{"op": "set", "side": "bid", "price": 0.66, "size": 1222.8899999999999}, {"op": "set", "side": "ask", "price": 0.22, "size": 181.0}]}
{"t": 1776976218.6080482, "events": [{"op": "set", "side": "ask", "price": 0.3, "size": 348.0}, {"op": "set", "side": "ask", "price": 0.22, "size": 135.0}, {"op": "set", "side": "ask", "price": 0.31, "size": 403.0}, {"op": "set", "side": "ask", "price": 0.23, "size": 43.0}]}
{"t": 1776976222.6332319, "events": [{"op": "set", "side": "ask", "price": 0.23, "size": 186.0}, {"op": "set", "side": "ask", "price": 0.3, "size": 364.0}, {"op": "delete", "side": "ask", "price": 0.22}, {"op": "set", "side": "ask", "price": 0.31, "size": 427.0}]}
{"t": 1776976223.6436858, "events": [{"op": "set", "side": "ask", "price": 0.23, "size": 146.0}, {"op": "set", "side": "ask", "price": 0.3, "size": 369.0}, {"op": "set", "side": "ask", "price": 0.31, "size": 436.0}, {"op": "set", "side": "ask", "price": 0.24, "size": 42.0}]}
{"t": 1776976233.699004, "events": [{"op": "set", "side": "ask", "price": 0.24, "size": 43.0}]}
{"t": 1776976238.714187, "events": [{"op": "delete", "side": "ask", "price": 0.24}]}
{"t": 1776976239.7258828, "events": [{"op": "set", "side": "ask", "price": 0.24, "size": 42.0}]}
{"t": 1776976248.776133, "events": [{"op": "set", "side": "ask", "price": 0.24, "size": 43.0}]}
{"t": 1776976253.8076642, "events": [{"op": "delete", "side": "ask", "price": 0.24}]}
{"t": 1776976254.822479, "events": [{"op": "delete", "side": "ask", "price": 0.23}, {"op": "set", "side": "ask", "price": 0.3, "size": 348.0}, {"op": "set", "side": "ask", "price": 0.31, "size": 403.0}, {"op": "set", "side": "ask", "price": 0.24, "size": 43.0}]}
{"t": 1776976255.835129, "events": [{"op": "set", "side": "bid", "price": 0.68, "size": 21.0}, {"op": "set", "side": "ask", "price": 0.3, "size": 390.0}, {"op": "set", "side": "ask", "price": 0.24, "size": 199.0}, {"op": "set", "side": "ask", "price": 0.31, "size": 467.0}]}
{"t": 1776976256.854514, "events": [{"op": "set", "side": "bid", "price": 0.67, "size": 570.72}]}
{"t": 1776976258.864931, "events": [{"op": "set", "side": "ask", "price": 0.24, "size": 156.0}, {"op": "set", "side": "ask", "price": 0.25, "size": 42.0}]}
{"t": 1776976259.875783, "events": [{"op": "set", "side": "ask", "price": 0.3, "size": 348.0}, {"op": "delete", "side": "ask", "price": 0.24}, {"op": "set", "side": "ask", "price": 0.31, "size": 403.0}]}
{"t": 1776976260.885631, "events": [{"op": "set", "side": "ask", "price": 0.25, "size": 198.0}, {"op": "set", "side": "ask", "price": 0.3, "size": 391.0}, {"op": "set", "side": "ask", "price": 0.31, "size": 468.0}]}
{"t": 1776976263.909769, "events": [{"op": "set", "side": "ask", "price": 0.25, "size": 156.0}, {"op": "set", "side": "ask", "price": 0.26, "size": 41.0}]}
{"t": 1776976268.9457762, "events": [{"op": "delete", "side": "bid", "price": 0.68}, {"op": "set", "side": "ask", "price": 0.3, "size": 312.0}]}
{"t": 1776976276.0147579, "events": [{"op": "set", "side": "bid", "price": 0.67, "size": 309.72}, {"op": "delete", "side": "ask", "price": 0.25}, {"op": "delete", "side": "ask", "price": 0.3}, {"op": "delete", "side": "ask", "price": 0.31}]}
{"t": 1776976277.039475, "events": [{"op": "set", "side": "bid", "price": 0.66, "size": 1477.8899999999999}, {"op": "set", "side": "ask", "price": 0.26, "size": 123.0}, {"op": "set", "side": "ask", "price": 0.27, "size": 141.0}, {"op": "set", "side": "ask", "price": 0.28, "size": 667.0}]}
{"t": 1776976279.0620182, "events": [{"op": "set", "side": "ask", "price": 0.26, "size": 82.0}, {"op": "set", "side": "ask", "price": 0.29, "size": 31.0}]}
{"t": 1776976280.070851, "events": [{"op": "set", "side": "bid", "price": 0.67, "size": 70.72000000000003}, {"op": "delete", "side": "ask", "price": 0.27}, {"op": "delete", "side": "ask", "price": 0.26}, {"op": "delete", "side": "ask", "price": 0.28}]}
{"t": 1776976281.087897, "events": [{"op": "set", "side": "bid", "price": 0.66, "size": 1348.8899999999999}, {"op": "set", "side": "bid", "price": 0.65, "size": 969.0}, {"op": "set", "side": "ask", "price": 0.29, "size": 124.0}, {"op": "set", "side": "ask", "price": 0.3, "size": 157.0}, {"op": "set", "side": "ask", "price": 0.31, "size": 667.0}]}
{"t": 1776976284.125754, "events": [{"op": "set", "side": "ask", "price": 0.3, "size": 192.0}, {"op": "set", "side": "ask", "price": 0.29, "size": 93.0}]}
{"t": 1776976285.139929, "events": [{"op": "set", "side": "bid", "price": 0.66, "size": 730.8899999999999}, {"op": "set", "side": "bid", "price": 0.65, "size": 849.0}, {"op": "set", "side": "ask", "price": 0.3, "size": 35.0}, {"op": "delete", "side": "ask", "price": 0.31}, {"op": "delete", "side": "ask", "price": 0.29}]}
{"t": 1776976287.161626, "events": [{"op": "set", "side": "bid", "price": 0.62, "size": 1381.0}, {"op": "set", "side": "ask", "price": 0.2, "size": 580.0}, {"op": "set", "side": "ask", "price": 0.3, "size": 152.0}, {"op": "set", "side": "ask", "price": 0.31, "size": 251.0}]}
{"t": 1776976289.1844962, "events": [{"op": "set", "side": "ask", "price": 0.3, "size": 117.0}, {"op": "set", "side": "ask", "price": 0.14, "size": 25.0}, {"op": "set", "side": "ask", "price": 0.11, "size": 3.0}]}
{"t": 1776976290.196137, "events": [{"op": "set", "side": "ask", "price": 0.21, "size": 44.0}]}
{"t": 1776976301.276474, "events": [{"op": "set", "side": "bid", "price": 0.62, "size": 350.0}, {"op": "delete", "side": "ask", "price": 0.3}, {"op": "set", "side": "ask", "price": 0.2, "size": 522.0}, {"op": "set", "side": "ask", "price": 0.22, "size": 21.0}, {"op": "delete", "side": "ask", "price": 0.31}]}
{"t": 1776976302.3040588, "events": [{"op": "set", "side": "bid", "price": 0.68, "size": 4.0}]}
{"t": 1776976303.3065321, "events": [{"op": "delete", "side": "ask", "price": 0.21}]}
{"t": 1776976304.313708, "events": [{"op": "set", "side": "bid", "price": 0.67, "size": 603.72}, {"op": "set", "side": "bid", "price": 0.62, "size": 850.0}, {"op": "set", "side": "ask", "price": 0.22, "size": 29.0}, {"op": "set", "side": "ask", "price": 0.21, "size": 56.0}, {"op": "set", "side": "ask", "price": 0.23, "size": 108.0}, {"op": "set", "side": "ask", "price": 0.24, "size": 21.0}]}
{"t": 1776976306.360851, "events": [{"op": "set", "side": "ask", "price": 0.21, "size": 41.0}, {"op": "delete", "side": "ask", "price": 0.23}, {"op": "delete", "side": "ask", "price": 0.24}, {"op": "set", "side": "ask", "price": 0.25, "size": 22.0}, {"op": "set", "side": "ask", "price": 0.26, "size": 3.0}, {"op": "delete", "side": "ask", "price": 0.22}]}
{"t": 1776976307.3653572, "events": [{"op": "set", "side": "bid", "price": 0.67, "size": 607.72}, {"op": "set", "side": "ask", "price": 0.25, "size": 90.0}, {"op": "set", "side": "ask", "price": 0.26, "size": 172.0}, {"op": "set", "side": "ask", "price": 0.24, "size": 34.0}]}
{"t": 1776976308.374354, "events": [{"op": "delete", "side": "ask", "price": 0.21}, {"op": "set", "side": "ask", "price": 0.26, "size": 190.0}]}
{"t": 1776976309.386129, "events": [{"op": "delete", "side": "bid", "price": 0.68}, {"op": "set", "side": "ask", "price": 0.26, "size": 169.0}, {"op": "set", "side": "ask", "price": 0.27, "size": 33.0}]}
{"t": 1776976314.4200819, "events": [{"op": "set", "side": "ask", "price": 0.25, "size": 68.0}]}
{"t": 1776976316.4325829, "events": [{"op": "set", "side": "ask", "price": 0.27, "size": 55.0}]}
{"t": 1776976323.4797351, "events": [{"op": "set", "side": "bid", "price": 0.67, "size": 323.72}, {"op": "set", "side": "bid", "price": 0.62, "size": 350.0}, {"op": "delete", "side": "ask", "price": 0.14}, {"op": "delete", "side": "ask", "price": 0.25}, {"op": "delete", "side": "ask", "price": 0.24}, {"op": "delete", "side": "ask", "price": 0.26}, {"op": "set", "side": "ask", "price": 0.11, "size": 33.0}]}
{"t": 1776976324.50117, "events": [{"op": "set", "side": "bid", "price": 0.66, "size": 1486.8899999999999}, {"op": "set", "side": "ask", "price": 0.27, "size": 183.0}, {"op": "set", "side": "ask", "price": 0.28, "size": 204.0}, {"op": "set", "side": "ask", "price": 0.29, "size": 667.0}]}
{"t": 1776976325.519989, "events": [{"op": "set", "side": "ask", "price": 0.27, "size": 150.0}, {"op": "set", "side": "ask", "price": 0.29, "size": 701.0}]}
{"t": 1776976332.56369, "events": [{"op": "set", "side": "bid", "price": 0.68, "size": 16.0}, {"op": "set", "side": "ask", "price": 0.27, "size": 22.0}, {"op": "delete", "side": "ask", "price": 0.28}, {"op": "set", "side": "ask", "price": 0.29, "size": 667.0}, {"op": "set", "side": "ask", "price": 0.3, "size": 74.0}]}
{"t": 1776976333.587355, "events": [{"op": "set", "side": "bid", "price": 0.67, "size": 570.72}, {"op": "set", "side": "bid", "price": 0.66, "size": 1131.8899999999999}, {"op": "delete", "side": "ask", "price": 0.27}, {"op": "set", "side": "ask", "price": 0.3, "size": 556.0}, {"op": "set", "side": "ask", "price": 0.29, "size": 321.0}, {"op": "set", "side": "ask", "price": 0.31, "size": 373.0}]}
{"t": 1776976334.603316, "events": [{"op": "set", "side": "ask", "price": 0.3, "size": 589.0}, {"op": "delete", "side": "ask", "price": 0.29}]}
{"t": 1776976335.619046, "events": [{"op": "set", "side": "ask", "price": 0.3, "size": 440.0}]}
{"t": 1776976336.625223, "events": [{"op": "set", "side": "bid", "price": 0.66, "size": 1223.8899999999999}, {"op": "set", "side": "ask", "price": 0.2, "size": 689.0}, {"op": "set", "side": "ask", "price": 0.31, "size": 653.0}]}
{"t": 1776976339.6474261, "events": [{"op": "set", "side": "ask", "price": 0.3, "size": 407.0}]}
{"t": 1776976340.6580539, "events": [{"op": "set", "side": "bid", "price": 0.67, "size": 70.72000000000003}, {"op": "set", "side": "bid", "price": 0.66, "size": 730.8899999999999}, {"op": "set", "side": "ask", "price": 0.2, "size": 522.0}, {"op": "set", "side": "ask", "price": 0.3, "size": 74.0}, {"op": "delete", "side": "ask", "price": 0.31}, {"op": "set", "side": "ask", "price": 0.21, "size": 44.0}]}
{"t": 1776976343.692986, "events": [{"op": "set", "side": "bid", "price": 0.67, "size": 570.72}, {"op": "set", "side": "bid", "price": 0.62, "size": 906.0}, {"op": "set", "side": "ask", "price": 0.21, "size": 178.0}, {"op": "set", "side": "ask", "price": 0.3, "size": 341.0}, {"op": "set", "side": "ask", "price": 0.31, "size": 451.0}]}
{"t": 1776976344.703347, "events": [{"op": "set", "side": "bid", "price": 0.67, "size": 70.72000000000003}, {"op": "set", "side": "bid", "price": 0.62, "size": 350.0}, {"op": "delete", "side": "ask", "price": 0.21}, {"op": "set", "side": "ask", "price": 0.3, "size": 74.0}, {"op": "delete", "side": "ask", "price": 0.31}, {"op": "set", "side": "ask", "price": 0.22, "size": 44.0}]}
{"t": 1776976348.738213, "events": [{"op": "set", "side": "bid", "price": 0.67, "size": 570.72}, {"op": "set", "side": "bid", "price": 0.62, "size": 906.0}, {"op": "set", "side": "ask", "price": 0.3, "size": 363.0}, {"op": "set", "side": "ask", "price": 0.22, "size": 189.0}, {"op": "set", "side": "ask", "price": 0.31, "size": 481.0}]}
{"t": 1776976350.768629, "events": [{"op": "set", "side": "ask", "price": 0.22, "size": 145.0}]}
{"t": 1776976351.775647, "events": [{"op": "set", "side": "bid", "price": 0.67, "size": 70.72000000000003}, {"op": "set", "side": "bid", "price": 0.62, "size": 350.0}, {"op": "set", "side": "ask", "price": 0.3, "size": 74.0}, {"op": "delete", "side": "ask", "price": 0.22}, {"op": "delete", "side": "ask", "price": 0.31}, {"op": "set", "side": "ask", "price": 0.21, "size": 44.0}]}
{"t": 1776976355.830212, "events": [{"op": "delete", "side": "ask", "price": 0.21}]}
{"t": 1776976356.839608, "events": [{"op": "set", "side": "bid", "price": 0.67, "size": 570.72}, {"op": "set", "side": "bid", "price": 0.62, "size": 905.0}, {"op": "set", "side": "ask", "price": 0.3, "size": 342.0}, {"op": "set", "side": "ask", "price": 0.21, "size": 134.0}, {"op": "set", "side": "ask", "price": 0.22, "size": 43.0}, {"op": "set", "side": "ask", "price": 0.31, "size": 451.0}]}
{"t": 1776976359.87871, "events": [{"op": "set", "side": "bid", "price": 0.62, "size": 350.0}, {"op": "delete", "side": "ask", "price": 0.21}, {"op": "set", "side": "ask", "price": 0.3, "size": 336.0}, {"op": "delete", "side": "ask", "price": 0.22}, {"op": "set", "side": "ask", "price": 0.31, "size": 392.0}]}
{"t": 1776976360.895073, "events": [{"op": "set", "side": "bid", "price": 0.66, "size": 1223.8899999999999}, {"op": "set", "side": "ask", "price": 0.22, "size": 130.0}]}
{"t": 1776976361.903726, "events": [{"op": "set", "side": "ask", "price": 0.23, "size": 43.0}]}
{"t": 1776976362.91397, "events": [{"op": "delete", "side": "ask", "price": 0.22}]}
{"t": 1776976363.930155, "events": [{"op": "set", "side": "ask", "price": 0.23, "size": 182.0}, {"op": "set", "side": "ask", "price": 0.3, "size": 353.0}, {"op": "set", "side": "ask", "price": 0.31, "size": 418.0}]}
{"t": 1776976364.937811, "events": [{"op": "set", "side": "ask", "price": 0.23, "size": 139.0}]}
{"t": 1776976365.9445639, "events": [{"op": "set", "side": "ask", "price": 0.24, "size": 43.0}]}
{"t": 1776976370.9749482, "events": [{"op": "delete", "side": "ask", "price": 0.24}]}
{"t": 1776976371.985274, "events": [{"op": "set", "side": "ask", "price": 0.25, "size": 42.0}]}
{"t": 1776976375.010626, "events": [{"op": "delete", "side": "ask", "price": 0.25}]}
{"t": 1776976376.01981, "events": [{"op": "set", "side": "ask", "price": 0.24, "size": 43.0}]}
{"t": 1776976385.0620549, "events": [{"op": "delete", "side": "ask", "price": 0.24}]}
{"t": 1776976386.068693, "events": [{"op": "set", "side": "ask", "price": 0.24, "size": 43.0}]}
{"t": 1776976390.085834, "events": [{"op": "delete", "side": "ask", "price": 0.23}, {"op": "set", "side": "ask", "price": 0.3, "size": 380.0}, {"op": "set", "side": "ask", "price": 0.24, "size": 153.0}, {"op": "set", "side": "ask", "price": 0.31, "size": 458.0}]}
{"t": 1776976391.098208, "events": [{"op": "set", "side": "ask", "price": 0.25, "size": 42.0}]}
{"t": 1776976393.108543, "events": [{"op": "set", "side": "ask", "price": 0.3, "size": 336.0}, {"op": "delete", "side": "ask", "price": 0.24}, {"op": "set", "side": "ask", "price": 0.31, "size": 392.0}]}
{"t": 1776976394.119156, "events": [{"op": "set", "side": "ask", "price": 0.25, "size": 200.0}, {"op": "set", "side": "ask", "price": 0.3, "size": 389.0}, {"op": "set", "side": "ask", "price": 0.31, "size": 473.0}]}
{"t": 1776976395.125777, "events": [{"op": "delete", "side": "bid", "price": 0.68}, {"op": "set", "side": "ask", "price": 0.25, "size": 158.0}, {"op": "set", "side": "ask", "price": 0.3, "size": 315.0}]}
{"t": 1776976396.130979, "events": [{"op": "set", "side": "ask", "price": 0.26, "size": 41.0}]}
{"t": 1776976405.183253, "events": [{"op": "delete", "side": "ask", "price": 0.26}]}
{"t": 1776976406.18958, "events": [{"op": "set", "side": "ask", "price": 0.26, "size": 41.0}]}
{"t": 1776976415.243485, "events": [{"op": "delete", "side": "ask", "price": 0.25}, {"op": "delete", "side": "ask", "price": 0.3}, {"op": "delete", "side": "ask", "price": 0.26}, {"op": "delete", "side": "ask", "price": 0.31}]}
{"t": 1776976416.25911, "events": [{"op": "set", "side": "bid", "price": 0.67, "size": 309.72}, {"op": "set", "side": "bid", "price": 0.66, "size": 1483.8899999999999}, {"op": "set", "side": "ask", "price": 0.21, "size": 41.0}, {"op": "set", "side": "ask", "price": 0.27, "size": 139.0}, {"op": "set", "side": "ask", "price": 0.26, "size": 82.0}, {"op": "set", "side": "ask", "price": 0.22, "size": 21.0}, {"op": "set", "side": "ask", "price": 0.28, "size": 667.0}]}
{"t": 1776976417.278729, "events": [{"op": "delete", "side": "ask", "price": 0.22}]}
{"t": 1776976420.296268, "events": [{"op": "delete", "side": "ask", "price": 0.21}]}
{"t": 1776976421.30323, "events": [{"op": "set", "side": "ask", "price": 0.29, "size": 33.0}]}
{"t": 1776976423.3098712, "events": [{"op": "set", "side": "bid", "price": 0.67, "size": 70.72000000000003}, {"op": "set", "side": "bid", "price": 0.66, "size": 1355.8899999999999}, {"op": "set", "side": "bid", "price": 0.65, "size": 969.0}, {"op": "delete", "side": "ask", "price": 0.27}, {"op": "delete", "side": "ask", "price": 0.26}, {"op": "delete", "side": "ask", "price": 0.28}, {"op": "set", "side": "ask", "price": 0.3, "size": 162.0}, {"op": "set", "side": "ask", "price": 0.31, "size": 667.0}, {"op": "set", "side": "ask", "price": 0.29, "size": 132.0}]}
{"t": 1776976425.340163, "events": [{"op": "set", "side": "bid", "price": 0.66, "size": 730.8899999999999}, {"op": "set", "side": "bid", "price": 0.65, "size": 849.0}, {"op": "set", "side": "bid", "price": 0.68, "size": 4.0}, {"op": "delete", "side": "ask", "price": 0.3}, {"op": "delete", "side": "ask", "price": 0.31}, {"op": "delete", "side": "ask", "price": 0.29}, {"op": "set", "side": "ask", "price": 0.21, "size": 62.0}]}
{"t": 1776976427.360094, "events": [{"op": "set", "side": "bid", "price": 0.67, "size": 598.72}, {"op": "set", "side": "bid", "price": 0.62, "size": 850.0}, {"op": "set", "side": "ask", "price": 0.21, "size": 147.0}, {"op": "set", "side": "ask", "price": 0.23, "size": 667.0}, {"op": "set", "side": "ask", "price": 0.22, "size": 139.0}]}
{"t": 1776976428.364198, "events": [{"op": "set", "side": "ask", "price": 0.21, "size": 125.0}, {"op": "set", "side": "ask", "price": 0.24, "size": 22.0}]}
{"t": 1776976430.376935, "events": [{"op": "set", "side": "ask", "price": 0.21, "size": 85.0}, {"op": "delete", "side": "ask", "price": 0.23}, {"op": "delete", "side": "ask", "price": 0.22}]}
{"t": 1776976431.391558, "events": [{"op": "set", "side": "bid", "price": 0.67, "size": 601.72}, {"op": "set", "side": "ask", "price": 0.21, "size": 15.0}, {"op": "set", "side": "ask", "price": 0.24, "size": 31.0}, {"op": "set", "side": "ask", "price": 0.25, "size": 106.0}, {"op": "set", "side": "ask", "price": 0.22, "size": 61.0}]}
{"t": 1776976432.401032, "events": [{"op": "set", "side": "ask", "price": 0.26, "size": 3.0}, {"op": "set", "side": "ask", "price": 0.22, "size": 40.0}]}
{"t": 1776976435.41402, "events": [{"op": "delete", "side": "bid", "price": 0.68}, {"op": "delete", "side": "ask", "price": 0.22}]}
{"t": 1776976436.4190028, "events": [{"op": "set", "side": "bid", "price": 0.67, "size": 321.72}, {"op": "set", "side": "bid", "price": 0.62, "size": 350.0}, {"op": "delete", "side": "ask", "price": 0.21}, {"op": "delete", "side": "ask", "price": 0.25}, {"op": "delete", "side": "ask", "price": 0.24}, {"op": "set", "side": "ask", "price": 0.26, "size": 34.0}]}
{"t": 1776976437.425882, "events": [{"op": "set", "side": "bid", "price": 0.66, "size": 1490.8899999999999}, {"op": "set", "side": "ask", "price": 0.26, "size": 40.0}, {"op": "set", "side": "ask", "price": 0.27, "size": 31.0}, {"op": "set", "side": "ask", "price": 0.28, "size": 667.0}]}
{"t": 1776976438.4467258, "events": [{"op": "set", "side": "bid", "price": 0.67, "size": 209.72000000000003}, {"op": "set", "side": "bid", "price": 0.66, "size": 1428.8899999999999}, {"op": "set", "side": "ask", "price": 0.27, "size": 98.0}, {"op": "set", "side": "ask", "price": 0.26, "size": 99.0}, {"op": "set", "side": "ask", "price": 0.28, "size": 61.0}]}
{"t": 1776976440.468045, "events": [{"op": "set", "side": "ask", "price": 0.26, "size": 65.0}, {"op": "set", "side": "ask", "price": 0.28, "size": 92.0}]}
{"t": 1776976442.480271, "events": [{"op": "set", "side": "bid", "price": 0.67, "size": 70.72000000000003}, {"op": "set", "side": "bid", "price": 0.66, "size": 1353.8899999999999}, {"op": "set", "side": "bid", "price": 0.65, "size": 920.0}, {"op": "delete", "side": "ask", "price": 0.27}, {"op": "delete", "side": "ask", "price": 0.26}, {"op": "set", "side": "ask", "price": 0.28, "size": 112.0}, {"op": "set", "side": "ask", "price": 0.3, "size": 103.0}, {"op": "set", "side": "ask", "price": 0.29, "size": 121.0}]}
{"t": 1776976443.4918458, "events": [{"op": "set", "side": "bid", "price": 0.66, "size": 730.8899999999999}, {"op": "set", "side": "bid", "price": 0.62, "size": 1374.0}, {"op": "set", "side": "bid", "price": 0.65, "size": 849.0}, {"op": "set", "side": "ask", "price": 0.3, "size": 118.0}]}
{"t": 1776976445.5077739, "events": [{"op": "set", "side": "ask", "price": 0.28, "size": 81.0}, {"op": "set", "side": "ask", "price": 0.29, "size": 155.0}]}
{"t": 1776976451.535392, "events": [{"op": "delete", "side": "ask", "price": 0.3}, {"op": "delete", "side": "ask", "price": 0.28}, {"op": "set", "side": "ask", "price": 0.29, "size": 34.0}]}
{"t": 1776976452.543754, "events": [{"op": "set", "side": "bid", "price": 0.62, "size": 1368.0}, {"op": "set", "side": "ask", "price": 0.21, "size": 1000.0}, {"op": "set", "side": "ask", "price": 0.22, "size": 1000.0}]}
{"t": 1776976454.565593, "events": [{"op": "delete", "side": "ask", "price": 0.21}, {"op": "delete", "side": "ask", "price": 0.22}]}
{"t": 1776976455.5719721, "events": [{"op": "set", "side": "bid", "price": 0.67, "size": 24.00000000000003}, {"op": "set", "side": "bid", "price": 0.62, "size": 1375.0}, {"op": "set", "side": "ask", "price": 0.29, "size": 102.0}, {"op": "set", "side": "ask", "price": 0.21, "size": 41.0}, {"op": "set", "side": "ask", "price": 0.3, "size": 166.0}, {"op": "set", "side": "ask", "price": 0.31, "size": 667.0}]}
{"t": 1776976458.60728, "events": [{"op": "delete", "side": "ask", "price": 0.3}, {"op": "delete", "side": "ask", "price": 0.31}, {"op": "set", "side": "ask", "price": 0.22, "size": 21.0}, {"op": "delete", "side": "ask", "price": 0.29}]}
{"t": 1776976459.62, "events": [{"op": "set", "side": "bid", "price": 0.62, "size": 1369.0}]}
{"t": 1776976460.625124, "events": [{"op": "set", "side": "bid", "price": 0.67, "size": 70.72000000000003}, {"op": "set", "side": "ask", "price": 0.21, "size": 57.0}, {"op": "set", "side": "ask", "price": 0.22, "size": 99.0}, {"op": "set", "side": "ask", "price": 0.23, "size": 667.0}, {"op": "set", "side": "ask", "price": 0.25, "size": 21.0}, {"op": "set", "side": "ask", "price": 0.24, "size": 39.0}]}
{"t": 1776976461.631319, "events": [{"op": "set", "side": "bid", "price": 0.62, "size": 1368.0}, {"op": "delete", "side": "ask", "price": 0.21}, {"op": "delete", "side": "ask", "price": 0.23}, {"op": "delete", "side": "ask", "price": 0.22}]}
{"t": 1776976462.638276, "events": [{"op": "set", "side": "bid", "price": 0.62, "size": 1372.0}, {"op": "set", "side": "ask", "price": 0.25, "size": 93.0}, {"op": "set", "side": "ask", "price": 0.24, "size": 85.0}, {"op": "set", "side": "ask", "price": 0.27, "size": 21.0}, {"op": "set", "side": "ask", "price": 0.26, "size": 195.0}]}
{"t": 1776976465.66493, "events": [{"op": "set", "side": "bid", "price": 0.62, "size": 350.0}, {"op": "delete", "side": "ask", "price": 0.25}, {"op": "set", "side": "ask", "price": 0.27, "size": 22.0}, {"op": "delete", "side": "ask", "price": 0.24}, {"op": "set", "side": "ask", "price": 0.21, "size": 42.0}, {"op": "delete", "side": "ask", "price": 0.26}]}
{"t": 1776976467.6886039, "events": [{"op": "set", "side": "bid", "price": 0.62, "size": 1373.0}, {"op": "set", "side": "ask", "price": 0.21, "size": 71.0}, {"op": "set", "side": "ask", "price": 0.27, "size": 80.0}, {"op": "set", "side": "ask", "price": 0.28, "size": 151.0}]}
{"t": 1776976470.713255, "events": [{"op": "set", "side": "ask", "price": 0.21, "size": 29.0}, {"op": "set", "side": "ask", "price": 0.27, "size": 58.0}, {"op": "set", "side": "ask", "price": 0.28, "size": 183.0}]}
{"t": 1776976471.7224581, "events": [{"op": "set", "side": "ask", "price": 0.28, "size": 205.0}]}
{"t": 1776976472.725442, "events": [{"op": "delete", "side": "ask", "price": 0.21}, {"op": "delete", "side": "ask", "price": 0.27}, {"op": "set", "side": "ask", "price": 0.28, "size": 152.0}, {"op": "set", "side": "ask", "price": 0.3, "size": 181.0}, {"op": "set", "side": "ask", "price": 0.29, "size": 147.0}]}
{"t": 1776976474.742902, "events": [{"op": "set", "side": "ask", "price": 0.28, "size": 98.0}]}
{"t": 1776976475.752197, "events": [{"op": "set", "side": "ask", "price": 0.3, "size": 203.0}, {"op": "set", "side": "ask", "price": 0.29, "size": 181.0}]}
{"t": 1776976477.761339, "events": [{"op": "set", "side": "bid", "price": 0.62, "size": 350.0}, {"op": "set", "side": "ask", "price": 0.3, "size": 22.0}, {"op": "delete", "side": "ask", "price": 0.28}, {"op": "set", "side": "ask", "price": 0.29, "size": 34.0}]}
{"t": 1776976479.7830348, "events": [{"op": "delete", "side": "ask", "price": 0.29}]}
{"t": 1776976480.793513, "events": [{"op": "set", "side": "bid", "price": 0.67, "size": 24.00000000000003}, {"op": "set", "side": "bid", "price": 0.62, "size": 1375.0}, {"op": "set", "side": "ask", "price": 0.2, "size": 559.0}, {"op": "set", "side": "ask", "price": 0.3, "size": 95.0}, {"op": "set", "side": "ask", "price": 0.21, "size": 43.0}, {"op": "set", "side": "ask", "price": 0.31, "size": 176.0}]}
{"t": 1776976482.813592, "events": [{"op": "set", "side": "ask", "price": 0.3, "size": 73.0}, {"op": "set", "side": "ask", "price": 0.14, "size": 31.0}, {"op": "set", "side": "ask", "price": 0.11, "size": 3.0}]}
{"t": 1776976484.820907, "events": [{"op": "set", "side": "bid", "price": 0.62, "size": 1368.0}, {"op": "delete", "side": "ask", "price": 0.3}, {"op": "set", "side": "ask", "price": 0.2, "size": 522.0}, {"op": "set", "side": "ask", "price": 0.22, "size": 21.0}, {"op": "delete", "side": "ask", "price": 0.31}]}
{"t": 1776976485.858399, "events": [{"op": "set", "side": "ask", "price": 0.25, "size": 21.0}, {"op": "set", "side": "ask", "price": 0.24, "size": 38.0}, {"op": "set", "side": "ask", "price": 0.21, "size": 59.0}, {"op": "set", "side": "ask", "price": 0.22, "size": 102.0}, {"op": "set", "side": "ask", "price": 0.23, "size": 667.0}]}
{"t": 1776976487.8809128, "events": [{"op": "set", "side": "ask", "price": 0.26, "size": 22.0}]}
{"t": 1776976488.8840268, "events": [{"op": "delete", "side": "ask", "price": 0.25}, {"op": "delete", "side": "ask", "price": 0.26}, {"op": "set", "side": "ask", "price": 0.27, "size": 19.0}]}
{"t": 1776976489.887844, "events": [{"op": "delete", "side": "ask", "price": 0.27}, {"op": "set", "side": "ask", "price": 0.25, "size": 21.0}, {"op": "delete", "side": "ask", "price": 0.24}]}
{"t": 1776976490.901129, "events": [{"op": "delete", "side": "ask", "price": 0.21}, {"op": "delete", "side": "ask", "price": 0.23}, {"op": "delete", "side": "ask", "price": 0.22}, {"op": "set", "side": "ask", "price": 0.24, "size": 39.0}]}
{"t": 1776976491.914994, "events": [{"op": "set", "side": "bid", "price": 0.62, "size": 1371.0}, {"op": "set", "side": "ask", "price": 0.25, "size": 56.0}, {"op": "set", "side": "ask", "price": 0.27, "size": 667.0}, {"op": "set", "side": "ask", "price": 0.26, "size": 71.0}]}
{"t": 1776976492.923475, "events": [{"op": "set", "side": "ask", "price": 0.25, "size": 35.0}]}
{"t": 1776976494.9357922, "events": [{"op": "delete", "side": "ask", "price": 0.24}]}
{"t": 1776976495.9455118, "events": [{"op": "set", "side": "ask", "price": 0.28, "size": 35.0}]}
{"t": 1776976504.995602, "events": [{"op": "set", "side": "bid", "price": 0.62, "size": 1368.0}, {"op": "delete", "side": "ask", "price": 0.25}, {"op": "delete", "side": "ask", "price": 0.27}, {"op": "delete", "side": "ask", "price": 0.26}]}
{"t": 1776976506.004798, "events": [{"op": "set", "side": "bid", "price": 0.62, "size": 1373.0}, {"op": "delete", "side": "ask", "price": 0.14}, {"op": "set", "side": "ask", "price": 0.28, "size": 93.0}, {"op": "set", "side": "ask", "price": 0.21, "size": 63.0}, {"op": "set", "side": "ask", "price": 0.3, "size": 667.0}, {"op": "set", "side": "ask", "price": 0.11, "size": 24.0}, {"op": "set", "side": "ask", "price": 0.29, "size": 153.0}]}
{"t": 1776976507.017001, "events": [{"op": "set", "side": "ask", "price": 0.21, "size": 41.0}]}
{"t": 1776976510.0364318, "events": [{"op": "delete", "side": "ask", "price": 0.21}]}
{"t": 1776976511.044847, "events": [{"op": "set", "side": "ask", "price": 0.3, "size": 700.0}]}
{"t": 1776976516.090231, "events": [{"op": "set", "side": "bid", "price": 0.67, "size": 70.72000000000003}, {"op": "set", "side": "bid", "price": 0.3, "size": 16.0}, {"op": "set", "side": "bid", "price": 0.28, "size": 2842.0}, {"op": "delete", "side": "ask", "price": 0.09}]}
{"t": 1776976517.098359, "events": [{"op": "set", "side": "ask", "price": 0.09, "size": 2472.0}]}
{"t": 1776976521.1357608, "events": [{"op": "set", "side": "bid", "price": 0.62, "size": 1374.0}, {"op": "set", "side": "bid", "price": 0.06, "size": 17.0}, {"op": "set", "side": "bid", "price": 0.31, "size": 1.0}, {"op": "delete", "side": "bid", "price": 0.32}, {"op": "set", "side": "bid", "price": 0.29, "size": 67.0}, {"op": "set", "side": "ask", "price": 0.2, "size": 689.0}, {"op": "set", "side": "ask", "price": 0.3, "size": 366.0}, {"op": "delete", "side": "ask", "price": 0.28}, {"op": "delete", "side": "ask", "price": 0.29}, {"op": "set", "side": "ask", "price": 0.31, "size": 655.0}]}
{"t": 1776976522.1437619, "events": [{"op": "set", "side": "bid", "price": 0.67, "size": 24.00000000000003}, {"op": "set", "side": "bid", "price": 0.63, "size": 46.72}, {"op": "set", "side": "bid", "price": 0.3, "size": 82.0}, {"op": "set", "side": "ask", "price": 0.3, "size": 333.0}, {"op": "set", "side": "ask", "price": 0.21, "size": 45.0}]}
{"t": 1776976525.156095, "events": [{"op": "delete", "side": "ask", "price": 0.21}]}
{"t": 1776976526.162179, "events": [{"op": "set", "side": "ask", "price": 0.31, "size": 685.0}]}
{"t": 1776976536.203557, "events": [{"op": "delete", "side": "bid", "price": 0.63}, {"op": "set", "side": "bid", "price": 0.62, "size": 350.0}, {"op": "set", "side": "ask", "price": 0.2, "size": 522.0}, {"op": "delete", "side": "ask", "price": 0.3}, {"op": "delete", "side": "ask", "price": 0.31}, {"op": "set", "side": "ask", "price": 0.21, "size": 40.0}, {"op": "set", "side": "ask", "price": 0.22, "size": 21.0}]}
{"t": 1776976537.216504, "events": [{"op": "set", "side": "bid", "price": 0.62, "size": 1368.0}, {"op": "set", "side": "ask", "price": 0.21, "size": 55.0}, {"op": "set", "side": "ask", "price": 0.22, "size": 50.0}, {"op": "set", "side": "ask", "price": 0.23, "size": 95.0}]}
{"t": 1776976538.221212, "events": [{"op": "set", "side": "ask", "price": 0.22, "size": 29.0}, {"op": "set", "side": "ask", "price": 0.24, "size": 21.0}]}
{"t": 1776976540.237312, "events": [{"op": "set", "side": "ask", "price": 0.21, "size": 15.0}, {"op": "delete", "side": "ask", "price": 0.23}, {"op": "delete", "side": "ask", "price": 0.22}]}
{"t": 1776976541.245595, "events": [{"op": "delete", "side": "ask", "price": 0.24}, {"op": "set", "side": "ask", "price": 0.23, "size": 21.0}, {"op": "set", "side": "ask", "price": 0.22, "size": 40.0}]}
{"t": 1776976544.27052, "events": [{"op": "set", "side": "bid", "price": 0.67, "size": 70.72000000000003}, {"op": "set", "side": "bid", "price": 0.62, "size": 1369.0}, {"op": "set", "side": "ask", "price": 0.25, "size": 99.0}, {"op": "set", "side": "ask", "price": 0.24, "size": 29.0}, {"op": "set", "side": "ask", "price": 0.26, "size": 6.0}, {"op": "delete", "side": "ask", "price": 0.23}]}
{"t": 1776976545.305117, "events": [{"op": "set", "side": "bid", "price": 0.62, "size": 1368.0}, {"op": "delete", "side": "ask", "price": 0.21}, {"op": "delete", "side": "ask", "price": 0.25}, {"op": "delete", "side": "ask", "price": 0.24}, {"op": "set", "side": "ask", "price": 0.26, "size": 40.0}, {"op": "delete", "side": "ask", "price": 0.22}]}
{"t": 1776976546.315924, "events": [{"op": "set", "side": "bid", "price": 0.62, "size": 1370.0}, {"op": "set", "side": "ask", "price": 0.26, "size": 50.0}, {"op": "set", "side": "ask", "price": 0.27, "size": 84.0}, {"op": "set", "side": "ask", "price": 0.22, "size": 8.0}]}
{"t": 1776976548.331649, "events": [{"op": "delete", "side": "ask", "price": 0.22}]}
{"t": 1776976549.3694139, "events": [{"op": "set", "side": "ask", "price": 0.27, "size": 99.0}, {"op": "set", "side": "ask", "price": 0.26, "size": 100.0}, {"op": "set", "side": "ask", "price": 0.28, "size": 69.0}]}
{"t": 1776976550.374534, "events": [{"op": "set", "side": "ask", "price": 0.26, "size": 66.0}, {"op": "set", "side": "ask", "price": 0.28, "size": 101.0}]}
{"t": 1776976552.38733, "events": [{"op": "set", "side": "bid", "price": 0.62, "size": 1372.0}, {"op": "delete", "side": "ask", "price": 0.27}, {"op": "delete", "side": "ask", "price": 0.26}, {"op": "set", "side": "ask", "price": 0.28, "size": 116.0}, {"op": "set", "side": "ask", "price": 0.3, "size": 111.0}, {"op": "set", "side": "ask", "price": 0.29, "size": 125.0}]}
{"t": 1776976555.404792, "events": [{"op": "set", "side": "ask", "price": 0.28, "size": 84.0}]}
{"t": 1776976556.4166641, "events": [{"op": "set", "side": "ask", "price": 0.29, "size": 159.0}]}
{"t": 1776976560.430049, "events": [{"op": "set", "side": "ask", "price": 0.3, "size": 144.0}, {"op": "delete", "side": "ask", "price": 0.28}, {"op": "set", "side": "ask", "price": 0.29, "size": 96.0}, {"op": "set", "side": "ask", "price": 0.31, "size": 165.0}]}
{"t": 1776976561.438821, "events": [{"op": "set", "side": "ask", "price": 0.3, "size": 174.0}]}
{"t": 1776976565.468847, "events": [{"op": "set", "side": "bid", "price": 0.67, "size": 24.00000000000003}, {"op": "set", "side": "ask", "price": 0.3, "size": 116.0}, {"op": "delete", "side": "ask", "price": 0.29}, {"op": "set", "side": "ask", "price": 0.21, "size": 44.0}, {"op": "set", "side": "ask", "price": 0.14, "size": 28.0}, {"op": "set", "side": "ask", "price": 0.11, "size": 3.0}]}
{"t": 1776976566.4827142, "events": [{"op": "set", "side": "bid", "price": 0.63, "size": 46.72}, {"op": "set", "side": "ask", "price": 0.2, "size": 581.0}, {"op": "set", "side": "ask", "price": 0.31, "size": 175.0}]}
{"t": 1776976569.49947, "events": [{"op": "delete", "side": "bid", "price": 0.63}, {"op": "set", "side": "bid", "price": 0.62, "size": 350.0}, {"op": "delete", "side": "ask", "price": 0.3}, {"op": "set", "side": "ask", "price": 0.2, "size": 522.0}, {"op": "set", "side": "ask", "price": 0.22, "size": 21.0}, {"op": "delete", "side": "ask", "price": 0.31}]}
{"t": 1776976570.521151, "events": [{"op": "set", "side": "ask", "price": 0.21, "size": 40.0}, {"op": "delete", "side": "ask", "price": 0.22}]}
{"t": 1776976571.5276349, "events": [{"op": "set", "side": "bid", "price": 0.62, "size": 1367.0}, {"op": "set", "side": "ask", "price": 0.21, "size": 55.0}, {"op": "set", "side": "ask", "price": 0.23, "size": 93.0}, {"op": "set", "side": "ask", "price": 0.22, "size": 50.0}]}
{"t": 1776976572.538016, "events": [{"op": "set", "side": "ask", "price": 0.22, "size": 29.0}, {"op": "set", "side": "ask", "price": 0.24, "size": 21.0}]}
{"t": 1776976573.54511, "events": [{"op": "delete", "side": "ask", "price": 0.23}, {"op": "delete", "side": "ask", "price": 0.22}]}
{"t": 1776976574.550605, "events": [{"op": "set", "side": "bid", "price": 0.62, "size": 1368.0}, {"op": "set", "side": "ask", "price": 0.24, "size": 29.0}, {"op": "set", "side": "ask", "price": 0.25, "size": 97.0}, {"op": "set", "side": "ask", "price": 0.22, "size": 21.0}]}
{"t": 1776976575.5694778, "events": [{"op": "set", "side": "bid", "price": 0.67, "size": 70.72000000000003}, {"op": "set", "side": "ask", "price": 0.21, "size": 15.0}, {"op": "set", "side": "ask", "price": 0.26, "size": 6.0}, {"op": "delete", "side": "ask", "price": 0.22}]}
{"t": 1776976576.575867, "events": [{"op": "set", "side": "bid", "price": 0.62, "size": 1367.0}, {"op": "delete", "side": "ask", "price": 0.21}, {"op": "delete", "side": "ask", "price": 0.25}, {"op": "delete", "side": "ask", "price": 0.24}, {"op": "set", "side": "ask", "price": 0.26, "size": 32.0}]}
{"t": 1776976577.582925, "events": [{"op": "set", "side": "bid", "price": 0.62, "size": 1370.0}, {"op": "set", "side": "ask", "price": 0.26, "size": 108.0}, {"op": "set", "side": "ask", "price": 0.27, "size": 127.0}, {"op": "set", "side": "ask", "price": 0.28, "size": 667.0}]}
{"t": 1776976579.598368, "events": [{"op": "set", "side": "ask", "price": 0.27, "size": 96.0}, {"op": "set", "side": "ask", "price": 0.26, "size": 96.0}, {"op": "set", "side": "ask", "price": 0.28, "size": 112.0}]}
{"t": 1776976580.610691, "events": [{"op": "set", "side": "ask", "price": 0.26, "size": 64.0}, {"op": "set", "side": "ask", "price": 0.28, "size": 143.0}]}
{"t": 1776976582.626801, "events": [{"op": "set", "side": "bid", "price": 0.62, "size": 1371.0}, {"op": "delete", "side": "ask", "price": 0.27}, {"op": "delete", "side": "ask", "price": 0.26}, {"op": "set", "side": "ask", "price": 0.28, "size": 109.0}, {"op": "set", "side": "ask", "price": 0.3, "size": 146.0}, {"op": "set", "side": "ask", "price": 0.29, "size": 117.0}]}
{"t": 1776976585.646488, "events": [{"op": "set", "side": "ask", "price": 0.28, "size": 78.0}, {"op": "set", "side": "ask", "price": 0.29, "size": 150.0}]}
{"t": 1776976587.65838, "events": [{"op": "set", "side": "ask", "price": 0.3, "size": 138.0}, {"op": "delete", "side": "ask", "price": 0.28}, {"op": "set", "side": "ask", "price": 0.29, "size": 125.0}]}
{"t": 1776976588.667841, "events": [{"op": "set", "side": "ask", "price": 0.31, "size": 161.0}]}
{"t": 1776976590.681835, "events": [{"op": "set", "side": "ask", "price": 0.3, "size": 169.0}, {"op": "set", "side": "ask", "price": 0.29, "size": 92.0}]}
{"t": 1776976592.712306, "events": [{"op": "set", "side": "bid", "price": 0.67, "size": 24.00000000000003}, {"op": "set", "side": "bid", "price": 0.62, "size": 1372.0}, {"op": "set", "side": "bid", "price": 0.63, "size": 46.72}, {"op": "set", "side": "ask", "price": 0.3, "size": 143.0}, {"op": "set", "side": "ask", "price": 0.31, "size": 168.0}, {"op": "set", "side": "ask", "price": 0.2, "size": 578.0}, {"op": "delete", "side": "ask", "price": 0.29}]}
{"t": 1776976595.7320058, "events": [{"op": "set", "side": "ask", "price": 0.3, "size": 112.0}, {"op": "set", "side": "ask", "price": 0.21, "size": 44.0}]}
{"t": 1776976605.780865, "events": [{"op": "set", "side": "bid", "price": 0.63, "size": 524.0}, {"op": "set", "side": "bid", "price": 0.62, "size": 850.0}, {"op": "delete", "side": "ask", "price": 0.14}, {"op": "set", "side": "ask", "price": 0.21, "size": 92.0}, {"op": "delete", "side": "ask", "price": 0.3}, {"op": "set", "side": "ask", "price": 0.2, "size": 522.0}, {"op": "set", "side": "ask", "price": 0.22, "size": 142.0}, {"op": "delete", "side": "ask", "price": 0.31}, {"op": "set", "side": "ask", "price": 0.23, "size": 688.0}]}
{"t": 1776976607.800011, "events": [{"op": "delete", "side": "bid", "price": 0.63}, {"op": "set", "side": "bid", "price": 0.62, "size": 1367.0}, {"op": "set", "side": "ask", "price": 0.25, "size": 343.0}, {"op": "set", "side": "ask", "price": 0.24, "size": 330.0}, {"op": "set", "side": "ask", "price": 0.21, "size": 31.0}, {"op": "set", "side": "ask", "price": 0.23, "size": 241.0}, {"op": "set", "side": "ask", "price": 0.22, "size": 39.0}]}
{"t": 1776976608.8053749, "events": [{"op": "set", "side": "ask", "price": 0.23, "size": 220.0}]}
{"t": 1776976609.811253, "events": [{"op": "set", "side": "ask", "price": 0.26, "size": 44.0}]}
{"t": 1776976610.818959, "events": [{"op": "delete", "side": "ask", "price": 0.22}, {"op": "set", "side": "ask", "price": 0.27, "size": 34.0}]}
{"t": 1776976611.832784, "events": [{"op": "set", "side": "ask", "price": 0.26, "size": 22.0}]}
{"t": 1776976620.890514, "events": [{"op": "delete", "side": "ask", "price": 0.26}, {"op": "delete", "side": "ask", "price": 0.27}]}
{"t": 1776976621.904207, "events": [{"op": "set", "side": "ask", "price": 0.26, "size": 81.0}]}
{"t": 1776976624.9222841, "events": [{"op": "set", "side": "bid", "price": 0.62, "size": 1374.0}, {"op": "delete", "side": "ask", "price": 0.21}, {"op": "delete", "side": "ask", "price": 0.23}, {"op": "delete", "side": "ask", "price": 0.25}, {"op": "set", "side": "ask", "price": 0.26, "size": 143.0}, {"op": "set", "side": "ask", "price": 0.22, "size": 169.0}, {"op": "set", "side": "ask", "price": 0.11, "size": 33.0}, {"op": "set", "side": "ask", "price": 0.27, "size": 268.0}, {"op": "delete", "side": "ask", "price": 0.24}]}
{"t": 1776976625.935311, "events": [{"op": "set", "side": "ask", "price": 0.26, "size": 84.0}, {"op": "set", "side": "ask", "price": 0.28, "size": 33.0}]}
{"t": 1776976627.946018, "events": [{"op": "set", "side": "bid", "price": 0.62, "size": 350.0}, {"op": "delete", "side": "ask", "price": 0.27}, {"op": "delete", "side": "ask", "price": 0.26}, {"op": "delete", "side": "ask", "price": 0.22}]}
{"t": 1776976628.959871, "events": [{"op": "set", "side": "ask", "price": 0.28, "size": 55.0}]}
{"t": 1776976629.966581, "events": [{"op": "set", "side": "ask", "price": 0.28, "size": 22.0}]}
{"t": 1776976630.9735959, "events": [{"op": "set", "side": "ask", "price": 0.21, "size": 43.0}]}
{"t": 1776976631.9891021, "events": [{"op": "set", "side": "bid", "price": 0.62, "size": 1370.0}, {"op": "set", "side": "ask", "price": 0.28, "size": 81.0}, {"op": "set", "side": "ask", "price": 0.3, "size": 667.0}, {"op": "set", "side": "ask", "price": 0.29, "size": 102.0}]}
{"t": 1776976635.0095758, "events": [{"op": "set", "side": "bid", "price": 0.67, "size": 70.72000000000003}, {"op": "set", "side": "ask", "price": 0.28, "size": 59.0}]}
{"t": 1776976636.012798, "events": [{"op": "delete", "side": "ask", "price": 0.21}, {"op": "set", "side": "ask", "price": 0.3, "size": 385.0}, {"op": "delete", "side": "ask", "price": 0.28}, {"op": "delete", "side": "ask", "price": 0.29}]}
{"t": 1776976637.021386, "events": [{"op": "set", "side": "bid", "price": 0.67, "size": 24.00000000000003}, {"op": "set", "side": "bid", "price": 0.62, "size": 1371.0}, {"op": "set", "side": "ask", "price": 0.2, "size": 689.0}, {"op": "set", "side": "ask", "price": 0.31, "size": 657.0}]}
{"t": 1776976639.037527, "events": [{"op": "set", "side": "ask", "price": 0.3, "size": 363.0}]}
{"t": 1776976640.0406752, "events": [{"op": "set", "side": "ask", "price": 0.3, "size": 333.0}]}
{"t": 1776976641.045354, "events": [{"op": "set", "side": "ask", "price": 0.21, "size": 45.0}]}
{"t": 1776976648.087174, "events": [{"op": "set", "side": "bid", "price": 0.62, "size": 1365.0}, {"op": "set", "side": "ask", "price": 0.2, "size": 522.0}, {"op": "set", "side": "ask", "price": 0.21, "size": 107.0}, {"op": "delete", "side": "ask", "price": 0.3}, {"op": "delete", "side": "ask", "price": 0.31}, {"op": "set", "side": "ask", "price": 0.22, "size": 125.0}, {"op": "set", "side": "ask", "price": 0.23, "size": 667.0}]}
{"t": 1776976649.094667, "events": [{"op": "set", "side": "ask", "price": 0.22, "size": 104.0}]}
{"t": 1776976650.106755, "events": [{"op": "set", "side": "ask", "price": 0.21, "size": 62.0}, {"op": "set", "side": "ask", "price": 0.23, "size": 107.0}, {"op": "set", "side": "ask", "price": 0.22, "size": 92.0}, {"op": "set", "side": "ask", "price": 0.24, "size": 22.0}]}
{"t": 1776976651.118593, "events": [{"op": "set", "side": "ask", "price": 0.24, "size": 60.0}]}
{"t": 1776976653.130749, "events": [{"op": "set", "side": "bid", "price": 0.62, "size": 1367.0}, {"op": "delete", "side": "ask", "price": 0.21}, {"op": "delete", "side": "ask", "price": 0.23}, {"op": "set", "side": "ask", "price": 0.24, "size": 142.0}, {"op": "set", "side": "ask", "price": 0.25, "size": 135.0}, {"op": "set", "side": "ask", "price": 0.26, "size": 667.0}, {"op": "delete", "side": "ask", "price": 0.22}]}
{"t": 1776976654.136329, "events": [{"op": "set", "side": "ask", "price": 0.24, "size": 120.0}, {"op": "set", "side": "ask", "price": 0.27, "size": 22.0}]}
{"t": 1776976655.139762, "events": [{"op": "set", "side": "ask", "price": 0.24, "size": 82.0}]}
{"t": 1776976656.145735, "events": [{"op": "set", "side": "ask", "price": 0.27, "size": 59.0}]}
{"t": 1776976657.155742, "events": [{"op": "set", "side": "ask", "price": 0.27, "size": 37.0}]}
{"t": 1776976660.164791, "events": [{"op": "set", "side": "bid", "price": 0.67, "size": 70.72000000000003}, {"op": "set", "side": "bid", "price": 0.62, "size": 1369.0}, {"op": "delete", "side": "ask", "price": 0.25}, {"op": "set", "side": "ask", "price": 0.27, "size": 86.0}, {"op": "delete", "side": "ask", "price": 0.24}, {"op": "delete", "side": "ask", "price": 0.26}, {"op": "set", "side": "ask", "price": 0.28, "size": 141.0}, {"op": "set", "side": "ask", "price": 0.29, "size": 667.0}]}
{"t": 1776976662.1883461, "events": [{"op": "set", "side": "ask", "price": 0.3, "size": 30.0}]}
{"t": 1776976688.379301, "events": [{"op": "set", "side": "bid", "price": 0.62, "size": 1365.0}, {"op": "delete", "side": "ask", "price": 0.27}, {"op": "delete", "side": "ask", "price": 0.3}, {"op": "delete", "side": "ask", "price": 0.28}, {"op": "delete", "side": "ask", "price": 0.29}]}
{"t": 1776976689.3868952, "events": [{"op": "set", "side": "bid", "price": 0.67, "size": 24.00000000000003}, {"op": "set", "side": "bid", "price": 0.62, "size": 1370.0}, {"op": "set", "side": "ask", "price": 0.2, "size": 572.0}, {"op": "set", "side": "ask", "price": 0.21, "size": 41.0}, {"op": "set", "side": "ask", "price": 0.3, "size": 100.0}, {"op": "set", "side": "ask", "price": 0.31, "size": 201.0}]}
{"t": 1776976690.397115, "events": [{"op": "delete", "side": "ask", "price": 0.21}, {"op": "set", "side": "ask", "price": 0.14, "size": 24.0}, {"op": "set", "side": "ask", "price": 0.11, "size": 3.0}]}
{"t": 1776976691.417778, "events": [{"op": "set", "side": "ask", "price": 0.21, "size": 45.0}]}
{"t": 1776976694.6291242, "events": [{"op": "set", "side": "bid", "price": 0.62, "size": 350.0}, {"op": "delete", "side": "ask", "price": 0.3}, {"op": "set", "side": "ask", "price": 0.2, "size": 522.0}, {"op": "set", "side": "ask", "price": 0.22, "size": 21.0}, {"op": "delete", "side": "ask", "price": 0.31}]}
{"t": 1776976695.801642, "events": [{"op": "set", "side": "ask", "price": 0.21, "size": 62.0}, {"op": "delete", "side": "ask", "price": 0.22}]}
{"t": 1776976698.8431628, "events": [{"op": "set", "side": "bid", "price": 0.62, "size": 1364.0}, {"op": "set", "side": "ask", "price": 0.21, "size": 125.0}, {"op": "set", "side": "ask", "price": 0.23, "size": 667.0}, {"op": "set", "side": "ask", "price": 0.22, "size": 136.0}, {"op": "set", "side": "ask", "price": 0.24, "size": 22.0}]}
{"t": 1776976702.870096, "events": [{"op": "delete", "side": "ask", "price": 0.21}, {"op": "delete", "side": "ask", "price": 0.23}, {"op": "delete", "side": "ask", "price": 0.22}]}
{"t": 1776976703.879584, "events": [{"op": "set", "side": "bid", "price": 0.62, "size": 1366.0}, {"op": "set", "side": "ask", "price": 0.24, "size": 31.0}, {"op": "set", "side": "ask", "price": 0.25, "size": 60.0}, {"op": "set", "side": "ask", "price": 0.26, "size": 667.0}, {"op": "set", "side": "ask", "price": 0.21, "size": 41.0}, {"op": "set", "side": "ask", "price": 0.22, "size": 21.0}]}
{"t": 1776976704.894332, "events": [{"op": "delete", "side": "ask", "price": 0.22}, {"op": "set", "side": "ask", "price": 0.27, "size": 22.0}]}
{"t": 1776976705.8967402, "events": [{"op": "delete", "side": "ask", "price": 0.21}, {"op": "set", "side": "ask", "price": 0.27, "size": 57.0}]}
{"t": 1776976706.91446, "events": [{"op": "set", "side": "ask", "price": 0.27, "size": 35.0}]}
{"t": 1776976708.926789, "events": [{"op": "set", "side": "ask", "price": 0.28, "size": 54.0}]}
{"t": 1776976709.929922, "events": [{"op": "delete", "side": "ask", "price": 0.27}]}
{"t": 1776976710.941517, "events": [{"op": "set", "side": "ask", "price": 0.27, "size": 36.0}]}
{"t": 1776976714.967621, "events": [{"op": "delete", "side": "ask", "price": 0.27}]}
{"t": 1776976715.9786172, "events": [{"op": "set", "side": "ask", "price": 0.27, "size": 36.0}]}
{"t": 1776976720.0040588, "events": [{"op": "set", "side": "bid", "price": 0.67, "size": 70.72000000000003}, {"op": "set", "side": "bid", "price": 0.62, "size": 1364.0}, {"op": "delete", "side": "ask", "price": 0.25}, {"op": "delete", "side": "ask", "price": 0.24}, {"op": "delete", "side": "ask", "price": 0.26}]}
{"t": 1776976721.023626, "events": [{"op": "set", "side": "bid", "price": 0.62, "size": 1368.0}, {"op": "delete", "side": "ask", "price": 0.14}, {"op": "set", "side": "ask", "price": 0.27, "size": 140.0}, {"op": "set", "side": "ask", "price": 0.28, "size": 333.0}, {"op": "set", "side": "ask", "price": 0.21, "size": 43.0}, {"op": "set", "side": "ask", "price": 0.11, "size": 34.0}, {"op": "set", "side": "ask", "price": 0.29, "size": 449.0}]}
{"t": 1776976725.0786262, "events": [{"op": "delete", "side": "ask", "price": 0.21}]}
{"t": 1776976727.112159, "events": [{"op": "set", "side": "ask", "price": 0.29, "size": 483.0}]}
{"t": 1776976729.136172, "events": [{"op": "delete", "side": "ask", "price": 0.27}, {"op": "set", "side": "ask", "price": 0.28, "size": 54.0}, {"op": "set", "side": "ask", "price": 0.29, "size": 355.0}]}
{"t": 1776976730.1580229, "events": [{"op": "set", "side": "ask", "price": 0.3, "size": 482.0}, {"op": "set", "side": "ask", "price": 0.31, "size": 236.0}]}
{"t": 1776976732.18078, "events": [{"op": "set", "side": "ask", "price": 0.29, "size": 321.0}]}
{"t": 1776976736.203402, "events": [{"op": "set", "side": "ask", "price": 0.3, "size": 516.0}]}
{"t": 1776976738.2212422, "events": [{"op": "set", "side": "bid", "price": 0.62, "size": 1364.0}, {"op": "set", "side": "ask", "price": 0.3, "size": 357.0}, {"op": "delete", "side": "ask", "price": 0.29}]}
{"t": 1776976739.229032, "events": [{"op": "set", "side": "bid", "price": 0.62, "size": 1369.0}, {"op": "set", "side": "ask", "price": 0.28, "size": 216.0}, {"op": "set", "side": "ask", "price": 0.31, "size": 486.0}]}
{"t": 1776976740.2347279, "events": [{"op": "set", "side": "ask", "price": 0.3, "size": 354.0}, {"op": "set", "side": "ask", "price": 0.28, "size": 215.0}, {"op": "set", "side": "ask", "price": 0.31, "size": 481.0}]}
{"t": 1776976746.492167, "events": [{"op": "set", "side": "ask", "price": 0.3, "size": 320.0}]}
{"t": 1776976752.540415, "events": [{"op": "set", "side": "bid", "price": 0.62, "size": 1367.0}, {"op": "set", "side": "ask", "price": 0.3, "size": 256.0}, {"op": "set", "side": "ask", "price": 0.28, "size": 196.0}, {"op": "delete", "side": "ask", "price": 0.31}, {"op": "set", "side": "ask", "price": 0.29, "size": 215.0}]}
{"t": 1776976759.609219, "events": [{"op": "set", "side": "bid", "price": 0.62, "size": 1364.0}, {"op": "set", "side": "ask", "price": 0.3, "size": 278.0}, {"op": "delete", "side": "ask", "price": 0.29}]}
{"t": 1776976760.616456, "events": [{"op": "set", "side": "bid", "price": 0.67, "size": 24.00000000000003}, {"op": "set", "side": "bid", "price": 0.62, "size": 1368.0}, {"op": "set", "side": "ask", "price": 0.3, "size": 341.0}, {"op": "set", "side": "ask", "price": 0.28, "size": 214.0}, {"op": "set", "side": "ask", "price": 0.31, "size": 509.0}]}
{"t": 1776976765.655814, "events": [{"op": "set", "side": "ask", "price": 0.3, "size": 319.0}]}
{"t": 1776976769.6871839, "events": [{"op": "set", "side": "bid", "price": 0.62, "size": 350.0}, {"op": "delete", "side": "ask", "price": 0.3}, {"op": "set", "side": "ask", "price": 0.28, "size": 196.0}, {"op": "set", "side": "ask", "price": 0.31, "size": 479.0}]}
{"t": 1776976770.703775, "events": [{"op": "set", "side": "bid", "price": 0.67, "size": 2.842170943040401e-14}, {"op": "set", "side": "bid", "price": 0.66, "size": 1397.8899999999999}, {"op": "set", "side": "bid", "price": 0.65, "size": 851.0}, {"op": "set", "side": "ask", "price": 0.28, "size": 162.0}, {"op": "set", "side": "ask", "price": 0.31, "size": 323.0}, {"op": "set", "side": "ask", "price": 0.32, "size": 486.0}, {"op": "set", "side": "ask", "price": 0.29, "size": 38.0}]}
{"t": 1776976771.725236, "events": [{"op": "set", "side": "bid", "price": 0.66, "size": 1421.8899999999999}]}
{"t": 1776976772.744343, "events": [{"op": "set", "side": "bid", "price": 0.66, "size": 754.8899999999999}, {"op": "set", "side": "bid", "price": 0.65, "size": 849.0}, {"op": "delete", "side": "ask", "price": 0.32}, {"op": "delete", "side": "ask", "price": 0.28}]}
{"t": 1776976773.7583098, "events": [{"op": "set", "side": "bid", "price": 0.62, "size": 1350.0}, {"op": "set", "side": "bid", "price": 0.61, "size": 1246.0}, {"op": "set", "side": "bid", "price": 0.63, "size": 46.72}, {"op": "set", "side": "ask", "price": 0.31, "size": 667.0}, {"op": "set", "side": "ask", "price": 0.29, "size": 152.0}, {"op": "set", "side": "ask", "price": 0.14, "size": 25.0}, {"op": "set", "side": "ask", "price": 0.3, "size": 179.0}, {"op": "set", "side": "ask", "price": 0.11, "size": 3.0}]}
{"t": 1776976775.7824068, "events": [{"op": "set", "side": "ask", "price": 0.31, "size": 700.0}, {"op": "set", "side": "ask", "price": 0.29, "size": 114.0}]}
{"t": 1776976788.865946, "events": [{"op": "set", "side": "bid", "price": 0.61, "size": 246.0}, {"op": "delete", "side": "ask", "price": 0.3}, {"op": "delete", "side": "ask", "price": 0.29}]}
{"t": 1776976789.882459, "events": [{"op": "set", "side": "bid", "price": 0.63, "size": 1046.72}, {"op": "set", "side": "ask", "price": 0.2, "size": 689.0}, {"op": "set", "side": "ask", "price": 0.31, "size": 333.0}, {"op": "set", "side": "ask", "price": 0.21, "size": 45.0}, {"op": "set", "side": "ask", "price": 0.32, "size": 658.0}]}
{"t": 1776976790.891396, "events": [{"op": "delete", "side": "ask", "price": 0.21}]}
{"t": 1776976791.9012082, "events": [{"op": "set", "side": "ask", "price": 0.32, "size": 688.0}]}
{"t": 1776976792.913603, "events": [{"op": "delete", "side": "ask", "price": 0.31}]}
{"t": 1776976793.92892, "events": [{"op": "set", "side": "bid", "price": 0.66, "size": 730.8899999999999}, {"op": "set", "side": "bid", "price": 0.63, "size": 47.72000000000003}, {"op": "set", "side": "bid", "price": 0.62, "size": 1294.0}, {"op": "set", "side": "bid", "price": 0.64, "size": 25.0}, {"op": "set", "side": "ask", "price": 0.32, "size": 363.0}, {"op": "set", "side": "ask", "price": 0.33, "size": 657.0}]}
{"t": 1776976795.9431622, "events": [{"op": "set", "side": "ask", "price": 0.32, "size": 333.0}, {"op": "set", "side": "ask", "price": 0.21, "size": 45.0}]}
{"t": 1776976798.966105, "events": [{"op": "set", "side": "bid", "price": 0.63, "size": 2.842170943040401e-14}, {"op": "set", "side": "bid", "price": 0.62, "size": 350.0}, {"op": "delete", "side": "ask", "price": 0.32}, {"op": "set", "side": "ask", "price": 0.2, "size": 522.0}, {"op": "delete", "side": "ask", "price": 0.33}]}
{"t": 1776976799.984837, "events": [{"op": "delete", "side": "ask", "price": 0.14}, {"op": "set", "side": "ask", "price": 0.22, "size": 21.0}, {"op": "set", "side": "ask", "price": 0.11, "size": 27.0}]}
{"t": 1776976800.994625, "events": [{"op": "delete", "side": "bid", "price": 0.64}, {"op": "delete", "side": "ask", "price": 0.21}]}
{"t": 1776976802.004491, "events": [{"op": "set", "side": "bid", "price": 0.67, "size": 28.00000000000003}, {"op": "set", "side": "bid", "price": 0.68, "size": 5.0}, {"op": "set", "side": "ask", "price": 0.21, "size": 41.0}]}
{"t": 1776976803.02252, "events": [{"op": "set", "side": "bid", "price": 0.62, "size": 1350.0}, {"op": "set", "side": "bid", "price": 0.64, "size": 1000.0}, {"op": "set", "side": "ask", "price": 0.21, "size": 56.0}, {"op": "set", "side": "ask", "price": 0.22, "size": 50.0}, {"op": "set", "side": "ask", "price": 0.23, "size": 84.0}]}
{"t": 1776976804.039381, "events": [{"op": "set", "side": "ask", "price": 0.22, "size": 29.0}, {"op": "set", "side": "ask", "price": 0.24, "size": 21.0}]}
{"t": 1776976806.063827, "events": [{"op": "delete", "side": "bid", "price": 0.64}, {"op": "set", "side": "ask", "price": 0.21, "size": 15.0}, {"op": "delete", "side": "ask", "price": 0.23}, {"op": "delete", "side": "ask", "price": 0.24}, {"op": "set", "side": "ask", "price": 0.22, "size": 21.0}]}
{"t": 1776976807.082735, "events": [{"op": "set", "side": "bid", "price": 0.62, "size": 850.0}, {"op": "set", "side": "ask", "price": 0.22, "size": 61.0}]}
{"t": 1776976808.091316, "events": [{"op": "set", "side": "bid", "price": 0.67, "size": 549.0}, {"op": "set", "side": "ask", "price": 0.25, "size": 83.0}, {"op": "set", "side": "ask", "price": 0.24, "size": 29.0}]}
{"t": 1776976809.098349, "events": [{"op": "set", "side": "bid", "price": 0.68, "size": 51.72}, {"op": "set", "side": "ask", "price": 0.26, "size": 22.0}, {"op": "set", "side": "ask", "price": 0.22, "size": 40.0}]}
{"t": 1776976810.112881, "events": [{"op": "set", "side": "bid", "price": 0.68, "size": 46.72}, {"op": "set", "side": "bid", "price": 0.67, "size": 521.0}, {"op": "set", "side": "bid", "price": 0.69, "size": 26.0}]}
{"t": 1776976811.119054, "events": [{"op": "delete", "side": "ask", "price": 0.22}]}
{"t": 1776976812.1601799, "events": [{"op": "delete", "side": "bid", "price": 0.67}, {"op": "delete", "side": "ask", "price": 0.21}, {"op": "delete", "side": "ask", "price": 0.25}, {"op": "delete", "side": "ask", "price": 0.24}, {"op": "set", "side": "ask", "price": 0.26, "size": 57.0}]}
{"t": 1776976814.181136, "events": [{"op": "set", "side": "bid", "price": 0.68, "size": 546.72}, {"op": "set", "side": "bid", "price": 0.62, "size": 878.0}, {"op": "set", "side": "ask", "price": 0.26, "size": 101.0}, {"op": "set", "side": "ask", "price": 0.27, "size": 77.0}, {"op": "set", "side": "ask", "price": 0.28, "size": 667.0}]}
{"t": 1776976816.192041, "events": [{"op": "set", "side": "bid", "price": 0.62, "size": 350.0}, {"op": "set", "side": "ask", "price": 0.28, "size": 133.0}]}
{"t": 1776976817.207639, "events": [{"op": "set", "side": "bid", "price": 0.66, "size": 1227.8899999999999}, {"op": "set", "side": "ask", "price": 0.27, "size": 168.0}, {"op": "set", "side": "ask", "price": 0.26, "size": 134.0}]}
{"t": 1776976818.228111, "events": [{"op": "set", "side": "ask", "price": 0.28, "size": 164.0}]}
{"t": 1776976819.240014, "events": [{"op": "set", "side": "ask", "price": 0.26, "size": 112.0}]}
{"t": 1776976820.246989, "events": [{"op": "delete", "side": "ask", "price": 0.27}, {"op": "delete", "side": "ask", "price": 0.26}, {"op": "set", "side": "ask", "price": 0.28, "size": 186.0}]}
{"t": 1776976821.2622788, "events": [{"op": "delete", "side": "bid", "price": 0.69}, {"op": "set", "side": "bid", "price": 0.66, "size": 1226.8899999999999}, {"op": "set", "side": "ask", "price": 0.28, "size": 162.0}, {"op": "set", "side": "ask", "price": 0.3, "size": 213.0}, {"op": "set", "side": "ask", "price": 0.29, "size": 210.0}]}
{"t": 1776976822.2751732, "events": [{"op": "set", "side": "bid", "price": 0.67, "size": 25.0}, {"op": "set", "side": "ask", "price": 0.29, "size": 243.0}]}
{"t": 1776976823.281095, "events": [{"op": "set", "side": "bid", "price": 0.68, "size": 2.842170943040401e-14}, {"op": "set", "side": "bid", "price": 0.67, "size": 525.0}, {"op": "set", "side": "bid", "price": 0.66, "size": 730.8899999999999}, {"op": "set", "side": "bid", "price": 0.62, "size": 882.0}, {"op": "set", "side": "ask", "price": 0.3, "size": 143.0}, {"op": "set", "side": "ask", "price": 0.28, "size": 22.0}, {"op": "set", "side": "ask", "price": 0.29, "size": 61.0}, {"op": "set", "side": "ask", "price": 0.31, "size": 194.0}]}
{"t": 1776976825.307746, "events": [{"op": "set", "side": "bid", "price": 0.67, "size": 25.0}, {"op": "set", "side": "bid", "price": 0.62, "size": 350.0}, {"op": "delete", "side": "ask", "price": 0.31}]}
{"t": 1776976826.322222, "events": [{"op": "set", "side": "bid", "price": 0.67, "size": 71.72}, {"op": "set", "side": "bid", "price": 0.66, "size": 1377.8899999999999}, {"op": "set", "side": "bid", "price": 0.65, "size": 1100.0}, {"op": "set", "side": "ask", "price": 0.3, "size": 300.0}, {"op": "set", "side": "ask", "price": 0.28, "size": 83.0}, {"op": "set", "side": "ask", "price": 0.29, "size": 174.0}]}
{"t": 1776976827.333923, "events": [{"op": "set", "side": "ask", "price": 0.3, "size": 322.0}]}
{"t": 1776976829.35049, "events": [{"op": "set", "side": "bid", "price": 0.66, "size": 730.8899999999999}, {"op": "set", "side": "bid", "price": 0.65, "size": 849.0}, {"op": "set", "side": "ask", "price": 0.3, "size": 300.0}, {"op": "delete", "side": "ask", "price": 0.28}, {"op": "delete", "side": "ask", "price": 0.29}]}
{"t": 1776976830.3663218, "events": [{"op": "set", "side": "ask", "price": 0.3, "size": 249.0}]}
{"t": 1776976831.380969, "events": [{"op": "set", "side": "bid", "price": 0.67, "size": 25.0}, {"op": "set", "side": "bid", "price": 0.62, "size": 1367.0}, {"op": "set", "side": "ask", "price": 0.2, "size": 631.0}, {"op": "set", "side": "ask", "price": 0.3, "size": 219.0}, {"op": "set", "side": "ask", "price": 0.31, "size": 358.0}]}
{"t": 1776976834.404785, "events": [{"op": "set", "side": "bid", "price": 0.62, "size": 350.0}, {"op": "delete", "side": "ask", "price": 0.3}]}
{"t": 1776976836.4244428, "events": [{"op": "set", "side": "bid", "price": 0.66, "size": 1397.8899999999999}, {"op": "set", "side": "bid", "price": 0.65, "size": 851.0}, {"op": "set", "side": "ask", "price": 0.2, "size": 668.0}, {"op": "set", "side": "ask", "price": 0.31, "size": 321.0}, {"op": "set", "side": "ask", "price": 0.32, "size": 437.0}]}
{"t": 1776976837.434342, "events": [{"op": "delete", "side": "bid", "price": 0.67}, {"op": "set", "side": "ask", "price": 0.31, "size": 291.0}]}
{"t": 1776976838.441472, "events": [{"op": "set", "side": "bid", "price": 0.66, "size": 1421.8899999999999}, {"op": "set", "side": "ask", "price": 0.21, "size": 45.0}]}
{"t": 1776976839.444206, "events": [{"op": "set", "side": "bid", "price": 0.66, "size": 754.8899999999999}, {"op": "set", "side": "bid", "price": 0.65, "size": 849.0}, {"op": "set", "side": "ask", "price": 0.2, "size": 522.0}, {"op": "delete", "side": "ask", "price": 0.32}, {"op": "delete", "side": "ask", "price": 0.31}]}
{"t": 1776976840.4514198, "events": [{"op": "set", "side": "bid", "price": 0.62, "size": 1350.0}, {"op": "set", "side": "bid", "price": 0.61, "size": 1246.0}, {"op": "set", "side": "ask", "price": 0.21, "size": 107.0}, {"op": "set", "side": "ask", "price": 0.23, "size": 667.0}, {"op": "set", "side": "ask", "price": 0.22, "size": 128.0}]}
{"t": 1776976841.461482, "events": [{"op": "set", "side": "ask", "price": 0.21, "size": 62.0}, {"op": "set", "side": "ask", "price": 0.24, "size": 62.0}]}
{"t": 1776976842.471614, "events": [{"op": "set", "side": "ask", "price": 0.22, "size": 102.0}]}
{"t": 1776976843.4774091, "events": [{"op": "set", "side": "bid", "price": 0.61, "size": 246.0}, {"op": "set", "side": "ask", "price": 0.25, "size": 22.0}]}
{"t": 1776976844.4879239, "events": [{"op": "set", "side": "bid", "price": 0.62, "size": 2350.0}, {"op": "delete", "side": "ask", "price": 0.21}, {"op": "delete", "side": "ask", "price": 0.23}, {"op": "set", "side": "ask", "price": 0.25, "size": 158.0}, {"op": "set", "side": "ask", "price": 0.26, "size": 673.0}, {"op": "delete", "side": "ask", "price": 0.22}, {"op": "set", "side": "ask", "price": 0.24, "size": 125.0}]}
{"t": 1776976845.498323, "events": [{"op": "set", "side": "ask", "price": 0.26, "size": 689.0}]}
{"t": 1776976846.5011148, "events": [{"op": "set", "side": "ask", "price": 0.24, "size": 85.0}, {"op": "set", "side": "ask", "price": 0.27, "size": 38.0}]}
