{"t": 1776975878.59487, "events": [{"op": "set", "side": "bid", "price": 0.92, "size": 2537.0}, {"op": "set", "side": "ask", "price": 0.01, "size": 200.0}]}
{"t": 1776975881.629726, "events": [{"op": "set", "side": "bid", "price": 0.92, "size": 3537.0}, {"op": "set", "side": "ask", "price": 0.01, "size": 667.0}]}
{"t": 1776975940.061205, "events": [{"op": "set", "side": "bid", "price": 0.92, "size": 2537.0}, {"op": "set", "side": "ask", "price": 0.01, "size": 200.0}]}
{"t": 1776975943.110956, "events": [{"op": "set", "side": "bid", "price": 0.92, "size": 3537.0}, {"op": "set", "side": "ask", "price": 0.01, "size": 667.0}]}
{"t": 1776975951.2976189, "events": [{"op": "set", "side": "bid", "price": 0.92, "size": 2537.0}, {"op": "set", "side": "ask", "price": 0.01, "size": 200.0}]}
{"t": 1776975953.32274, "events": [{"op": "set", "side": "bid", "price": 0.92, "size": 3537.0}, {"op": "set", "side": "ask", "price": 0.01, "size": 667.0}]}
{"t": 1776976044.185159, "events": [{"op": "set", "side": "bid", "price": 0.92, "size": 2537.0}, {"op": "set", "side": "ask", "price": 0.01, "size": 200.0}]}
{"t": 1776976047.209746, "events": [{"op": "set", "side": "bid", "price": 0.92, "size": 3537.0}, {"op": "set", "side": "ask", "price": 0.01, "size": 667.0}]}
{"t": 1776976058.306615, "events": [{"op": "set", "side": "bid", "price": 0.92, "size": 2537.0}, {"op": "set", "side": "ask", "price": 0.01, "size": 200.0}]}
{"t": 1776976061.337662, "events": [{"op": "set", "side": "bid", "price": 0.92, "size": 3537.0}, {"op": "set", "side": "ask", "price": 0.01, "size": 667.0}]}
{"t": 1776976085.548361, "events": [{"op": "set", "side": "bid", "price": 0.92, "size": 2537.0}, {"op": "set", "side": "ask", "price": 0.01, "size": 200.0}]}
{"t": 1776976088.582797, "events": [{"op": "set", "side": "bid", "price": 0.92, "size": 3537.0}, {"op": "set", "side": "ask", "price": 0.01, "size": 667.0}]}
{"t": 1776976135.934583, "events": [{"op": "set", "side": "bid", "price": 0.92, "size": 2537.0}, {"op": "set", "side": "ask", "price": 0.01, "size": 200.0}]}
{"t": 1776976139.976351, "events": [{"op": "set", "side": "bid", "price": 0.92, "size": 3537.0}, {"op": "set", "side": "ask", "price": 0.01, "size": 667.0}]}
{"t": 1776976152.035327, "events": [{"op": "set", "side": "bid", "price": 0.92, "size": 2537.0}, {"op": "set", "side": "ask", "price": 0.01, "size": 200.0}]}
{"t": 1776976154.063997, "events": [{"op": "set", "side": "bid", "price": 0.92, "size": 3537.0}, {"op": "set", "side": "ask", "price": 0.01, "size": 667.0}]}
{"t": 1776976204.476952, "events": [{"op": "set", "side": "bid", "price": 0.92, "size": 2537.0}, {"op": "set", "side": "ask", "price": 0.01, "size": 200.0}]}
{"t": 1776976207.508864, "events": [{"op": "set", "side": "bid", "price": 0.92, "size": 3537.0}, {"op": "set", "side": "ask", "price": 0.01, "size": 667.0}]}
{"t": 1776976285.139929, "events": [{"op": "set", "side": "bid", "price": 0.92, "size": 2537.0}, {"op": "set", "side": "ask", "price": 0.01, "size": 200.0}]}
{"t": 1776976287.161626, "events": [{"op": "set", "side": "bid", "price": 0.92, "size": 3537.0}, {"op": "set", "side": "ask", "price": 0.01, "size": 667.0}]}
{"t": 1776976301.276474, "events": [{"op": "set", "side": "bid", "price": 0.92, "size": 2537.0}, {"op": "set", "side": "ask", "price": 0.01, "size": 200.0}]}
{"t": 1776976304.313708, "events": [{"op": "set", "side": "bid", "price": 0.92, "size": 3605.0}, {"op": "set", "side": "ask", "price": 0.01, "size": 667.0}]}
{"t": 1776976340.6580539, "events": [{"op": "set", "side": "bid", "price": 0.92, "size": 2605.0}, {"op": "set", "side": "ask", "price": 0.01, "size": 200.0}]}
{"t": 1776976343.692986, "events": [{"op": "set", "side": "bid", "price": 0.92, "size": 3605.0}, {"op": "set", "side": "ask", "price": 0.01, "size": 667.0}]}
{"t": 1776976344.703347, "events": [{"op": "set", "side": "bid", "price": 0.92, "size": 2605.0}, {"op": "set", "side": "ask", "price": 0.01, "size": 200.0}]}
{"t": 1776976347.7271721, "events": [{"op": "set", "side": "bid", "price": 0.92, "size": 3605.0}, {"op": "set", "side": "ask", "price": 0.01, "size": 667.0}]}
{"t": 1776976351.775647, "events": [{"op": "set", "side": "bid", "price": 0.92, "size": 2605.0}, {"op": "set", "side": "ask", "price": 0.01, "size": 200.0}]}
{"t": 1776976356.839608, "events": [{"op": "set", "side": "bid", "price": 0.92, "size": 3605.0}, {"op": "set", "side": "ask", "price": 0.01, "size": 667.0}]}
{"t": 1776976370.9749482, "events": [{"op": "set", "side": "bid", "price": 0.92, "size": 3500.0}]}
{"t": 1776976371.985274, "events": [{"op": "set", "side": "bid", "price": 0.92, "size": 3619.0}]}
{"t": 1776976425.340163, "events": [{"op": "set", "side": "bid", "price": 0.92, "size": 2619.0}, {"op": "set", "side": "ask", "price": 0.01, "size": 200.0}]}
{"t": 1776976428.364198, "events": [{"op": "set", "side": "bid", "price": 0.92, "size": 3619.0}, {"op": "set", "side": "ask", "price": 0.01, "size": 667.0}]}
{"t": 1776976465.66493, "events": [{"op": "set", "side": "bid", "price": 0.92, "size": 2619.0}, {"op": "set", "side": "ask", "price": 0.01, "size": 200.0}]}
{"t": 1776976468.700096, "events": [{"op": "set", "side": "bid", "price": 0.92, "size": 3619.0}, {"op": "set", "side": "ask", "price": 0.01, "size": 667.0}]}
{"t": 1776976477.761339, "events": [{"op": "set", "side": "bid", "price": 0.92, "size": 2619.0}, {"op": "set", "side": "ask", "price": 0.01, "size": 200.0}]}
{"t": 1776976480.793513, "events": [{"op": "set", "side": "bid", "price": 0.92, "size": 3619.0}, {"op": "set", "side": "ask", "price": 0.01, "size": 667.0}]}
{"t": 1776976496.958273, "events": [{"op": "set", "side": "bid", "price": 0.98, "size": 138.0}]}
{"t": 1776976514.0667362, "events": [{"op": "delete", "side": "bid", "price": 0.62}, {"op": "set", "side": "bid", "price": 0.05, "size": 10000.0}]}
{"t": 1776976521.1357608, "events": [{"op": "set", "side": "bid", "price": 0.92, "size": 2937.0}, {"op": "set", "side": "bid", "price": 0.06, "size": 54.0}, {"op": "delete", "side": "bid", "price": 0.02}, {"op": "delete", "side": "bid", "price": 0.04}]}
{"t": 1776976522.1437619, "events": [{"op": "set", "side": "bid", "price": 0.93, "size": 1478.0}, {"op": "set", "side": "bid", "price": 0.81, "size": 443.0}]}
{"t": 1776976536.203557, "events": [{"op": "set", "side": "bid", "price": 0.93, "size": 1000.0}, {"op": "set", "side": "bid", "price": 0.92, "size": 2619.0}, {"op": "set", "side": "bid", "price": 0.81, "size": 284.0}, {"op": "set", "side": "ask", "price": 0.01, "size": 200.0}]}
{"t": 1776976538.221212, "events": [{"op": "set", "side": "bid", "price": 0.93, "size": 1478.0}, {"op": "set", "side": "bid", "price": 0.92, "size": 2937.0}, {"op": "set", "side": "bid", "price": 0.81, "size": 443.0}, {"op": "set", "side": "ask", "price": 0.01, "size": 667.0}]}
{"t": 1776976569.49947, "events": [{"op": "set", "side": "bid", "price": 0.93, "size": 1000.0}, {"op": "set", "side": "bid", "price": 0.92, "size": 2619.0}, {"op": "set", "side": "bid", "price": 0.81, "size": 284.0}, {"op": "set", "side": "ask", "price": 0.01, "size": 200.0}]}
{"t": 1776976571.5276349, "events": [{"op": "set", "side": "bid", "price": 0.93, "size": 1478.0}, {"op": "set", "side": "bid", "price": 0.92, "size": 2937.0}, {"op": "set", "side": "bid", "price": 0.81, "size": 443.0}, {"op": "set", "side": "ask", "price": 0.01, "size": 667.0}]}
{"t": 1776976627.946018, "events": [{"op": "set", "side": "bid", "price": 0.93, "size": 1000.0}, {"op": "set", "side": "bid", "price": 0.92, "size": 2619.0}, {"op": "set", "side": "bid", "price": 0.81, "size": 284.0}, {"op": "set", "side": "ask", "price": 0.01, "size": 200.0}]}
{"t": 1776976631.9891021, "events": [{"op": "set", "side": "bid", "price": 0.93, "size": 1478.0}, {"op": "set", "side": "bid", "price": 0.92, "size": 2937.0}, {"op": "set", "side": "bid", "price": 0.81, "size": 443.0}, {"op": "set", "side": "ask", "price": 0.01, "size": 667.0}]}
{"t": 1776976694.6291242, "events": [{"op": "set", "side": "bid", "price": 0.93, "size": 1000.0}, {"op": "set", "side": "bid", "price": 0.92, "size": 2619.0}, {"op": "set", "side": "bid", "price": 0.81, "size": 284.0}, {"op": "set", "side": "ask", "price": 0.01, "size": 200.0}]}
{"t": 1776976697.8306718, "events": [{"op": "set", "side": "bid", "price": 0.93, "size": 1478.0}, {"op": "set", "side": "bid", "price": 0.92, "size": 2937.0}, {"op": "set", "side": "bid", "price": 0.81, "size": 443.0}, {"op": "set", "side": "ask", "price": 0.01, "size": 667.0}]}
{"t": 1776976798.966105, "events": [{"op": "set", "side": "bid", "price": 0.93, "size": 1000.0}, {"op": "set", "side": "bid", "price": 0.92, "size": 2619.0}, {"op": "set", "side": "bid", "price": 0.81, "size": 284.0}, {"op": "set", "side": "ask", "price": 0.01, "size": 200.0}]}
{"t": 1776976802.004491, "events": [{"op": "set", "side": "bid", "price": 0.93, "size": 1478.0}, {"op": "set", "side": "bid", "price": 0.92, "size": 2937.0}, {"op": "set", "side": "bid", "price": 0.81, "size": 443.0}, {"op": "set", "side": "ask", "price": 0.01, "size": 667.0}]}
{"t": 1776976823.281095, "events": [{"op": "set", "side": "bid", "price": 0.93, "size": 1000.0}, {"op": "set", "side": "bid", "price": 0.92, "size": 2619.0}, {"op": "set", "side": "bid", "price": 0.81, "size": 284.0}, {"op": "set", "side": "ask", "price": 0.01, "size": 200.0}]}
{"t": 1776976826.322222, "events": [{"op": "set", "side": "bid", "price": 0.93, "size": 1478.0}, {"op": "set", "side": "bid", "price": 0.92, "size": 2937.0}, {"op": "set", "side": "bid", "price": 0.81, "size": 443.0}, {"op": "set", "side": "ask", "price": 0.01, "size": 667.0}]}
{"t": 1776976873.730138, "events": [{"op": "set", "side": "bid", "price": 0.93, "size": 1000.0}, {"op": "set", "side": "bid", "price": 0.92, "size": 2619.0}, {"op": "set", "side": "bid", "price": 0.81, "size": 284.0}, {"op": "set", "side": "ask", "price": 0.01, "size": 200.0}]}
{"t": 1776976876.771445, "events": [{"op": "set", "side": "bid", "price": 0.93, "size": 1478.0}, {"op": "set", "side": "bid", "price": 0.92, "size": 2937.0}, {"op": "set", "side": "bid", "price": 0.81, "size": 443.0}, {"op": "set", "side": "ask", "price": 0.01, "size": 667.0}]}
{"t": 1776977027.54447, "events": [{"op": "set", "side": "bid", "price": 0.93, "size": 1000.0}, {"op": "set", "side": "bid", "price": 0.92, "size": 2619.0}, {"op": "set", "side": "bid", "price": 0.81, "size": 284.0}, {"op": "set", "side": "ask", "price": 0.01, "size": 200.0}]}
{"t": 1776977031.587998, "events": [{"op": "set", "side": "bid", "price": 0.93, "size": 1478.0}, {"op": "set", "side": "bid", "price": 0.92, "size": 2937.0}, {"op": "set", "side": "bid", "price": 0.81, "size": 443.0}, {"op": "set", "side": "ask", "price": 0.01, "size": 667.0}]}
{"t": 1776977130.577865, "events": [{"op": "set", "side": "bid", "price": 0.93, "size": 1000.0}, {"op": "set", "side": "bid", "price": 0.92, "size": 2619.0}, {"op": "set", "side": "bid", "price": 0.81, "size": 284.0}, {"op": "set", "side": "ask", "price": 0.01, "size": 200.0}]}
{"t": 1776977273.756143, "events": [{"op": "set", "side": "bid", "price": 0.98, "size": 140.0}]}
{"t":1776978860.778573,"e":[[1,0,0.93,1375.0],[1,0,0.92,2869.0],[1,0,0.81,409.0],[1,1,0.01,667.0]]}
{"t":1776978869.856717,"e":[[1,0,0.93,1000.0],[1,0,0.92,2619.0],[1,0,0.81,284.0],[1,1,0.01,200.0]]}
{"t":1776978873.903151,"e":[[1,0,0.93,1375.0],[1,0,0.92,2869.0],[1,0,0.81,409.0],[1,1,0.01,667.0]]}
{"t":1776978909.223537,"e":[[1,0,0.93,1000.0],[1,0,0.92,2619.0],[1,0,0.81,284.0],[1,1,0.01,200.0]]}
{"t":1776978914.3329191,"e":[[1,0,0.93,1375.0],[1,0,0.92,2869.0],[1,0,0.81,409.0],[1,1,0.01,667.0]]}
{"t":1776978933.487251,"e":[[1,0,0.93,1000.0],[1,0,0.92,2619.0],[1,0,0.81,284.0],[1,1,0.01,200.0]]}
{"t":1776978934.500247,"e":[[1,0,0.93,1375.0],[1,0,0.92,2869.0],[1,0,0.81,409.0],[1,1,0.01,667.0]]}
{"t":1776978979.146398,"e":[[1,0,0.93,1000.0],[1,0,0.92,2619.0],[1,0,0.81,284.0],[1,1,0.01,200.0]]}
{"t":1776978983.1908631,"e":[[1,0,0.93,1375.0],[1,0,0.92,2869.0],[1,0,0.81,409.0],[1,1,0.01,667.0]]}
{"t":1776979006.375099,"e":[[1,0,0.93,1000.0],[1,0,0.92,2619.0],[1,0,0.81,284.0],[1,1,0.01,200.0]]}
{"t":1776979009.408774,"e":[[1,0,0.93,1375.0],[1,0,0.92,2869.0],[1,0,0.81,409.0],[1,1,0.01,667.0]]}
{"t":1776979021.503144,"e":[[1,0,0.93,1000.0],[1,0,0.92,2619.0],[1,0,0.81,284.0],[1,1,0.01,200.0]]}
{"t":1776979025.549849,"e":[[1,0,0.93,1375.0],[1,0,0.92,2869.0],[1,0,0.81,409.0],[1,1,0.01,667.0]]}
{"t":1776979081.134896,"e":[[1,0,0.93,1000.0],[1,0,0.92,2619.0],[1,0,0.81,284.0],[1,1,0.01,200.0]]}
{"t":1776979085.186368,"e":[[1,0,0.93,1375.0],[1,0,0.92,2869.0],[1,0,0.81,409.0],[1,1,0.01,667.0]]}
{"t":1776979102.3232388,"e":[[1,0,0.93,1000.0],[1,0,0.92,2619.0],[1,0,0.81,284.0],[1,1,0.01,200.0]]}
{"t":1776979106.3717089,"e":[[1,0,0.93,1375.0],[1,0,0.92,2869.0],[1,0,0.81,409.0],[1,1,0.01,667.0]]}
{"t":1776979111.404879,"e":[[1,0,0.93,1000.0],[1,0,0.92,2619.0],[1,0,0.81,284.0],[1,1,0.01,200.0]]}
{"t":1776979114.437589,"e":[[1,0,0.93,1375.0],[1,0,0.92,2869.0],[1,0,0.81,409.0],[1,1,0.01,667.0]]}
{"t":1776979130.556236,"e":[[1,0,0.93,1000.0],[1,0,0.92,2619.0],[1,0,0.81,284.0],[1,1,0.01,200.0]]}
{"t":1776979132.568574,"e":[[1,0,0.93,1375.0],[1,0,0.92,2869.0],[1,0,0.81,409.0],[1,1,0.01,667.0]]}
{"t":1776979135.5978959,"e":[[1,0,0.93,1000.0],[1,0,0.92,2619.0],[1,0,0.81,284.0],[1,1,0.01,200.0]]}
{"t":1776979138.624363,"e":[[1,0,0.93,1375.0],[1,0,0.92,2869.0],[1,0,0.81,409.0],[1,1,0.01,667.0]]}
{"t":1776979162.765724,"e":[[1,0,0.93,1000.0],[1,0,0.92,2619.0],[1,0,0.81,284.0],[1,1,0.01,200.0]]}
{"t":1776979166.8385139,"e":[[1,0,0.93,1375.0],[1,0,0.92,2869.0],[1,0,0.81,409.0],[1,1,0.01,667.0]]}
{"t":1776979208.261129,"e":[[1,0,0.93,1000.0],[1,0,0.92,2619.0],[1,0,0.81,284.0],[1,1,0.01,200.0]]}
{"t":1776979210.3045912,"e":[[1,0,0.93,1375.0],[1,0,0.92,2869.0],[1,0,0.81,409.0],[1,1,0.01,667.0]]}
{"t":1776979250.753281,"e":[[1,0,0.93,1000.0],[1,0,0.92,2619.0],[1,0,0.81,284.0],[1,1,0.01,200.0]]}
{"t":1776979251.799284,"e":[[1,0,0.93,1375.0],[1,0,0.92,2869.0],[1,0,0.81,409.0],[1,1,0.01,950.0]]}
{"t":1776979286.150522,"e":[[1,0,0.93,1000.0],[1,0,0.92,2619.0],[1,0,0.81,284.0],[1,1,0.01,200.0]]}
{"t":1776979289.188255,"e":[[1,0,0.93,1375.0],[1,0,0.92,2869.0],[1,0,0.81,409.0],[1,1,0.01,667.0]]}
{"t":1776979322.47595,"e":[[1,0,0.93,1000.0],[1,0,0.92,2619.0],[1,0,0.81,284.0],[1,1,0.01,200.0]]}
{"t":1776979327.535894,"e":[[1,0,0.93,1375.0],[1,0,0.92,2869.0],[1,0,0.81,409.0],[1,1,0.01,667.0]]}
{"t":1776979357.799739,"e":[[1,0,0.93,1000.0],[1,0,0.92,2619.0],[1,0,0.81,284.0],[1,1,0.01,200.0]]}
{"t":1776979358.815964,"e":[[1,0,0.93,1375.0],[1,0,0.92,2869.0],[1,0,0.81,409.0],[1,1,0.01,667.0]]}
{"t":1776979373.992595,"e":[[1,0,0.93,1000.0],[1,0,0.92,2619.0],[1,0,0.81,284.0],[1,1,0.01,200.0]]}
{"t":1776979377.03843,"e":[[1,0,0.93,1375.0],[1,0,0.92,2869.0],[1,0,0.81,409.0],[1,1,0.01,667.0]]}
{"t":1776979393.279681,"e":[[1,0,0.93,1000.0],[1,0,0.92,2619.0],[1,0,0.81,284.0],[1,1,0.01,200.0]]}
{"t":1776979397.3262699,"e":[[1,0,0.93,1375.0],[1,0,0.92,2869.0],[1,0,0.81,409.0],[1,1,0.01,667.0]]}
{"t":1776979404.426751,"e":[[1,0,0.93,1000.0],[1,0,0.92,2619.0],[1,0,0.81,284.0],[1,1,0.01,200.0]]}
{"t":1776979406.462188,"e":[[1,0,0.93,1375.0],[1,0,0.92,2869.0],[1,0,0.81,409.0],[1,1,0.01,667.0]]}
{"t":1776979421.670975,"e":[[1,0,0.93,1000.0],[1,0,0.92,2619.0],[1,0,0.81,284.0],[1,1,0.01,200.0]]}
{"t":1776979424.820554,"e":[[1,0,0.93,1375.0],[1,0,0.92,2869.0],[1,0,0.81,409.0],[1,1,0.01,667.0]]}
{"t":1776979440.0022578,"e":[[1,0,0.93,1000.0],[1,0,0.92,2619.0],[1,0,0.81,284.0],[1,1,0.01,200.0]]}
{"t":1776979443.037045,"e":[[1,0,0.93,1375.0],[1,0,0.92,2869.0],[1,0,0.81,409.0],[1,1,0.01,667.0]]}
{"t":1776979499.5889611,"e":[[1,0,0.93,1000.0],[1,0,0.92,2619.0],[1,0,0.81,284.0],[1,1,0.01,200.0]]}
{"t":1776979502.631507,"e":[[1,0,0.93,1375.0],[1,0,0.92,2869.0],[1,0,0.81,409.0],[1,1,0.01,667.0]]}
{"t":1776979636.021319,"e":[[1,0,0.93,1000.0],[1,0,0.92,2619.0],[1,0,0.81,284.0],[1,1,0.01,200.0]]}
{"t":1776979637.049831,"e":[[1,0,0.93,1375.0],[1,0,0.92,2869.0],[1,0,0.81,409.0],[1,1,0.01,667.0]]}
{"t":1776979641.110275,"e":[[1,0,0.93,1000.0],[1,0,0.92,2619.0],[1,0,0.81,284.0],[1,1,0.01,200.0]]}
{"t":1776979645.163307,"e":[[1,0,0.93,1375.0],[1,0,0.92,2869.0],[1,0,0.81,409.0],[1,1,0.01,667.0]]}
{"t":1776979673.505915,"e":[[1,0,0.93,1000.0],[1,0,0.92,2619.0],[1,0,0.81,284.0],[1,1,0.01,200.0]]}
{"t":1776979677.5577102,"e":[[1,0,0.93,1375.0],[1,0,0.92,2869.0],[1,0,0.81,409.0],[1,1,0.01,667.0]]}
{"t":1776979714.936487,"e":[[1,0,0.93,1000.0],[1,0,0.92,2619.0],[1,0,0.81,284.0],[1,1,0.01,200.0]]}
{"t":1776979717.9742022,"e":[[1,0,0.93,1375.0],[1,0,0.92,2869.0],[1,0,0.81,409.0],[1,1,0.01,667.0]]}
{"t":1776979736.216362,"e":[[1,0,0.93,1000.0],[1,0,0.92,2619.0],[1,0,0.81,284.0],[1,1,0.01,200.0]]}
{"t":1776979739.277498,"e":[[1,0,0.93,1375.0],[1,0,0.92,2869.0],[1,0,0.81,409.0],[1,1,0.01,667.0]]}
{"t":1776979820.0560918,"e":[[1,0,0.93,1000.0],[1,0,0.92,2619.0],[1,0,0.81,284.0],[1,1,0.01,200.0]]}
{"t":1776979824.103594,"e":[[1,0,0.93,1375.0],[1,0,0.92,2869.0],[1,0,0.81,409.0],[1,1,0.01,667.0]]}
{"t":1776979832.244597,"e":[[1,0,0.93,1000.0],[1,0,0.92,2619.0],[1,0,0.81,284.0],[1,1,0.01,200.0]]}
{"t":1776979835.291805,"e":[[1,0,0.93,1375.0],[1,0,0.92,2869.0],[1,0,0.81,409.0],[1,1,0.01,667.0]]}
{"t":1776979866.614618,"e":[[1,0,0.93,1000.0],[1,0,0.92,2619.0],[1,0,0.81,284.0],[1,1,0.01,200.0]]}
{"t":1776979871.663184,"e":[[1,0,0.93,1375.0],[1,0,0.92,2869.0],[1,0,0.81,409.0],[1,1,0.01,667.0]]}
{"t":1776979948.596159,"e":[[1,0,0.93,1000.0],[1,0,0.92,2619.0],[1,0,0.81,284.0],[1,1,0.01,200.0]]}
{"t":1776979951.6405408,"e":[[1,0,0.93,1375.0],[1,0,0.92,2869.0],[1,0,0.81,409.0],[1,1,0.01,667.0]]}
{"t":1776980002.208147,"e":[[1,0,0.93,1000.0],[1,0,0.92,2619.0],[1,0,0.81,284.0],[1,1,0.01,200.0]]}
{"t":1776980006.266819,"e":[[1,0,0.93,1375.0],[1,0,0.92,2869.0],[1,0,0.81,409.0],[1,1,0.01,667.0]]}
{"t":1776980031.561755,"e":[[1,0,0.93,1000.0],[1,0,0.92,2619.0],[1,0,0.81,284.0],[1,1,0.01,200.0]]}
{"t":1776980034.6140401,"e":[[1,0,0.93,1375.0],[1,0,0.92,2869.0],[1,0,0.81,409.0],[1,1,0.01,667.0]]}
{"t":1776980191.20354,"e":[[0,0,0.98],[1,1,0.02,299860.0]]}
{"t":1776980195.22635,"e":[[1,1,0.02,300610.0],[1,1,0.01,200.0]]}
{"t":1776980200.29224,"e":[[1,0,0.06,64.0]]}
{"t":1776980201.303828,"e":[[1,0,0.06,74.0]]}
{"t":1776980210.39988,"e":[[1,0,0.06,124.0]]}
{"t":1776980213.4667609,"e":[[1,0,0.89,30.0]]}
{"t":1776980216.500921,"e":[[1,0,0.92,2619.0],[1,0,0.93,1000.0],[1,0,0.81,284.0],[1,1,0.02,299860.0]]}
{"t":1776980220.563881,"e":[[1,0,0.92,2994.0],[1,0,0.89,280.0],[1,0,0.81,409.0],[1,1,0.02,300610.0]]}
{"t":1776980240.7703738,"e":[[1,0,0.95,505.0]]}
{"t":1776980339.870958,"e":[[1,0,0.92,2619.0],[1,0,0.89,30.0],[1,0,0.81,284.0],[1,1,0.02,299860.0]]}
{"t":1776980347.9774709,"e":[[1,0,0.92,2994.0],[1,0,0.89,280.0],[1,0,0.81,409.0],[1,1,0.02,300610.0]]}
{"t":1776980359.084876,"e":[[1,0,0.92,2619.0],[1,0,0.89,30.0],[1,0,0.81,284.0],[1,1,0.02,299860.0]]}
{"t":1776980362.116677,"e":[[1,0,0.92,2994.0],[1,0,0.89,280.0],[1,0,0.81,409.0],[1,1,0.02,300610.0]]}
{"t":1776980373.2507331,"e":[[1,1,0.02,500750.0]]}
{"t":1776980380.307494,"e":[[1,0,0.06,104.0]]}
{"t":1776980390.5004008,"e":[[1,0,0.89,250.0],[1,0,0.06,54.0]]}
{"t":1776980416.695222,"e":[[0,0,0.89]]}
{"t":1776980417.713616,"e":[[1,0,0.92,2869.0],[1,0,0.93,1375.0]]}
{"t":1776980428.823528,"e":[[1,0,0.92,2619.0],[1,0,0.93,1000.0],[1,0,0.81,284.0],[1,1,0.02,500000.0]]}
{"t":1776980431.865155,"e":[[1,0,0.92,2869.0],[1,0,0.93,1375.0],[1,0,0.81,409.0],[1,1,0.02,500750.0]]}
{"t":1776980438.9541829,"e":[[1,0,0.92,2619.0],[1,0,0.93,1000.0],[1,0,0.81,284.0],[1,1,0.02,500000.0]]}
{"t":1776980441.991785,"e":[[1,0,0.92,2869.0],[1,0,0.93,1375.0],[1,0,0.81,409.0],[1,1,0.02,500750.0]]}
{"t":1776980477.4416761,"e":[[1,0,0.95,455.0]]}
{"t":1776980488.560389,"e":[[1,0,0.92,2619.0],[1,0,0.93,1000.0],[1,0,0.81,284.0],[1,1,0.02,500000.0]]}
{"t":1776980490.596148,"e":[[1,0,0.92,2869.0],[1,0,0.93,1375.0],[1,0,0.81,409.0],[1,1,0.02,500750.0]]}
{"t":1776980524.08113,"e":[[1,0,0.92,2619.0],[1,0,0.93,1000.0],[1,0,0.81,284.0],[1,1,0.02,500000.0]]}
{"t":1776980525.100575,"e":[[1,0,0.92,2869.0],[1,0,0.93,1375.0],[1,0,0.81,409.0],[1,1,0.02,500750.0]]}
{"t":1776980562.5381172,"e":[[1,0,0.92,2619.0],[1,0,0.93,1000.0],[1,0,0.81,284.0],[1,1,0.02,500000.0]]}
{"t":1776980566.604689,"e":[[1,0,0.92,2869.0],[1,0,0.93,1375.0],[1,0,0.81,409.0],[1,1,0.02,500750.0]]}
{"t":1776980577.735656,"e":[[1,0,0.92,2619.0],[1,0,0.93,1000.0],[1,0,0.81,284.0],[1,1,0.02,500000.0]]}
{"t":1776980578.763276,"e":[[1,0,0.92,2869.0],[1,0,0.93,1375.0],[1,0,0.81,409.0],[1,1,0.02,500750.0]]}
{"t":1776980589.9223082,"e":[[1,0,0.92,2619.0],[1,0,0.93,1000.0],[1,0,0.81,284.0],[1,1,0.02,500000.0]]}
{"t":1776980592.981667,"e":[[1,0,0.92,2869.0],[1,0,0.93,1375.0],[1,0,0.81,409.0],[1,1,0.02,500750.0]]}
{"t":1776980758.610584,"e":[[0,0,0.97],[1,0,0.92,2619.0],[1,0,0.93,1000.0],[1,0,0.81,284.0],[0,1,0.02],[1,1,0.03,499440.0]]}
{"t":1776980763.703736,"e":[[1,0,0.92,2869.0],[1,0,0.81,409.0],[1,0,0.93,1375.0],[1,1,0.03,500190.0]]}
{"t":1776980779.886245,"e":[[1,0,0.92,2750.0]]}
{"t":1776980780.902285,"e":[[1,0,0.92,2797.0]]}
{"t":1776980800.0889301,"e":[[1,0,0.07,60.0]]}
{"t":1776980801.102257,"e":[[1,0,0.07,120.0]]}
{"t":1776980812.187648,"e":[[1,0,0.96,150.0]]}
{"t":1776980831.3393862,"e":[[1,0,0.92,2899.0]]}
{"t":1776980842.4296498,"e":[[1,0,0.92,2649.0],[1,0,0.93,1000.0],[1,0,0.81,284.0],[1,1,0.03,499440.0]]}
{"t":1776980845.4702349,"e":[[1,0,0.92,2899.0],[1,0,0.93,1375.0],[1,0,0.81,409.0],[1,1,0.03,500190.0]]}
{"t":1776980924.338638,"e":[[1,0,0.06,64.0]]}
{"t":1776980926.351095,"e":[[1,0,0.06,74.0]]}
{"t":1776980929.387115,"e":[[1,0,0.92,2649.0],[1,0,0.93,1000.0],[1,0,0.81,284.0],[1,1,0.03,499440.0]]}
{"t":1776980932.421974,"e":[[1,0,0.92,2899.0],[1,0,0.93,1375.0],[1,0,0.81,409.0],[1,1,0.03,500190.0]]}
{"t":1776980933.446186,"e":[[1,0,0.94,750.0]]}
{"t":1776980935.4678478,"e":[[1,0,0.06,124.0]]}
{"t":1776980937.495269,"e":[[1,0,0.88,30.0]]}
{"t":1776980942.557023,"e":[[0,0,0.96],[1,0,0.92,2649.0],[1,0,0.93,1000.0],[1,0,0.81,284.0],[1,1,0.03,499440.0]]}
{"t":1776980945.5937312,"e":[[1,0,0.92,3024.0],[1,0,0.88,280.0],[1,0,0.81,409.0],[1,1,0.03,500190.0]]}
{"t":1776980957.745952,"e":[[1,0,0.92,2649.0],[1,0,0.88,30.0],[1,0,0.81,284.0],[1,1,0.03,499440.0]]}
{"t":1776980960.798671,"e":[[1,0,0.92,3024.0],[1,0,0.88,280.0],[1,0,0.81,409.0],[1,1,0.03,500190.0]]}
{"t":1776980976.982363,"e":[[1,0,0.92,2649.0],[1,0,0.88,30.0],[1,0,0.81,284.0],[1,1,0.03,499440.0]]}
{"t":1776980980.029228,"e":[[0,0,0.07]]}
{"t":1776980981.055403,"e":[[1,0,0.92,3024.0],[1,0,0.88,280.0],[1,0,0.81,409.0],[1,1,0.03,500190.0]]}
{"t":1776980995.2883961,"e":[[1,0,0.92,2649.0],[1,0,0.88,30.0],[1,0,0.81,284.0],[1,1,0.03,499440.0]]}
{"t":1776980999.340385,"e":[[1,0,0.92,3024.0],[1,0,0.88,280.0],[1,0,0.81,409.0],[1,1,0.03,500190.0]]}
{"t":1776981008.444097,"e":[[1,0,0.92,2649.0],[1,0,0.88,30.0],[1,0,0.81,284.0],[1,1,0.03,499440.0]]}
{"t":1776981011.484992,"e":[[1,0,0.92,3024.0],[1,0,0.88,280.0],[1,0,0.81,409.0],[1,1,0.03,500190.0]]}
{"t":1776981018.585931,"e":[[1,0,0.92,2649.0],[1,0,0.88,30.0],[1,0,0.81,284.0],[1,1,0.03,499440.0]]}
{"t":1776981022.6689541,"e":[[1,0,0.92,3024.0],[1,0,0.88,280.0],[1,0,0.81,409.0],[1,1,0.03,500190.0]]}
{"t":1776981039.859245,"e":[[1,0,0.92,2649.0],[1,0,0.88,30.0],[1,0,0.81,284.0],[1,1,0.03,499440.0]]}
{"t":1776981043.911885,"e":[[1,0,0.92,3024.0],[1,0,0.88,280.0],[1,0,0.81,409.0],[1,1,0.03,500190.0]]}
{"t":1776981068.125785,"e":[[1,0,0.94,734.0]]}
{"t":1776981072.162536,"e":[[1,0,0.92,2649.0],[1,0,0.88,30.0],[1,0,0.81,284.0],[1,1,0.03,499440.0]]}
{"t":1776981074.199422,"e":[[1,0,0.92,3024.0],[1,0,0.88,280.0],[1,0,0.81,409.0],[1,1,0.03,500190.0]]}
{"t":1776981087.326062,"e":[[1,0,0.92,2649.0],[1,0,0.88,30.0],[1,0,0.81,284.0],[1,1,0.03,499440.0]]}
{"t":1776981088.35586,"e":[[1,0,0.92,3024.0],[1,0,0.88,280.0],[1,0,0.81,409.0],[1,1,0.03,500190.0]]}
{"t":1776981100.51648,"e":[[1,0,0.92,2649.0],[1,0,0.88,30.0],[1,0,0.81,284.0],[1,1,0.03,499440.0]]}
{"t":1776981102.5422,"e":[[1,0,0.92,3024.0],[1,0,0.88,280.0],[1,0,0.81,409.0],[1,1,0.03,500190.0]]}
{"t":1776981104.5739882,"e":[[1,0,0.06,104.0]]}
{"t":1776981113.689572,"e":[[1,0,0.88,250.0],[1,0,0.06,54.0]]}
{"t":1776981122.80204,"e":[[1,0,0.92,2899.0],[0,0,0.88]]}
{"t":1776981123.8184152,"e":[[1,0,0.93,1375.0]]}
{"t":1776981193.665442,"e":[[1,0,0.92,2649.0],[1,0,0.81,284.0],[1,0,0.93,1000.0],[1,1,0.03,499440.0]]}
{"t":1776981195.704865,"e":[[1,0,0.92,2899.0],[1,0,0.81,409.0],[1,0,0.93,1375.0],[1,1,0.03,500190.0]]}
{"t":1776981206.826984,"e":[[1,0,0.92,2649.0],[1,0,0.81,284.0],[1,0,0.93,1000.0],[1,1,0.03,499440.0]]}
{"t":1776981210.864474,"e":[[1,0,0.92,2899.0],[1,0,0.81,409.0],[1,0,0.93,1375.0],[1,1,0.03,500190.0]]}
{"t":1776981249.287044,"e":[[1,0,0.92,2649.0],[1,0,0.81,284.0],[1,0,0.93,1000.0],[1,1,0.03,499440.0]]}
{"t":1776981252.324728,"e":[[1,0,0.92,2899.0],[1,0,0.81,409.0],[1,0,0.93,1375.0],[1,1,0.03,500190.0]]}
{"t":1776981263.4313338,"e":[[1,0,0.92,2649.0],[1,0,0.81,284.0],[1,0,0.93,1000.0],[1,1,0.03,499440.0]]}
{"t":1776981265.4678552,"e":[[1,0,0.92,2899.0],[1,0,0.81,409.0],[1,0,0.93,1375.0],[1,1,0.03,500190.0]]}
{"t":1776981297.8282409,"e":[[1,0,0.92,2649.0],[1,0,0.81,284.0],[1,0,0.93,1000.0],[1,1,0.03,499440.0]]}
{"t":1776981304.938706,"e":[[0,0,0.06],[0,0,0.05],[1,0,0.07,10000.0],[1,0,0.02,52.0]]}
{"t":1776981442.324456,"e":[[1,0,0.92,2671.0]]}
{"t":1776981479.614638,"e":[[1,0,0.92,2632.0]]}
{"t":1776981492.7426581,"e":[[1,0,0.08,50.0],[0,0,0.02],[0,1,0.03]]}
{"t":1776981600.633235,"e":[[0,0,0.03]]}
{"t":1776981620.825872,"e":[[1,0,0.95,460.0]]}
{"t":1776981774.1160588,"e":[[1,0,0.92,2539.0]]}
{"t":1776981818.544209,"e":[[1,0,0.92,2641.0]]}
{"t":1776981824.612176,"e":[[1,0,0.95,455.0]]}
{"t":1776981852.879698,"e":[[1,0,0.92,2500.0]]}
{"t":1776981853.88701,"e":[[1,0,0.92,2602.0]]}
{"t":1776982161.82668,"e":[[1,0,0.95,460.0]]}
{"t":1776982171.903753,"e":[[1,0,0.92,2619.0]]}
{"t":1776982175.951363,"e":[[1,0,0.95,455.0]]}
{"t":1776982450.493593,"e":[[1,0,0.95,460.0]]}
{"t":1776982633.084568,"e":[[1,0,0.95,455.0]]}
{"t":1776982832.901601,"e":[[1,0,0.92,2602.0]]}
{"t":1776982835.930455,"e":[[1,0,0.92,2500.0]]}
{"t":1776983040.314316,"e":[[1,0,0.95,460.0]]}
{"t":1776983234.169905,"e":[[1,0,0.95,455.0]]}
{"t":1776983681.510493,"e":[[1,0,0.95,460.0]]}
{"t":1776983810.728238,"e":[[1,0,0.95,455.0]]}
{"t":1776984245.001046,"e":[[1,0,0.95,705.0]]}
{"t":1776984247.017746,"e":[[1,0,0.95,710.0]]}
{"t":1776984529.9166489,"e":[[1,0,0.92,2602.0]]}
{"t":1776984789.311601,"e":[[1,0,0.96,5000.0]]}
{"t":1776984875.1299782,"e":[[1,0,0.97,101.0]]}
{"t":1776984983.046242,"e":[[1,0,0.92,2622.0]]}
{"t":1776985117.152566,"e":[[1,0,0.95,705.0]]}
{"t":1776985732.670166,"e":[[1,0,0.92,2602.0]]}
{"t":1776985743.7749188,"e":[[1,0,0.92,2500.0]]}
{"t":1776986079.7892532,"e":[[0,0,0.07],[1,0,0.09,10000.0]]}
{"t":1776986158.438067,"e":[[1,0,0.6,15.0],[1,0,0.1,41.0],[0,0,0.08],[1,1,0.01,184.86]]}
{"t":1776986207.85724,"e":[[1,0,0.95,455.0]]}
{"t":1776986313.663645,"e":[[1,0,0.92,2550.0],[1,0,0.81,318.0],[1,0,0.6,32.0],[1,1,0.01,434.86]]}
{"t":1776986363.351876,"e":[[1,0,0.92,2500.0],[1,0,0.81,284.0],[1,0,0.6,15.0],[1,1,0.01,184.86]]}
{"t":1776986365.405177,"e":[[1,0,0.92,2550.0],[1,0,0.81,318.0],[1,0,0.6,32.0],[1,1,0.01,434.86]]}
{"t":1776986383.65274,"e":[[1,0,0.92,2500.0],[1,0,0.81,284.0],[1,0,0.6,15.0],[1,1,0.01,184.86]]}
{"t":1776986384.680605,"e":[[1,0,0.92,2550.0],[1,0,0.81,318.0],[1,0,0.6,32.0],[1,1,0.01,434.86]]}
{"t":1776986397.8622699,"e":[[1,0,0.92,2500.0],[1,0,0.81,284.0],[1,0,0.6,15.0],[1,1,0.01,184.86]]}
{"t":1776986401.9132118,"e":[[1,0,0.92,2550.0],[1,0,0.81,318.0],[1,0,0.6,32.0],[1,1,0.01,434.86]]}
{"t":1776986419.158252,"e":[[1,0,0.92,2500.0],[1,0,0.81,284.0],[1,0,0.6,15.0],[1,1,0.01,184.86]]}
{"t":1776986421.196193,"e":[[1,0,0.92,2550.0],[1,0,0.81,318.0],[1,0,0.6,32.0],[1,1,0.01,434.86]]}
{"t":1776986437.380849,"e":[[1,0,0.92,2500.0],[1,0,0.81,284.0],[1,0,0.6,15.0],[1,1,0.01,184.86]]}
{"t":1776986439.423061,"e":[[1,0,0.92,2550.0],[1,0,0.81,318.0],[1,0,0.6,32.0],[1,1,0.01,434.86]]}
{"t":1776986469.807368,"e":[[1,0,0.92,2502.0],[1,0,0.81,284.0],[1,0,0.6,15.0],[1,1,0.01,184.86]]}
{"t":1776986472.854091,"e":[[1,0,0.92,2552.0],[1,0,0.81,318.0],[1,0,0.6,32.0],[1,1,0.01,434.86]]}
{"t":1776986494.109504,"e":[[1,0,0.92,2500.0],[1,0,0.81,284.0],[1,0,0.6,15.0],[1,1,0.01,184.86]]}
{"t":1776986496.1457589,"e":[[1,0,0.92,2552.0],[1,0,0.81,318.0],[1,0,0.6,32.0],[1,1,0.01,434.86]]}
{"t":1776986534.6683981,"e":[[1,0,0.92,2500.0],[1,0,0.81,284.0],[1,0,0.6,15.0],[1,1,0.01,184.86]]}
{"t":1776986537.7171562,"e":[[1,0,0.92,2552.0],[1,0,0.81,318.0],[1,0,0.6,32.0],[1,1,0.01,434.86]]}
{"t":1776986559.0023339,"e":[[1,0,0.81,319.0],[1,0,0.6,33.0]]}
{"t":1776986573.241257,"e":[[1,0,0.92,2500.0],[1,0,0.81,284.0],[1,0,0.6,15.0],[1,1,0.01,184.86]]}
{"t":1776986574.2613492,"e":[[1,0,0.92,2552.0],[1,0,0.81,319.0],[1,0,0.6,33.0],[1,1,0.01,434.86]]}
{"t":1776986579.318312,"e":[[1,0,0.92,2500.0],[1,0,0.81,284.0],[1,0,0.6,15.0],[1,1,0.01,184.86]]}
{"t":1776986581.3651452,"e":[[1,0,0.92,2552.0],[1,0,0.81,319.0],[1,0,0.6,33.0],[1,1,0.01,434.86]]}
{"t":1776986611.712325,"e":[[1,0,0.97,69.78999999999999]]}
{"t":1776986616.7510378,"e":[[1,0,0.92,2585.0],[1,0,0.81,341.0],[1,0,0.6,44.0]]}
{"t":1776986627.8835242,"e":[[1,0,0.97,1069.79],[1,0,0.98,13.0]]}
{"t":1776986638.990588,"e":[[1,0,0.92,2625.0],[1,0,0.81,367.0],[1,0,0.6,57.0]]}
{"t":1776986659.255121,"e":[[1,0,0.92,2500.0],[1,0,0.81,284.0],[1,0,0.6,15.0],[1,1,0.01,184.86]]}
{"t":1776986661.2968,"e":[[1,0,0.92,2625.0],[1,0,0.81,367.0],[1,0,0.6,57.0],[1,1,0.01,406.86]]}
{"t":1776986680.548555,"e":[[1,0,0.92,2500.0],[1,0,0.81,284.0],[1,0,0.6,15.0],[1,1,0.01,184.86]]}
{"t":1776986682.5754209,"e":[[1,0,0.92,2625.0],[1,0,0.81,367.0],[1,0,0.6,57.0],[1,1,0.01,406.86]]}
{"t":1776986705.846477,"e":[[1,0,0.92,2500.0],[1,0,0.81,284.0],[1,0,0.6,15.0],[1,1,0.01,184.86]]}
{"t":1776986709.9064,"e":[[1,0,0.92,2625.0],[1,0,0.81,367.0],[1,0,0.6,57.0],[1,1,0.01,406.86]]}
{"t":1776986729.172899,"e":[[1,0,0.92,2500.0],[1,0,0.81,284.0],[1,0,0.6,15.0],[1,1,0.01,184.86]]}
{"t":1776986733.2222269,"e":[[1,0,0.92,2625.0],[1,0,0.81,367.0],[1,0,0.6,57.0],[1,1,0.01,408.86]]}
{"t":1776986832.4536839,"e":[[1,0,0.92,2500.0],[1,0,0.81,284.0],[1,0,0.6,15.0],[1,1,0.01,184.86]]}
{"t":1776986837.5276139,"e":[[1,0,0.6,57.0]]}
{"t":1776986838.5462232,"e":[[1,0,0.92,2625.0],[1,0,0.81,367.0],[1,1,0.01,425.86]]}
{"t":1776986869.923723,"e":[[1,0,0.92,2500.0],[1,0,0.81,284.0],[1,0,0.6,15.0],[1,1,0.01,184.86]]}
{"t":1776986872.010302,"e":[[1,0,0.92,2625.0],[1,0,0.81,367.0],[1,0,0.6,57.0],[1,1,0.01,431.86]]}
{"t":1776986886.168145,"e":[[1,0,0.92,2500.0],[1,0,0.81,284.0],[1,0,0.6,15.0],[1,1,0.01,184.86]]}
{"t":1776986888.2016718,"e":[[1,0,0.92,2625.0],[1,0,0.81,367.0],[1,0,0.6,57.0],[1,1,0.01,433.86]]}
{"t":1776986915.520103,"e":[[1,0,0.92,2500.0],[1,0,0.81,284.0],[1,0,0.6,15.0],[1,1,0.01,184.86]]}
{"t":1776986920.597632,"e":[[1,0,0.92,2625.0],[1,0,0.81,367.0],[1,0,0.6,57.0],[1,1,0.01,434.86]]}
{"t":1776986942.903061,"e":[[1,0,0.92,2500.0],[1,0,0.81,284.0],[1,0,0.6,15.0],[1,1,0.01,184.86]]}
{"t":1776986946.9656582,"e":[[1,0,0.92,2625.0],[1,0,0.81,367.0],[1,0,0.6,57.0],[1,1,0.01,434.86]]}
{"t":1776986947.983878,"e":[[1,0,0.92,2500.0],[1,0,0.81,284.0],[1,0,0.6,15.0],[1,1,0.01,184.86]]}
{"t":1776986953.052672,"e":[[1,0,0.92,2625.0],[1,0,0.81,367.0],[1,0,0.6,57.0],[1,1,0.01,434.86]]}
{"t":1776986964.188865,"e":[[1,0,0.92,2500.0],[1,0,0.81,284.0],[1,0,0.6,15.0],[1,1,0.01,184.86]]}
{"t":1776986966.217751,"e":[[1,0,0.92,2625.0],[1,0,0.81,367.0],[1,0,0.6,57.0],[1,1,0.01,434.86]]}
{"t":1776986970.258007,"e":[[1,0,0.92,2500.0],[1,0,0.81,284.0],[1,0,0.6,15.0],[1,1,0.01,184.86]]}
{"t":1776986971.275799,"e":[[1,0,0.92,2625.0],[1,0,0.81,367.0],[1,0,0.6,57.0],[1,1,0.01,434.86]]}
{"t":1776986979.398657,"e":[[1,0,0.92,2500.0],[1,0,0.81,284.0],[1,0,0.6,15.0],[1,1,0.01,184.86]]}
{"t":1776986982.427562,"e":[[1,0,0.92,2625.0],[1,0,0.81,367.0],[1,0,0.6,57.0],[1,1,0.01,434.86]]}
{"t":1776986996.63327,"e":[[1,0,0.92,2500.0],[1,0,0.81,284.0],[1,0,0.6,15.0],[1,1,0.01,184.86]]}
{"t":1776986997.66156,"e":[[1,0,0.92,2625.0],[1,0,0.81,367.0],[1,0,0.6,57.0],[1,1,0.01,434.86]]}
{"t":1776987014.9143271,"e":[[0,0,0.98]]}
{"t":1776987015.925031,"e":[[1,0,0.92,2575.0],[1,0,0.81,334.0],[1,0,0.6,40.0]]}
{"t":1776987018.970339,"e":[[1,0,0.92,2589.0],[1,0,0.81,343.0],[1,0,0.6,45.0]]}
{"t":1776987025.040277,"e":[[1,0,0.92,2575.0],[1,0,0.81,334.0]]}
{"t":1776987026.0629911,"e":[[1,0,0.92,2590.0],[1,0,0.81,344.0]]}
{"t":1776987043.294888,"e":[[1,0,0.81,60.0]]}
{"t":1776987048.358567,"e":[[1,0,0.93,1061.0],[1,0,0.92,2541.0],[0,0,0.81],[1,0,0.6,35.0]]}
{"t":1776987056.464906,"e":[[1,0,0.93,1062.0],[1,0,0.6,36.0]]}
{"t":1776987079.743087,"e":[[1,0,0.93,1000.0],[1,0,0.92,2500.0],[1,0,0.6,15.0],[1,1,0.01,184.86]]}
{"t":1776987080.771084,"e":[[1,0,0.93,1125.0],[1,0,0.92,2583.0],[1,0,0.6,57.0],[1,1,0.01,434.86]]}
{"t":1776987085.8436558,"e":[[1,0,0.93,1062.0],[1,0,0.92,2542.0],[1,0,0.6,36.0]]}
{"t":1776987110.3485508,"e":[[1,0,0.93,1063.0]]}
{"t":1776987127.571431,"e":[[1,0,0.93,1000.0],[1,0,0.92,2500.0],[1,0,0.6,15.0],[1,1,0.01,184.86]]}
{"t":1776987128.5982761,"e":[[1,0,0.93,1063.0],[1,0,0.92,2542.0],[1,0,0.6,36.0],[1,1,0.01,396.86]]}
{"t":1776987131.655811,"e":[[1,0,0.93,1000.0],[1,0,0.92,2500.0],[1,0,0.6,15.0],[1,1,0.01,184.86]]}
{"t":1776987135.711443,"e":[[1,0,0.93,1064.0],[1,0,0.92,2542.0],[1,0,0.6,36.0],[1,1,0.01,396.86]]}
{"t":1776987144.8593578,"e":[[1,0,0.93,1000.0],[1,0,0.92,2500.0],[1,0,0.6,15.0],[1,1,0.01,184.86]]}
{"t":1776987148.931984,"e":[[1,0,0.93,1064.0],[1,0,0.92,2542.0],[1,0,0.6,36.0],[1,1,0.01,396.86]]}
{"t":1776987160.081635,"e":[[1,0,0.92,2543.0],[1,0,0.6,37.0]]}
{"t":1776987167.189208,"e":[[1,0,0.92,2542.0],[1,0,0.6,36.0]]}
{"t":1776987184.413047,"e":[[1,0,0.93,1063.0]]}
{"t":1776987205.630925,"e":[[1,0,0.93,1062.0]]}
{"t":1776987208.6758132,"e":[[1,0,0.93,1000.0],[1,0,0.92,2500.0],[1,0,0.6,15.0],[1,1,0.01,184.86]]}
{"t":1776987211.718431,"e":[[1,0,0.93,1062.0],[1,0,0.92,2542.0],[1,0,0.6,36.0],[1,1,0.01,405.86]]}
{"t":1776987227.918834,"e":[[1,0,0.92,2541.0]]}
{"t":1776987254.232445,"e":[[1,0,0.93,1061.0],[1,0,0.6,35.0]]}
{"t":1776987268.385867,"e":[[1,0,0.93,1000.0],[1,0,0.92,2500.0],[1,0,0.6,15.0],[1,1,0.01,184.86]]}
{"t":1776987271.432161,"e":[[1,0,0.93,1061.0],[1,0,0.92,2541.0],[1,0,0.6,35.0],[1,1,0.01,415.86]]}
{"t":1776987285.60138,"e":[[1,0,0.92,2540.0]]}
{"t":1776987307.884866,"e":[[1,0,0.93,1000.0],[1,0,0.92,2500.0],[1,0,0.6,15.0],[1,1,0.01,184.86]]}
{"t":1776987308.906742,"e":[[1,0,0.93,1061.0],[1,0,0.92,2540.0],[1,0,0.6,35.0],[1,1,0.01,421.86]]}
{"t":1776987317.0173628,"e":[[1,0,0.93,1000.0],[1,0,0.92,2500.0],[1,0,0.6,15.0],[1,1,0.01,184.86]]}
{"t":1776987318.03879,"e":[[1,0,0.93,1061.0],[1,0,0.92,2540.0],[1,0,0.6,35.0],[1,1,0.01,423.86]]}
{"t":1776987328.168305,"e":[[1,0,0.93,1060.0]]}
{"t":1776987362.556312,"e":[[1,0,0.93,1000.0],[1,0,0.92,2500.0],[1,0,0.6,15.0],[1,1,0.01,184.86]]}
{"t":1776987366.622816,"e":[[1,0,0.93,1060.0],[1,0,0.92,2540.0],[1,0,0.6,35.0],[1,1,0.01,431.86]]}
{"t":1776987388.8948748,"e":[[1,0,0.93,1000.0],[1,0,0.92,2500.0],[1,0,0.6,15.0],[1,1,0.01,184.86]]}
{"t":1776987392.957681,"e":[[1,0,0.93,1059.0],[1,0,0.92,2540.0],[1,0,0.6,35.0],[1,1,0.01,434.86]]}
{"t":1776987480.037149,"e":[[1,0,0.93,1000.0],[1,0,0.92,2500.0],[1,0,0.6,15.0],[1,1,0.01,184.86]]}
{"t":1776987481.0704799,"e":[[1,0,0.93,1125.0],[1,0,0.92,2583.0],[1,0,0.6,57.0],[1,1,0.01,434.86]]}
{"t":1776987483.109153,"e":[[1,0,0.93,1060.0],[1,0,0.92,2540.0],[1,0,0.6,35.0]]}
{"t":1776987509.499563,"e":[[1,0,0.93,1000.0],[1,0,0.92,2500.0],[1,0,0.6,15.0],[1,1,0.01,184.86]]}
{"t":1776987512.555327,"e":[[1,0,0.93,1060.0],[1,0,0.92,2540.0],[1,0,0.6,35.0],[1,1,0.01,434.86]]}
{"t":1776987546.0651488,"e":[[1,0,0.93,1000.0],[1,0,0.92,2500.0],[1,0,0.6,15.0],[1,1,0.01,184.86]]}
{"t":1776987548.090229,"e":[[1,0,0.93,1061.0],[1,0,0.92,2540.0],[1,0,0.6,35.0],[1,1,0.01,434.86]]}
{"t":1776987565.324453,"e":[[1,0,0.93,1000.0],[1,0,0.92,2500.0],[1,0,0.6,15.0],[1,1,0.01,184.86]]}
{"t":1776987568.358059,"e":[[1,0,0.93,1061.0],[1,0,0.92,2540.0],[1,0,0.6,35.0],[1,1,0.01,434.86]]}
{"t":1776987570.385914,"e":[[1,0,0.93,1000.0],[1,0,0.92,2500.0],[1,0,0.6,15.0],[1,1,0.01,184.86]]}
{"t":1776987571.411482,"e":[[1,0,0.93,1125.0],[1,0,0.92,2583.0],[1,0,0.6,57.0],[1,1,0.01,434.86]]}
{"t":1776987575.4554582,"e":[[1,0,0.93,1061.0],[1,0,0.92,2540.0],[1,0,0.6,35.0]]}
{"t":1776987577.4838452,"e":[[1,0,0.93,1000.0],[1,0,0.92,2500.0],[1,0,0.6,15.0],[1,1,0.01,184.86]]}
{"t":1776987579.517474,"e":[[1,0,0.93,1061.0],[1,0,0.92,2540.0],[1,0,0.6,35.0],[1,1,0.01,434.86]]}
{"t":1776987584.5848262,"e":[[1,0,0.92,2541.0]]}
{"t":1776987586.6072462,"e":[[1,0,0.93,1000.0],[1,0,0.92,2500.0],[1,0,0.6,15.0],[1,1,0.01,184.86]]}
{"t":1776987587.619329,"e":[[1,0,0.93,1061.0],[1,0,0.92,2541.0],[1,0,0.6,35.0],[1,1,0.01,434.86]]}
{"t":1776987593.725282,"e":[[1,0,0.93,1000.0],[1,0,0.92,2500.0],[1,0,0.6,15.0],[1,1,0.01,184.86]]}
{"t":1776987594.758166,"e":[[1,0,0.93,1061.0],[1,0,0.92,2541.0],[1,0,0.6,35.0],[1,1,0.01,434.86]]}
{"t":1776987615.007124,"e":[[1,0,0.93,1062.0],[1,0,0.6,36.0]]}
{"t":1776987620.079356,"e":[[1,0,0.93,1000.0],[1,0,0.92,2500.0],[1,0,0.6,15.0],[1,1,0.01,184.86]]}
{"t":1776987622.1203682,"e":[[1,0,0.93,1062.0],[1,0,0.92,2541.0],[1,0,0.6,36.0],[1,1,0.01,434.86]]}
{"t":1776987637.292694,"e":[[1,0,0.92,2542.0]]}
{"t":1776987647.358795,"e":[[1,0,0.93,1000.0],[1,0,0.92,2500.0],[1,0,0.6,15.0],[1,1,0.01,184.86]]}
{"t":1776987648.369152,"e":[[1,0,0.93,1062.0],[1,0,0.92,2542.0],[1,0,0.6,36.0],[1,1,0.01,434.86]]}
{"t":1776987655.4332852,"e":[[1,0,0.93,1000.0],[1,0,0.92,2500.0],[1,0,0.6,15.0],[1,1,0.01,184.86]]}
