{"t": 1776975878.59487, "events": [{"op": "set", "side": "ask", "price": 0.8, "size": 5.0}, {"op": "set", "side": "ask", "price": 0.85, "size": 5.0}, {"op": "delete", "side": "ask", "price": 0.86}]}
{"t": 1776975882.637974, "events": [{"op": "set", "side": "ask", "price": 0.8, "size": 240.0}, {"op": "set", "side": "ask", "price": 0.85, "size": 383.0}, {"op": "set", "side": "ask", "price": 0.86, "size": 41.0}]}
{"t": 1776975914.8911412, "events": [{"op": "set", "side": "ask", "price": 0.8, "size": 241.0}, {"op": "set", "side": "ask", "price": 0.85, "size": 384.0}]}
{"t": 1776975940.061205, "events": [{"op": "set", "side": "ask", "price": 0.8, "size": 5.0}, {"op": "set", "side": "ask", "price": 0.85, "size": 5.0}, {"op": "delete", "side": "ask", "price": 0.86}]}
{"t": 1776975942.095907, "events": [{"op": "set", "side": "ask", "price": 0.8, "size": 241.0}, {"op": "set", "side": "ask", "price": 0.85, "size": 384.0}, {"op": "set", "side": "ask", "price": 0.86, "size": 41.0}]}
{"t": 1776975951.2976189, "events": [{"op": "set", "side": "ask", "price": 0.8, "size": 5.0}, {"op": "set", "side": "ask", "price": 0.85, "size": 5.0}, {"op": "delete", "side": "ask", "price": 0.86}]}
{"t": 1776975954.332581, "events": [{"op": "set", "side": "ask", "price": 0.8, "size": 241.0}, {"op": "set", "side": "ask", "price": 0.85, "size": 385.0}, {"op": "set", "side": "ask", "price": 0.86, "size": 41.0}]}
{"t": 1776975989.593303, "events": [{"op": "set", "side": "ask", "price": 0.8, "size": 242.0}]}
{"t": 1776976002.718677, "events": [{"op": "set", "side": "ask", "price": 0.85, "size": 386.0}]}
{"t": 1776976044.185159, "events": [{"op": "set", "side": "ask", "price": 0.8, "size": 5.0}, {"op": "set", "side": "ask", "price": 0.85, "size": 5.0}, {"op": "delete", "side": "ask", "price": 0.86}]}
{"t": 1776976047.209746, "events": [{"op": "set", "side": "ask", "price": 0.8, "size": 242.0}, {"op": "set", "side": "ask", "price": 0.85, "size": 386.0}, {"op": "set", "side": "ask", "price": 0.86, "size": 41.0}]}
{"t": 1776976058.306615, "events": [{"op": "set", "side": "ask", "price": 0.8, "size": 5.0}, {"op": "set", "side": "ask", "price": 0.85, "size": 5.0}, {"op": "delete", "side": "ask", "price": 0.86}]}
{"t": 1776976061.337662, "events": [{"op": "set", "side": "ask", "price": 0.8, "size": 242.0}, {"op": "set", "side": "ask", "price": 0.85, "size": 386.0}, {"op": "set", "side": "ask", "price": 0.86, "size": 41.0}]}
{"t": 1776976066.397533, "events": [{"op": "set", "side": "ask", "price": 0.85, "size": 387.0}]}
{"t": 1776976078.494921, "events": [{"op": "set", "side": "ask", "price": 0.8, "size": 243.0}]}
{"t": 1776976085.548361, "events": [{"op": "set", "side": "ask", "price": 0.8, "size": 5.0}, {"op": "set", "side": "ask", "price": 0.85, "size": 5.0}, {"op": "delete", "side": "ask", "price": 0.86}]}
{"t": 1776976088.582797, "events": [{"op": "set", "side": "ask", "price": 0.8, "size": 243.0}, {"op": "set", "side": "ask", "price": 0.85, "size": 387.0}, {"op": "set", "side": "ask", "price": 0.86, "size": 41.0}]}
{"t": 1776976128.8931751, "events": [{"op": "set", "side": "ask", "price": 0.85, "size": 388.0}]}
{"t": 1776976135.934583, "events": [{"op": "set", "side": "ask", "price": 0.8, "size": 5.0}, {"op": "set", "side": "ask", "price": 0.85, "size": 5.0}, {"op": "delete", "side": "ask", "price": 0.86}]}
{"t": 1776976138.9725718, "events": [{"op": "set", "side": "ask", "price": 0.8, "size": 243.0}, {"op": "set", "side": "ask", "price": 0.85, "size": 388.0}, {"op": "set", "side": "ask", "price": 0.86, "size": 41.0}]}
{"t": 1776976152.035327, "events": [{"op": "set", "side": "ask", "price": 0.8, "size": 5.0}, {"op": "set", "side": "ask", "price": 0.85, "size": 5.0}, {"op": "delete", "side": "ask", "price": 0.86}]}
{"t": 1776976154.063997, "events": [{"op": "set", "side": "ask", "price": 0.8, "size": 246.0}, {"op": "set", "side": "ask", "price": 0.85, "size": 393.0}, {"op": "set", "side": "ask", "price": 0.86, "size": 42.0}]}
{"t": 1776976173.230133, "events": [{"op": "set", "side": "ask", "price": 0.8, "size": 250.0}, {"op": "set", "side": "ask", "price": 0.85, "size": 399.0}]}
{"t": 1776976175.24962, "events": [{"op": "set", "side": "ask", "price": 0.8, "size": 246.0}]}
{"t": 1776976177.2679732, "events": [{"op": "set", "side": "ask", "price": 0.8, "size": 251.0}]}
{"t": 1776976197.420757, "events": [{"op": "set", "side": "ask", "price": 0.8, "size": 246.0}, {"op": "set", "side": "ask", "price": 0.85, "size": 393.0}]}
{"t": 1776976198.435571, "events": [{"op": "set", "side": "ask", "price": 0.8, "size": 255.0}, {"op": "set", "side": "ask", "price": 0.85, "size": 406.0}, {"op": "set", "side": "ask", "price": 0.86, "size": 43.0}]}
{"t": 1776976204.476952, "events": [{"op": "set", "side": "ask", "price": 0.8, "size": 5.0}, {"op": "set", "side": "ask", "price": 0.85, "size": 5.0}, {"op": "delete", "side": "ask", "price": 0.86}]}
{"t": 1776976207.508864, "events": [{"op": "set", "side": "ask", "price": 0.8, "size": 257.0}, {"op": "set", "side": "ask", "price": 0.85, "size": 410.0}, {"op": "set", "side": "ask", "price": 0.86, "size": 44.0}]}
{"t": 1776976215.5757089, "events": [{"op": "set", "side": "ask", "price": 0.8, "size": 258.0}, {"op": "set", "side": "ask", "price": 0.85, "size": 411.0}]}
{"t": 1776976217.597552, "events": [{"op": "set", "side": "ask", "price": 0.8, "size": 257.0}, {"op": "set", "side": "ask", "price": 0.85, "size": 410.0}]}
{"t": 1776976218.6080482, "events": [{"op": "set", "side": "ask", "price": 0.8, "size": 259.0}, {"op": "set", "side": "ask", "price": 0.85, "size": 412.0}]}
{"t": 1776976222.6332319, "events": [{"op": "set", "side": "ask", "price": 0.8, "size": 260.0}, {"op": "set", "side": "ask", "price": 0.85, "size": 413.0}]}
{"t": 1776976254.822479, "events": [{"op": "set", "side": "ask", "price": 0.8, "size": 257.0}, {"op": "set", "side": "ask", "price": 0.85, "size": 410.0}]}
{"t": 1776976255.835129, "events": [{"op": "set", "side": "ask", "price": 0.8, "size": 266.0}, {"op": "set", "side": "ask", "price": 0.85, "size": 424.0}, {"op": "set", "side": "ask", "price": 0.86, "size": 45.0}]}
{"t": 1776976259.875783, "events": [{"op": "set", "side": "ask", "price": 0.8, "size": 257.0}, {"op": "set", "side": "ask", "price": 0.85, "size": 410.0}]}
{"t": 1776976260.885631, "events": [{"op": "set", "side": "ask", "price": 0.8, "size": 267.0}, {"op": "set", "side": "ask", "price": 0.85, "size": 425.0}]}
{"t": 1776976276.0147579, "events": [{"op": "set", "side": "ask", "price": 0.8, "size": 257.0}, {"op": "set", "side": "ask", "price": 0.85, "size": 410.0}, {"op": "set", "side": "ask", "price": 0.86, "size": 44.0}]}
{"t": 1776976277.039475, "events": [{"op": "set", "side": "ask", "price": 0.8, "size": 270.0}, {"op": "set", "side": "ask", "price": 0.85, "size": 430.0}, {"op": "set", "side": "ask", "price": 0.86, "size": 47.0}]}
{"t": 1776976280.070851, "events": [{"op": "set", "side": "ask", "price": 0.85, "size": 410.0}]}
{"t": 1776976281.087897, "events": [{"op": "set", "side": "ask", "price": 0.85, "size": 431.0}]}
{"t": 1776976285.139929, "events": [{"op": "set", "side": "ask", "price": 0.8, "size": 5.0}, {"op": "set", "side": "ask", "price": 0.85, "size": 5.0}, {"op": "delete", "side": "ask", "price": 0.86}]}
{"t": 1776976287.161626, "events": [{"op": "set", "side": "ask", "price": 0.8, "size": 271.0}, {"op": "set", "side": "ask", "price": 0.85, "size": 434.0}, {"op": "set", "side": "ask", "price": 0.86, "size": 47.0}]}
{"t": 1776976301.276474, "events": [{"op": "set", "side": "ask", "price": 0.8, "size": 5.0}, {"op": "set", "side": "ask", "price": 0.85, "size": 5.0}, {"op": "delete", "side": "ask", "price": 0.86}]}
{"t": 1776976304.313708, "events": [{"op": "set", "side": "ask", "price": 0.8, "size": 275.0}, {"op": "set", "side": "ask", "price": 0.85, "size": 439.0}, {"op": "set", "side": "ask", "price": 0.86, "size": 47.0}]}
{"t": 1776976307.3653572, "events": [{"op": "set", "side": "ask", "price": 0.86, "size": 48.0}]}
{"t": 1776976324.50117, "events": [{"op": "set", "side": "ask", "price": 0.8, "size": 279.0}, {"op": "set", "side": "ask", "price": 0.85, "size": 443.0}]}
{"t": 1776976332.56369, "events": [{"op": "set", "side": "ask", "price": 0.8, "size": 275.0}, {"op": "set", "side": "ask", "price": 0.85, "size": 439.0}]}
{"t": 1776976333.587355, "events": [{"op": "set", "side": "ask", "price": 0.8, "size": 280.0}, {"op": "set", "side": "ask", "price": 0.85, "size": 446.0}]}
{"t": 1776976334.603316, "events": [{"op": "set", "side": "ask", "price": 0.85, "size": 439.0}]}
{"t": 1776976336.625223, "events": [{"op": "set", "side": "ask", "price": 0.85, "size": 447.0}]}
{"t": 1776976339.6474261, "events": [{"op": "set", "side": "ask", "price": 0.8, "size": 275.0}, {"op": "set", "side": "ask", "price": 0.85, "size": 439.0}]}
{"t": 1776976340.6580539, "events": [{"op": "set", "side": "ask", "price": 0.8, "size": 11.0}, {"op": "set", "side": "ask", "price": 0.85, "size": 14.0}, {"op": "delete", "side": "ask", "price": 0.86}]}
{"t": 1776976343.692986, "events": [{"op": "set", "side": "ask", "price": 0.8, "size": 281.0}, {"op": "set", "side": "ask", "price": 0.85, "size": 449.0}, {"op": "set", "side": "ask", "price": 0.86, "size": 49.0}]}
{"t": 1776976344.703347, "events": [{"op": "set", "side": "ask", "price": 0.8, "size": 5.0}, {"op": "set", "side": "ask", "price": 0.85, "size": 5.0}, {"op": "delete", "side": "ask", "price": 0.86}]}
{"t": 1776976348.738213, "events": [{"op": "set", "side": "ask", "price": 0.8, "size": 282.0}, {"op": "set", "side": "ask", "price": 0.85, "size": 451.0}, {"op": "set", "side": "ask", "price": 0.86, "size": 49.0}]}
{"t": 1776976351.775647, "events": [{"op": "set", "side": "ask", "price": 0.8, "size": 5.0}, {"op": "set", "side": "ask", "price": 0.85, "size": 5.0}, {"op": "delete", "side": "ask", "price": 0.86}]}
{"t": 1776976356.839608, "events": [{"op": "set", "side": "ask", "price": 0.8, "size": 284.0}, {"op": "set", "side": "ask", "price": 0.85, "size": 453.0}, {"op": "set", "side": "ask", "price": 0.86, "size": 49.0}]}
{"t": 1776976360.895073, "events": [{"op": "set", "side": "ask", "price": 0.8, "size": 285.0}, {"op": "set", "side": "ask", "price": 0.85, "size": 454.0}]}
{"t": 1776976362.91397, "events": [{"op": "set", "side": "ask", "price": 0.85, "size": 453.0}]}
{"t": 1776976363.930155, "events": [{"op": "set", "side": "ask", "price": 0.85, "size": 455.0}]}
{"t": 1776976390.085834, "events": [{"op": "set", "side": "ask", "price": 0.8, "size": 290.0}, {"op": "set", "side": "ask", "price": 0.85, "size": 463.0}, {"op": "set", "side": "ask", "price": 0.86, "size": 50.0}, {"op": "set", "side": "ask", "price": 0.95, "size": 1544.0}]}
{"t": 1776976415.243485, "events": [{"op": "set", "side": "ask", "price": 0.8, "size": 284.0}, {"op": "set", "side": "ask", "price": 0.85, "size": 453.0}, {"op": "set", "side": "ask", "price": 0.86, "size": 49.0}]}
{"t": 1776976416.25911, "events": [{"op": "set", "side": "ask", "price": 0.8, "size": 294.0}, {"op": "set", "side": "ask", "price": 0.85, "size": 469.0}, {"op": "set", "side": "ask", "price": 0.86, "size": 51.0}]}
{"t": 1776976423.3098712, "events": [{"op": "set", "side": "ask", "price": 0.8, "size": 296.0}, {"op": "set", "side": "ask", "price": 0.85, "size": 471.0}]}
{"t": 1776976425.340163, "events": [{"op": "set", "side": "ask", "price": 0.8, "size": 5.0}, {"op": "set", "side": "ask", "price": 0.85, "size": 5.0}, {"op": "delete", "side": "ask", "price": 0.86}]}
{"t": 1776976428.364198, "events": [{"op": "set", "side": "ask", "price": 0.8, "size": 297.0}, {"op": "set", "side": "ask", "price": 0.85, "size": 472.0}, {"op": "set", "side": "ask", "price": 0.86, "size": 51.0}]}
{"t": 1776976431.391558, "events": [{"op": "set", "side": "ask", "price": 0.85, "size": 474.0}]}
{"t": 1776976436.4190028, "events": [{"op": "set", "side": "ask", "price": 0.85, "size": 472.0}]}
{"t": 1776976437.425882, "events": [{"op": "set", "side": "ask", "price": 0.8, "size": 298.0}, {"op": "set", "side": "ask", "price": 0.85, "size": 475.0}]}
{"t": 1776976465.66493, "events": [{"op": "set", "side": "ask", "price": 0.8, "size": 5.0}, {"op": "set", "side": "ask", "price": 0.85, "size": 5.0}, {"op": "delete", "side": "ask", "price": 0.86}]}
{"t": 1776976468.700096, "events": [{"op": "set", "side": "ask", "price": 0.8, "size": 298.0}, {"op": "set", "side": "ask", "price": 0.85, "size": 475.0}, {"op": "set", "side": "ask", "price": 0.86, "size": 51.0}]}
{"t": 1776976477.761339, "events": [{"op": "set", "side": "ask", "price": 0.8, "size": 5.0}, {"op": "set", "side": "ask", "price": 0.85, "size": 5.0}, {"op": "delete", "side": "ask", "price": 0.86}]}
{"t": 1776976480.793513, "events": [{"op": "set", "side": "ask", "price": 0.8, "size": 298.0}, {"op": "set", "side": "ask", "price": 0.85, "size": 475.0}, {"op": "set", "side": "ask", "price": 0.86, "size": 51.0}]}
{"t": 1776976506.004798, "events": [{"op": "set", "side": "ask", "price": 0.85, "size": 476.0}]}
{"t": 1776976516.090231, "events": [{"op": "delete", "side": "ask", "price": 0.05}, {"op": "set", "side": "ask", "price": 0.08, "size": 10000.0}]}
{"t": 1776976521.1357608, "events": [{"op": "set", "side": "ask", "price": 0.86, "size": 52.0}]}
{"t": 1776976536.203557, "events": [{"op": "set", "side": "ask", "price": 0.8, "size": 5.0}, {"op": "set", "side": "ask", "price": 0.85, "size": 5.0}, {"op": "delete", "side": "ask", "price": 0.86}]}
{"t": 1776976538.221212, "events": [{"op": "set", "side": "ask", "price": 0.8, "size": 298.0}, {"op": "set", "side": "ask", "price": 0.85, "size": 476.0}, {"op": "set", "side": "ask", "price": 0.86, "size": 52.0}]}
{"t": 1776976569.49947, "events": [{"op": "set", "side": "ask", "price": 0.8, "size": 5.0}, {"op": "set", "side": "ask", "price": 0.85, "size": 5.0}, {"op": "delete", "side": "ask", "price": 0.86}]}
{"t": 1776976571.5276349, "events": [{"op": "set", "side": "ask", "price": 0.8, "size": 298.0}, {"op": "set", "side": "ask", "price": 0.85, "size": 476.0}, {"op": "set", "side": "ask", "price": 0.86, "size": 52.0}]}
{"t": 1776976624.9222841, "events": [{"op": "set", "side": "ask", "price": 0.85, "size": 477.0}]}
{"t": 1776976627.946018, "events": [{"op": "set", "side": "ask", "price": 0.8, "size": 5.0}, {"op": "set", "side": "ask", "price": 0.85, "size": 5.0}, {"op": "delete", "side": "ask", "price": 0.86}]}
{"t": 1776976631.9891021, "events": [{"op": "set", "side": "ask", "price": 0.8, "size": 298.0}, {"op": "set", "side": "ask", "price": 0.85, "size": 477.0}, {"op": "set", "side": "ask", "price": 0.86, "size": 52.0}]}
{"t": 1776976694.6291242, "events": [{"op": "set", "side": "ask", "price": 0.8, "size": 5.0}, {"op": "set", "side": "ask", "price": 0.85, "size": 5.0}, {"op": "delete", "side": "ask", "price": 0.86}]}
{"t": 1776976698.8431628, "events": [{"op": "set", "side": "ask", "price": 0.8, "size": 298.0}, {"op": "set", "side": "ask", "price": 0.85, "size": 477.0}, {"op": "set", "side": "ask", "price": 0.86, "size": 52.0}]}
{"t": 1776976721.023626, "events": [{"op": "set", "side": "ask", "price": 0.85, "size": 478.0}]}
{"t": 1776976753.55836, "events": [{"op": "set", "side": "ask", "price": 0.8, "size": 299.0}]}
{"t": 1776976798.966105, "events": [{"op": "set", "side": "ask", "price": 0.8, "size": 5.0}, {"op": "set", "side": "ask", "price": 0.85, "size": 5.0}, {"op": "delete", "side": "ask", "price": 0.86}]}
{"t": 1776976802.004491, "events": [{"op": "set", "side": "ask", "price": 0.8, "size": 299.0}, {"op": "set", "side": "ask", "price": 0.85, "size": 478.0}, {"op": "set", "side": "ask", "price": 0.86, "size": 52.0}]}
{"t": 1776976823.281095, "events": [{"op": "set", "side": "ask", "price": 0.8, "size": 5.0}, {"op": "set", "side": "ask", "price": 0.85, "size": 5.0}, {"op": "delete", "side": "ask", "price": 0.86}]}
{"t": 1776976826.322222, "events": [{"op": "set", "side": "ask", "price": 0.8, "size": 299.0}, {"op": "set", "side": "ask", "price": 0.85, "size": 478.0}, {"op": "set", "side": "ask", "price": 0.86, "size": 52.0}]}
{"t": 1776976836.4244428, "events": [{"op": "set", "side": "ask", "price": 0.85, "size": 479.0}, {"op": "set", "side": "ask", "price": 0.86, "size": 53.0}]}
{"t": 1776976873.730138, "events": [{"op": "set", "side": "ask", "price": 0.8, "size": 5.0}, {"op": "set", "side": "ask", "price": 0.85, "size": 5.0}, {"op": "delete", "side": "ask", "price": 0.86}]}
{"t": 1776976876.771445, "events": [{"op": "set", "side": "ask", "price": 0.8, "size": 299.0}, {"op": "set", "side": "ask", "price": 0.85, "size": 479.0}, {"op": "set", "side": "ask", "price": 0.86, "size": 53.0}]}
{"t": 1776976930.605024, "events": [{"op": "set", "side": "ask", "price": 0.8, "size": 300.0}]}
{"t": 1776976970.939878, "events": [{"op": "set", "side": "ask", "price": 0.85, "size": 480.0}]}
{"t": 1776977027.54447, "events": [{"op": "set", "side": "ask", "price": 0.8, "size": 5.0}, {"op": "set", "side": "ask", "price": 0.85, "size": 5.0}, {"op": "delete", "side": "ask", "price": 0.86}]}
{"t": 1776977031.587998, "events": [{"op": "set", "side": "ask", "price": 0.8, "size": 300.0}, {"op": "set", "side": "ask", "price": 0.85, "size": 480.0}, {"op": "set", "side": "ask", "price": 0.86, "size": 53.0}]}
{"t": 1776977077.9874299, "events": [{"op": "set", "side": "ask", "price": 0.85, "size": 481.0}]}
{"t": 1776977112.4502468, "events": [{"op": "set", "side": "ask", "price": 0.8, "size": 301.0}]}
{"t": 1776977130.577865, "events": [{"op": "set", "side": "ask", "price": 0.8, "size": 5.0}, {"op": "set", "side": "ask", "price": 0.85, "size": 5.0}, {"op": "delete", "side": "ask", "price": 0.86}]}
{"t":1776978859.757362,"e":[[1,1,0.8,230.0],[1,1,0.85,367.0],[1,1,0.86,42.0]]}
{"t":1776978869.856717,"e":[[1,1,0.8,5.0],[1,1,0.85,5.0],[0,1,0.86]]}
{"t":1776978872.894586,"e":[[1,1,0.8,230.0],[1,1,0.85,367.0],[1,1,0.86,42.0]]}
{"t":1776978909.223537,"e":[[1,1,0.8,5.0],[1,1,0.85,5.0],[0,1,0.86]]}
{"t":1776978912.262826,"e":[[1,1,0.8,230.0],[1,1,0.85,367.0],[1,1,0.86,42.0]]}
{"t":1776978979.146398,"e":[[1,1,0.8,5.0],[1,1,0.85,5.0],[0,1,0.86]]}
{"t":1776978983.1908631,"e":[[1,1,0.8,230.0],[1,1,0.85,367.0],[1,1,0.86,42.0]]}
{"t":1776979006.375099,"e":[[1,1,0.8,5.0],[1,1,0.85,5.0],[0,1,0.86]]}
{"t":1776979009.408774,"e":[[1,1,0.8,230.0],[1,1,0.85,367.0],[1,1,0.86,42.0]]}
{"t":1776979021.503144,"e":[[1,1,0.8,5.0],[1,1,0.85,5.0],[0,1,0.86]]}
{"t":1776979023.5258439,"e":[[1,1,0.8,230.0],[1,1,0.85,367.0],[1,1,0.86,42.0]]}
{"t":1776979074.997067,"e":[[0,1,0.86]]}
{"t":1776979076.0149,"e":[[1,1,0.7,344.0],[1,1,0.8,243.0],[1,1,0.85,404.0]]}
{"t":1776979081.134896,"e":[[1,1,0.7,231.0],[1,1,0.8,5.0],[1,1,0.85,5.0]]}
{"t":1776979084.171616,"e":[[1,1,0.7,344.0],[1,1,0.8,243.0],[1,1,0.85,404.0]]}
{"t":1776979102.3232388,"e":[[1,1,0.7,231.0],[1,1,0.8,5.0],[1,1,0.85,5.0]]}
{"t":1776979106.3717089,"e":[[1,1,0.7,344.0],[1,1,0.85,404.0]]}
{"t":1776979107.379297,"e":[[1,1,0.8,243.0]]}
{"t":1776979111.404879,"e":[[1,1,0.7,231.0],[1,1,0.8,5.0],[1,1,0.85,5.0]]}
{"t":1776979113.428629,"e":[[1,1,0.7,344.0],[1,1,0.8,243.0],[1,1,0.85,404.0]]}
{"t":1776979130.556236,"e":[[1,1,0.7,231.0],[1,1,0.8,5.0],[1,1,0.85,5.0]]}
{"t":1776979132.568574,"e":[[1,1,0.7,344.0],[1,1,0.8,243.0],[1,1,0.85,404.0]]}
{"t":1776979135.5978959,"e":[[1,1,0.7,231.0],[1,1,0.8,5.0],[1,1,0.85,5.0]]}
{"t":1776979138.624363,"e":[[1,1,0.7,344.0],[1,1,0.8,243.0],[1,1,0.85,404.0]]}
{"t":1776979162.765724,"e":[[1,1,0.7,231.0],[1,1,0.8,5.0],[1,1,0.85,5.0]]}
{"t":1776979165.8170938,"e":[[1,1,0.7,344.0],[1,1,0.8,243.0],[1,1,0.85,404.0]]}
{"t":1776979208.261129,"e":[[1,1,0.7,231.0],[1,1,0.8,5.0],[1,1,0.85,5.0]]}
{"t":1776979210.3045912,"e":[[1,1,0.7,344.0],[1,1,0.8,243.0],[1,1,0.85,404.0]]}
{"t":1776979250.753281,"e":[[1,1,0.7,231.0],[1,1,0.8,5.0],[1,1,0.85,5.0]]}
{"t":1776979251.799284,"e":[[1,1,0.7,344.0],[1,1,0.8,243.0],[1,1,0.85,404.0]]}
{"t":1776979286.150522,"e":[[1,1,0.7,231.0],[1,1,0.8,5.0],[1,1,0.85,5.0]]}
{"t":1776979288.1660001,"e":[[1,1,0.7,344.0],[1,1,0.8,243.0],[1,1,0.85,404.0]]}
{"t":1776979317.421278,"e":[[1,1,0.95,1466.18],[0,1,0.96],[0,1,0.97]]}
{"t":1776979319.449306,"e":[[1,1,0.7,231.0],[1,1,0.09,14.0]]}
{"t":1776979320.462201,"e":[[1,1,0.8,217.0],[1,1,0.85,346.0],[1,1,0.86,40.0]]}
{"t":1776979322.47595,"e":[[1,1,0.8,5.0],[1,1,0.85,5.0],[0,1,0.86]]}
{"t":1776979328.557861,"e":[[1,1,0.8,217.0],[1,1,0.85,346.0],[1,1,0.86,40.0]]}
{"t":1776979332.5899332,"e":[[0,1,0.07],[1,1,0.09,36.0]]}
{"t":1776979336.631683,"e":[[1,0,0.01,56.0]]}
{"t":1776979341.685932,"e":[[1,0,0.01,197.0],[1,1,0.8,221.0],[1,1,0.85,352.0],[1,1,0.86,41.0]]}
{"t":1776979351.7502809,"e":[[1,0,0.02,48.0],[1,0,0.01,141.0]]}
{"t":1776979355.772204,"e":[[1,0,0.02,168.0],[0,0,0.01],[1,1,0.8,224.0],[1,1,0.85,357.0]]}
{"t":1776979357.799739,"e":[[1,1,0.8,226.0],[1,1,0.85,360.0],[1,1,0.86,42.0]]}
{"t":1776979361.842939,"e":[[1,0,0.02,177.0],[1,0,0.03,93.0],[1,1,0.8,227.0],[1,1,0.85,363.0]]}
{"t":1776979367.93405,"e":[[1,0,0.02,129.0]]}
{"t":1776979368.940614,"e":[[1,0,0.03,96.0]]}
{"t":1776979373.992595,"e":[[1,0,0.03,3.0],[0,0,0.02],[1,1,0.8,5.0],[1,1,0.85,5.0],[0,1,0.86]]}
{"t":1776979377.03843,"e":[[1,0,0.03,11.0],[1,1,0.8,229.0],[1,1,0.85,364.0],[1,1,0.86,42.0]]}
{"t":1776979383.121564,"e":[[1,0,0.03,12.0],[1,0,0.04,9.0],[1,1,0.85,365.0]]}
{"t":1776979385.153574,"e":[[1,0,0.03,11.0],[1,1,0.85,364.0]]}
{"t":1776979386.1697469,"e":[[1,0,0.04,10.0],[1,0,0.03,13.0],[1,1,0.8,230.0],[1,1,0.85,366.0]]}
{"t":1776979389.2100039,"e":[[1,0,0.03,11.0],[1,1,0.85,364.0]]}
{"t":1776979390.232039,"e":[[1,0,0.03,14.0],[1,1,0.85,367.0]]}
{"t":1776979391.2484758,"e":[[1,0,0.04,9.0],[1,0,0.03,11.0]]}
{"t":1776979392.2631328,"e":[[1,0,0.04,11.0],[1,0,0.03,15.0]]}
{"t":1776979393.279681,"e":[[0,0,0.04],[1,0,0.03,3.0],[1,1,0.8,5.0],[1,1,0.85,5.0],[0,1,0.86]]}
{"t":1776979396.311556,"e":[[1,0,0.03,10.0],[1,1,0.8,231.0],[1,1,0.85,367.0],[1,1,0.86,42.0]]}
{"t":1776979400.3651772,"e":[[1,0,0.03,11.0],[1,0,0.04,8.0],[1,1,0.85,368.0]]}
{"t":1776979401.3824892,"e":[[1,0,0.03,10.0]]}
{"t":1776979402.4014459,"e":[[1,0,0.04,10.0],[1,0,0.03,12.0]]}
{"t":1776979404.426751,"e":[[0,0,0.04],[1,0,0.03,3.0],[1,1,0.8,5.0],[1,1,0.85,5.0],[0,1,0.86]]}
{"t":1776979405.4593742,"e":[[0,0,0.03]]}
{"t":1776979406.462188,"e":[[1,0,0.01,56.0]]}
{"t":1776979407.472841,"e":[[1,1,0.8,218.0],[1,1,0.85,348.0],[1,1,0.86,40.0]]}
{"t":1776979412.536916,"e":[[1,0,0.01,197.0],[1,1,0.8,222.0],[1,1,0.85,353.0],[1,1,0.86,41.0]]}
{"t":1776979413.552841,"e":[[1,1,0.8,218.0],[1,1,0.85,348.0]]}
{"t":1776979414.5676858,"e":[[1,0,0.02,108.0],[1,0,0.01,207.0],[1,1,0.8,224.0],[1,1,0.85,358.0]]}
{"t":1776979415.581123,"e":[[1,0,0.01,197.0],[1,1,0.8,218.0],[1,1,0.85,348.0],[1,1,0.86,40.0]]}
{"t":1776979416.597232,"e":[[1,0,0.02,109.0],[1,0,0.01,217.0],[1,1,0.8,226.0],[1,1,0.85,361.0],[1,1,0.86,42.0]]}
{"t":1776979417.614811,"e":[[1,0,0.01,228.0],[1,1,0.8,228.0],[1,1,0.85,363.0]]}
{"t":1776979419.641139,"e":[[1,0,0.01,239.0],[1,1,0.8,229.0],[1,1,0.85,365.0]]}
{"t":1776979421.670975,"e":[[0,0,0.02],[1,0,0.01,56.0],[1,1,0.8,5.0],[1,1,0.85,23.0],[0,1,0.86]]}
{"t":1776979424.820554,"e":[[1,0,0.01,195.0]]}
{"t":1776979425.853899,"e":[[1,1,0.8,230.0],[1,1,0.85,366.0],[1,1,0.86,42.0]]}
{"t":1776979427.8736582,"e":[[1,1,0.85,23.0]]}
{"t":1776979428.889528,"e":[[1,0,0.02,108.0],[1,0,0.01,207.0],[1,1,0.85,367.0]]}
{"t":1776979440.0022578,"e":[[0,0,0.02],[1,0,0.01,56.0],[1,1,0.8,5.0],[1,1,0.85,5.0],[0,1,0.86]]}
{"t":1776979443.037045,"e":[[1,0,0.01,195.0],[1,1,0.8,230.0],[1,1,0.85,367.0],[1,1,0.86,42.0]]}
{"t":1776979448.087373,"e":[[1,0,0.02,108.0],[1,0,0.01,207.0],[1,1,0.8,231.0]]}
{"t":1776979456.160528,"e":[[1,0,0.02,109.0],[1,0,0.01,219.0],[1,1,0.85,368.0]]}
{"t":1776979459.1927302,"e":[[1,0,0.01,195.0]]}
{"t":1776979460.207338,"e":[[1,0,0.01,231.0]]}
{"t":1776979464.24783,"e":[[1,0,0.01,243.0]]}
{"t":1776979470.303412,"e":[[0,0,0.02]]}
{"t":1776979481.411958,"e":[[1,0,0.01,187.0]]}
{"t":1776979482.450528,"e":[[1,0,0.02,48.0]]}
{"t":1776979499.5889611,"e":[[0,0,0.01],[1,1,0.8,5.0],[1,1,0.85,5.0],[0,1,0.86]]}
{"t":1776979503.652458,"e":[[1,0,0.02,167.0],[1,1,0.8,231.0],[1,1,0.85,368.0],[1,1,0.86,42.0]]}
{"t":1776979517.7607381,"e":[[1,0,0.02,177.0],[1,0,0.03,93.0]]}
{"t":1776979527.8676128,"e":[[1,0,0.02,129.0]]}
{"t":1776979528.87501,"e":[[1,0,0.03,3.0],[0,0,0.02],[1,1,0.8,220.0],[1,1,0.85,350.0],[1,1,0.86,41.0]]}
{"t":1776979534.9474502,"e":[[1,0,0.03,13.0],[1,1,0.8,223.0],[1,1,0.85,355.0]]}
{"t":1776979543.091128,"e":[[1,1,0.8,220.0],[1,1,0.85,350.0]]}
{"t":1776979544.107719,"e":[[1,0,0.03,14.0],[1,0,0.04,10.0],[1,1,0.8,225.0],[1,1,0.85,359.0]]}
{"t":1776979546.136721,"e":[[1,0,0.04,11.0],[1,0,0.03,15.0],[1,1,0.8,227.0],[1,1,0.85,362.0],[1,1,0.86,42.0]]}
{"t":1776979549.182074,"e":[[1,0,0.04,10.0],[1,0,0.03,13.0],[1,1,0.8,220.0],[1,1,0.85,350.0]]}
{"t":1776979550.200215,"e":[[1,0,0.04,12.0],[1,0,0.03,16.0],[1,1,0.8,228.0],[1,1,0.85,364.0]]}
{"t":1776979570.357358,"e":[[1,0,0.03,13.0],[1,1,0.8,220.0],[1,1,0.85,350.0]]}
{"t":1776979571.382963,"e":[[1,0,0.03,17.0],[1,1,0.8,229.0],[1,1,0.85,365.0]]}
{"t":1776979573.410888,"e":[[1,0,0.04,13.0],[1,0,0.03,18.0],[1,1,0.8,230.0],[1,1,0.85,366.0]]}
{"t":1776979579.4658911,"e":[[1,0,0.04,14.0],[1,0,0.03,19.0],[1,1,0.85,367.0]]}
{"t":1776979589.551562,"e":[[1,0,0.03,20.0]]}
{"t":1776979597.63286,"e":[[1,0,0.03,22.0],[1,1,0.8,231.0]]}
{"t":1776979622.876734,"e":[[1,0,0.04,10.0],[1,0,0.03,13.0],[1,1,0.85,350.0]]}
{"t":1776979623.896275,"e":[[1,0,0.04,15.0],[1,0,0.03,24.0],[1,1,0.85,368.0]]}
{"t":1776979636.021319,"e":[[0,0,0.04],[1,0,0.03,3.0],[1,1,0.8,5.0],[1,1,0.85,5.0],[0,1,0.86]]}
{"t":1776979638.0686421,"e":[[1,0,0.03,10.0],[1,1,0.8,231.0],[1,1,0.85,368.0],[1,1,0.86,42.0]]}
{"t":1776979641.110275,"e":[[1,0,0.03,4.0],[1,0,0.04,8.0],[1,1,0.8,5.0],[1,1,0.85,5.0],[0,1,0.86]]}
{"t":1776979645.163307,"e":[[1,0,0.04,5.0],[1,0,0.03,11.0],[1,1,0.8,231.0],[1,1,0.85,368.0],[1,1,0.86,42.0]]}
{"t":1776979655.26619,"e":[[1,0,0.04,9.0],[1,0,0.03,12.0]]}
{"t":1776979661.3273442,"e":[[1,0,0.04,10.0],[1,0,0.03,13.0]]}
{"t":1776979664.359363,"e":[[1,0,0.03,4.0]]}
{"t":1776979665.382648,"e":[[1,0,0.03,14.0]]}
{"t":1776979666.401193,"e":[[1,0,0.04,5.0],[1,0,0.03,4.0]]}
{"t":1776979667.4168692,"e":[[1,0,0.04,11.0],[1,0,0.03,15.0]]}
{"t":1776979669.4522712,"e":[[1,0,0.04,12.0],[1,0,0.03,16.0]]}
{"t":1776979672.485158,"e":[[1,0,0.03,17.0]]}
{"t":1776979673.505915,"e":[[0,0,0.04],[1,0,0.03,3.0],[1,1,0.8,5.0],[1,1,0.85,5.0],[0,1,0.86]]}
{"t":1776979677.5577102,"e":[[1,0,0.03,10.0],[1,1,0.8,231.0],[1,1,0.85,368.0],[1,1,0.86,42.0]]}
{"t":1776979690.648934,"e":[[1,0,0.03,11.0],[1,0,0.04,8.0]]}
{"t":1776979700.771796,"e":[[1,0,0.04,10.0],[1,0,0.03,12.0]]}
{"t":1776979714.936487,"e":[[0,0,0.04],[1,0,0.03,3.0],[1,1,0.8,5.0],[1,1,0.85,5.0],[0,1,0.86]]}
{"t":1776979717.9742022,"e":[[1,0,0.03,10.0],[1,1,0.8,231.0],[1,1,0.85,368.0],[1,1,0.86,42.0]]}
{"t":1776979724.078424,"e":[[1,0,0.03,11.0],[1,0,0.04,8.0]]}
{"t":1776979726.090754,"e":[[1,0,0.04,10.0],[1,0,0.03,12.0]]}
{"t":1776979730.145338,"e":[[1,0,0.03,13.0]]}
{"t":1776979735.201226,"e":[[1,0,0.03,14.0]]}
{"t":1776979736.216362,"e":[[0,0,0.04],[1,0,0.03,3.0],[1,1,0.8,5.0],[1,1,0.85,5.0],[0,1,0.86]]}
{"t":1776979737.241647,"e":[[1,0,0.03,8.0],[1,0,0.04,3.0]]}
{"t":1776979738.25713,"e":[[1,0,0.04,7.0],[1,0,0.03,11.0],[1,1,0.8,231.0],[1,1,0.85,368.0],[1,1,0.86,42.0]]}
{"t":1776979742.3102531,"e":[[1,0,0.04,3.0],[1,0,0.03,8.0]]}
{"t":1776979743.32949,"e":[[1,0,0.04,9.0],[1,0,0.03,12.0]]}
{"t":1776979748.394957,"e":[[1,0,0.04,10.0],[1,0,0.03,13.0]]}
{"t":1776979751.441538,"e":[[1,0,0.03,14.0]]}
{"t":1776979753.46458,"e":[[1,0,0.04,3.0],[1,0,0.03,8.0]]}
{"t":1776979754.4757729,"e":[[1,0,0.04,11.0],[1,0,0.03,15.0]]}
{"t":1776979766.570092,"e":[[1,0,0.04,12.0],[1,0,0.03,16.0]]}
{"t":1776979778.671754,"e":[[1,0,0.03,8.0]]}
{"t":1776979779.686711,"e":[[1,0,0.03,17.0]]}
{"t":1776979787.757783,"e":[[1,0,0.04,3.0],[1,0,0.03,8.0]]}
{"t":1776979788.771426,"e":[[1,0,0.04,13.0],[1,0,0.03,18.0]]}
{"t":1776979798.8498409,"e":[[1,0,0.04,14.0],[1,0,0.03,19.0]]}
{"t":1776979816.004361,"e":[[1,0,0.03,20.0]]}
{"t":1776979820.0560918,"e":[[0,0,0.04],[1,0,0.03,3.0],[1,1,0.8,5.0],[1,1,0.85,5.0],[0,1,0.86]]}
{"t":1776979825.122005,"e":[[1,0,0.03,10.0],[1,1,0.8,231.0],[1,1,0.85,368.0],[1,1,0.86,42.0]]}
{"t":1776979828.175582,"e":[[1,0,0.03,11.0],[1,0,0.04,8.0]]}
{"t":1776979829.183528,"e":[[1,0,0.03,10.0]]}
{"t":1776979830.205705,"e":[[1,0,0.04,10.0],[1,0,0.03,12.0]]}
{"t":1776979832.244597,"e":[[0,0,0.04],[1,0,0.03,3.0],[1,1,0.8,5.0],[1,1,0.85,5.0],[0,1,0.86]]}
{"t":1776979835.291805,"e":[[1,0,0.03,10.0],[1,1,0.8,231.0],[1,1,0.85,368.0],[1,1,0.86,42.0]]}
{"t":1776979840.36112,"e":[[1,0,0.03,11.0],[1,0,0.04,8.0]]}
{"t":1776979844.401731,"e":[[1,0,0.03,10.0]]}
{"t":1776979845.4183779,"e":[[1,0,0.04,10.0],[1,0,0.03,12.0]]}
{"t":1776979849.462462,"e":[[1,0,0.03,10.0]]}
{"t":1776979850.477813,"e":[[1,0,0.03,13.0]]}
{"t":1776979853.5166469,"e":[[1,0,0.03,10.0]]}
{"t":1776979854.524426,"e":[[1,0,0.03,14.0]]}
{"t":1776979858.554548,"e":[[1,0,0.04,11.0],[1,0,0.03,15.0]]}
{"t":1776979864.58724,"e":[[1,0,0.04,8.0],[1,0,0.03,10.0]]}
{"t":1776979865.596274,"e":[[1,0,0.04,12.0],[1,0,0.03,16.0]]}
{"t":1776979866.614618,"e":[[0,0,0.04],[1,0,0.03,3.0],[1,1,0.8,5.0],[1,1,0.85,5.0],[0,1,0.86]]}
{"t":1776979870.6450438,"e":[[1,0,0.03,10.0],[1,1,0.8,231.0],[1,1,0.85,368.0],[1,1,0.86,42.0]]}
{"t":1776979892.82029,"e":[[1,0,0.03,11.0],[1,0,0.04,8.0]]}
{"t":1776979894.855659,"e":[[1,0,0.03,10.0]]}
{"t":1776979895.868097,"e":[[1,0,0.04,10.0],[1,0,0.03,12.0]]}
{"t":1776979900.9305751,"e":[[1,0,0.03,10.0]]}
{"t":1776979901.947406,"e":[[1,0,0.03,13.0]]}
{"t":1776979917.20495,"e":[[1,0,0.03,10.0]]}
{"t":1776979918.224722,"e":[[1,0,0.03,14.0]]}
{"t":1776979920.251956,"e":[[1,0,0.04,11.0],[1,0,0.03,15.0]]}
{"t":1776979922.277932,"e":[[1,0,0.04,12.0],[1,0,0.03,16.0]]}
{"t":1776979927.320731,"e":[[1,0,0.03,10.0]]}
{"t":1776979928.3382359,"e":[[1,0,0.03,17.0]]}
{"t":1776979931.381688,"e":[[1,0,0.04,13.0],[1,0,0.03,18.0]]}
{"t":1776979941.500191,"e":[[1,0,0.04,14.0],[1,0,0.03,19.0]]}
{"t":1776979943.534011,"e":[[1,0,0.03,20.0]]}
{"t":1776979947.577177,"e":[[1,0,0.03,22.0]]}
{"t":1776979948.596159,"e":[[0,0,0.04],[1,0,0.03,3.0],[1,1,0.8,5.0],[1,1,0.85,5.0],[0,1,0.86]]}
{"t":1776979951.6405408,"e":[[1,0,0.03,10.0],[1,1,0.8,231.0],[1,1,0.85,368.0],[1,1,0.86,42.0]]}
{"t":1776979968.8309739,"e":[[1,0,0.03,11.0],[1,0,0.04,8.0]]}
{"t":1776979980.94618,"e":[[1,0,0.03,10.0]]}
{"t":1776979981.955667,"e":[[1,0,0.04,10.0],[1,0,0.03,12.0]]}
{"t":1776979983.986321,"e":[[1,0,0.03,10.0]]}
{"t":1776979985.0020108,"e":[[1,0,0.03,13.0]]}
{"t":1776979986.019079,"e":[[1,0,0.03,10.0]]}
{"t":1776979987.034246,"e":[[1,0,0.03,14.0]]}
{"t":1776979994.1033652,"e":[[1,0,0.04,8.0],[1,0,0.03,10.0]]}
{"t":1776979995.120489,"e":[[1,0,0.04,11.0],[1,0,0.03,15.0]]}
{"t":1776979998.1586869,"e":[[1,0,0.04,12.0],[1,0,0.03,16.0]]}
{"t":1776980001.193675,"e":[[1,0,0.03,17.0]]}
{"t":1776980002.208147,"e":[[0,0,0.04],[1,0,0.03,10.0],[1,1,0.8,5.0],[1,1,0.85,5.0],[0,1,0.86]]}
{"t":1776980003.223941,"e":[[1,0,0.03,3.0]]}
{"t":1776980006.266819,"e":[[1,0,0.03,10.0],[1,1,0.86,42.0]]}
{"t":1776980007.280448,"e":[[1,1,0.8,231.0],[1,1,0.85,368.0]]}
{"t":1776980017.387726,"e":[[1,0,0.03,11.0],[1,0,0.04,8.0]]}
{"t":1776980022.442543,"e":[[1,0,0.04,10.0],[1,0,0.03,12.0]]}
{"t":1776980026.489411,"e":[[1,0,0.03,13.0]]}
{"t":1776980028.51399,"e":[[1,0,0.03,10.0]]}
{"t":1776980029.531808,"e":[[1,0,0.03,14.0]]}
{"t":1776980031.561755,"e":[[1,0,0.04,3.0],[1,0,0.03,8.0],[1,1,0.8,5.0],[1,1,0.85,5.0],[0,1,0.86]]}
{"t":1776980034.6140401,"e":[[1,0,0.04,7.0],[1,0,0.03,11.0],[1,1,0.8,231.0],[1,1,0.85,368.0],[1,1,0.86,42.0]]}
{"t":1776980036.654976,"e":[[1,0,0.04,3.0],[1,0,0.03,8.0]]}
{"t":1776980037.667946,"e":[[1,0,0.04,9.0],[1,0,0.03,12.0]]}
{"t":1776980039.75165,"e":[[1,0,0.04,3.0],[1,0,0.03,8.0]]}
{"t":1776980040.7603729,"e":[[1,0,0.04,10.0],[1,0,0.03,13.0]]}
{"t":1776980044.828404,"e":[[1,0,0.03,8.0]]}
{"t":1776980045.848945,"e":[[1,0,0.03,14.0]]}
{"t":1776980047.874488,"e":[[1,0,0.04,3.0],[1,0,0.03,8.0]]}
{"t":1776980048.909193,"e":[[1,0,0.04,11.0],[1,0,0.03,15.0]]}
{"t":1776980053.963362,"e":[[1,0,0.04,12.0],[1,0,0.03,16.0]]}
{"t":1776980055.9976058,"e":[[1,0,0.03,8.0]]}
{"t":1776980057.0162718,"e":[[1,0,0.03,17.0]]}
{"t":1776980059.036295,"e":[[1,0,0.04,3.0],[1,0,0.03,8.0]]}
{"t":1776980060.048734,"e":[[1,0,0.04,13.0],[1,0,0.03,18.0]]}
{"t":1776980065.099478,"e":[[1,0,0.04,3.0],[1,0,0.03,8.0]]}
{"t":1776980066.114054,"e":[[1,0,0.04,14.0],[1,0,0.03,19.0]]}
{"t":1776980069.144686,"e":[[1,0,0.03,20.0]]}
{"t":1776980074.1980958,"e":[[1,0,0.03,22.0]]}
{"t":1776980079.2546391,"e":[[1,0,0.04,3.0],[1,0,0.03,8.0]]}
{"t":1776980080.272047,"e":[[1,0,0.04,15.0],[1,0,0.03,24.0]]}
{"t":1776980090.3686342,"e":[[1,0,0.04,3.0],[1,0,0.03,8.0]]}
{"t":1776980091.387647,"e":[[1,0,0.04,17.0],[1,0,0.03,26.0]]}
{"t":1776980098.4505432,"e":[[1,0,0.04,3.0],[1,0,0.03,8.0]]}
{"t":1776980099.465569,"e":[[1,0,0.04,18.0],[1,0,0.03,28.0]]}
{"t":1776980107.5551019,"e":[[1,0,0.04,19.0],[1,0,0.03,30.0]]}
{"t":1776980118.660933,"e":[[1,0,0.04,21.0],[1,0,0.03,32.0]]}
{"t":1776980120.691299,"e":[[1,0,0.04,22.0],[1,0,0.03,34.0]]}
{"t":1776980166.9892921,"e":[[1,0,0.04,23.0],[1,0,0.03,36.0]]}
{"t":1776980170.0221329,"e":[[1,0,0.04,24.0],[1,0,0.03,39.0]]}
{"t":1776980173.057191,"e":[[1,0,0.03,8.0]]}
{"t":1776980174.070951,"e":[[1,0,0.03,42.0]]}
{"t":1776980195.22635,"e":[[1,0,0.03,45.0]]}
{"t":1776980198.2657092,"e":[[0,0,0.04]]}
{"t":1776980216.500921,"e":[[1,0,0.03,3.0],[1,1,0.8,5.0],[1,1,0.85,5.0],[0,1,0.86]]}
{"t":1776980220.563881,"e":[[1,0,0.03,10.0],[1,1,0.8,231.0],[1,1,0.85,368.0],[1,1,0.86,42.0]]}
{"t":1776980239.753128,"e":[[1,0,0.03,11.0],[1,0,0.04,8.0]]}
{"t":1776980242.801561,"e":[[1,0,0.04,10.0],[1,0,0.03,12.0]]}
{"t":1776980245.8324668,"e":[[1,0,0.03,13.0]]}
{"t":1776980252.909537,"e":[[1,0,0.03,10.0]]}
{"t":1776980253.92886,"e":[[1,0,0.03,14.0]]}
{"t":1776980263.028702,"e":[[1,0,0.04,8.0],[1,0,0.03,10.0]]}
{"t":1776980264.0415418,"e":[[1,0,0.04,11.0],[1,0,0.03,15.0]]}
{"t":1776980265.054394,"e":[[1,0,0.04,8.0],[1,0,0.03,10.0]]}
{"t":1776980266.066454,"e":[[1,0,0.04,12.0],[1,0,0.03,16.0]]}
{"t":1776980268.096695,"e":[[1,0,0.03,10.0]]}
{"t":1776980269.111677,"e":[[1,0,0.03,17.0]]}
{"t":1776980271.131624,"e":[[1,0,0.04,8.0],[1,0,0.03,10.0]]}
{"t":1776980272.147509,"e":[[1,0,0.04,13.0],[1,0,0.03,18.0]]}
{"t":1776980279.212241,"e":[[1,0,0.04,14.0],[1,0,0.03,19.0]]}
{"t":1776980281.2385652,"e":[[1,0,0.03,10.0]]}
{"t":1776980282.2521129,"e":[[1,0,0.03,20.0]]}
{"t":1776980291.3441448,"e":[[1,0,0.03,22.0]]}
{"t":1776980294.3779929,"e":[[1,0,0.04,15.0],[1,0,0.03,24.0]]}
{"t":1776980297.428685,"e":[[1,0,0.04,8.0],[1,0,0.03,10.0]]}
{"t":1776980298.4508119,"e":[[1,0,0.04,17.0],[1,0,0.03,26.0]]}
{"t":1776980300.4704902,"e":[[1,0,0.04,18.0],[1,0,0.03,28.0]]}
{"t":1776980303.499189,"e":[[1,0,0.04,8.0],[1,0,0.03,10.0]]}
{"t":1776980304.517792,"e":[[1,0,0.04,19.0],[1,0,0.03,30.0]]}
{"t":1776980306.535902,"e":[[1,0,0.04,21.0],[1,0,0.03,32.0]]}
{"t":1776980321.673723,"e":[[1,0,0.03,34.0]]}
{"t":1776980324.713695,"e":[[1,0,0.03,36.0]]}
{"t":1776980334.8031309,"e":[[1,0,0.03,10.0]]}
{"t":1776980335.816278,"e":[[1,0,0.03,38.0]]}
{"t":1776980337.845082,"e":[[0,0,0.04]]}
{"t":1776980339.870958,"e":[[1,0,0.03,3.0],[1,1,0.8,5.0],[1,1,0.85,5.0],[0,1,0.86]]}
{"t":1776980347.9774709,"e":[[1,0,0.03,10.0],[1,1,0.8,231.0],[1,1,0.85,368.0],[1,1,0.86,42.0]]}
{"t":1776980352.015635,"e":[[1,0,0.03,11.0],[1,0,0.04,8.0]]}
{"t":1776980359.084876,"e":[[0,0,0.04],[1,0,0.03,3.0],[1,1,0.8,5.0],[1,1,0.85,5.0],[0,1,0.86]]}
{"t":1776980363.136044,"e":[[1,0,0.03,10.0],[1,1,0.8,231.0],[1,1,0.85,368.0],[1,1,0.86,42.0]]}
{"t":1776980369.208498,"e":[[1,0,0.03,11.0],[1,0,0.04,8.0]]}
{"t":1776980370.2208798,"e":[[1,0,0.03,10.0]]}
{"t":1776980371.226215,"e":[[1,0,0.04,10.0],[1,0,0.03,12.0]]}
{"t":1776980416.695222,"e":[[1,0,0.03,10.0]]}
{"t":1776980417.713616,"e":[[1,0,0.03,13.0]]}
{"t":1776980423.770659,"e":[[1,0,0.03,14.0]]}
{"t":1776980425.803306,"e":[[1,0,0.04,11.0],[1,0,0.03,15.0]]}
{"t":1776980428.823528,"e":[[0,0,0.04],[1,0,0.03,3.0],[1,1,0.8,5.0],[1,1,0.85,5.0],[0,1,0.86]]}
{"t":1776980431.865155,"e":[[1,0,0.03,10.0],[1,1,0.8,231.0],[1,1,0.85,368.0],[1,1,0.86,42.0]]}
{"t":1776980436.932385,"e":[[1,0,0.03,11.0],[1,0,0.04,8.0]]}
{"t":1776980438.9541829,"e":[[0,0,0.04],[1,0,0.03,3.0],[1,1,0.8,5.0],[1,1,0.85,5.0],[0,1,0.86]]}
{"t":1776980441.991785,"e":[[1,0,0.03,10.0],[1,1,0.8,231.0],[1,1,0.85,368.0],[1,1,0.86,42.0]]}
{"t":1776980445.048059,"e":[[1,0,0.03,11.0],[1,0,0.04,8.0]]}
{"t":1776980448.0807738,"e":[[1,0,0.03,10.0]]}
{"t":1776980449.0938811,"e":[[1,0,0.04,10.0],[1,0,0.03,12.0]]}
{"t":1776980453.140348,"e":[[1,0,0.03,10.0]]}
{"t":1776980454.154814,"e":[[1,0,0.03,13.0]]}
{"t":1776980456.18276,"e":[[1,0,0.03,14.0]]}
{"t":1776980459.220083,"e":[[1,0,0.04,8.0],[1,0,0.03,10.0]]}
{"t":1776980460.235795,"e":[[1,0,0.04,11.0],[1,0,0.03,15.0]]}
{"t":1776980473.376462,"e":[[1,0,0.04,12.0],[1,0,0.03,16.0]]}
{"t":1776980476.4249861,"e":[[1,0,0.03,10.0]]}
{"t":1776980477.4416761,"e":[[1,0,0.03,17.0]]}
{"t":1776980480.489409,"e":[[1,0,0.04,13.0],[1,0,0.03,18.0]]}
{"t":1776980488.560389,"e":[[0,0,0.04],[1,0,0.03,3.0],[1,1,0.8,5.0],[1,1,0.85,5.0],[0,1,0.86]]}
{"t":1776980491.6142201,"e":[[1,0,0.03,10.0],[1,1,0.8,231.0],[1,1,0.85,368.0],[1,1,0.86,42.0]]}
{"t":1776980493.6422322,"e":[[1,0,0.04,8.0]]}
{"t":1776980494.659307,"e":[[1,0,0.03,11.0]]}
{"t":1776980495.68056,"e":[[1,0,0.04,10.0],[1,0,0.03,12.0]]}
{"t":1776980502.763252,"e":[[1,0,0.03,10.0]]}
{"t":1776980503.7933109,"e":[[1,0,0.03,13.0]]}
{"t":1776980504.8107462,"e":[[1,0,0.03,10.0]]}
{"t":1776980505.8251321,"e":[[1,0,0.03,14.0]]}
{"t":1776980507.855159,"e":[[1,0,0.04,11.0],[1,0,0.03,15.0]]}
{"t":1776980508.8687181,"e":[[1,0,0.04,8.0],[1,0,0.03,10.0]]}
{"t":1776980509.889653,"e":[[1,0,0.04,12.0],[1,0,0.03,16.0]]}
{"t":1776980515.9620469,"e":[[1,0,0.03,10.0]]}
{"t":1776980516.981985,"e":[[1,0,0.03,17.0]]}
{"t":1776980519.011539,"e":[[1,0,0.04,13.0],[1,0,0.03,18.0]]}
{"t":1776980522.047363,"e":[[1,0,0.04,8.0],[1,0,0.03,10.0]]}
{"t":1776980523.065294,"e":[[1,0,0.04,14.0],[1,0,0.03,19.0]]}
{"t":1776980524.08113,"e":[[0,0,0.04],[1,0,0.03,17.0],[1,1,0.8,5.0],[1,1,0.85,5.0],[0,1,0.86]]}
{"t":1776980525.100575,"e":[[1,0,0.04,26.0],[1,1,0.8,231.0],[1,1,0.85,368.0],[1,1,0.86,786.0]]}
{"t":1776980527.143968,"e":[[1,0,0.04,77.0]]}
{"t":1776980528.159174,"e":[[1,0,0.04,13.0],[1,1,0.86,42.0]]}
{"t":1776980530.192708,"e":[[1,0,0.03,18.0]]}
{"t":1776980547.353976,"e":[[1,0,0.03,17.0]]}
{"t":1776980548.364038,"e":[[1,0,0.04,14.0],[1,0,0.03,19.0]]}
{"t":1776980552.417959,"e":[[1,0,0.03,20.0]]}
{"t":1776980553.443795,"e":[[1,0,0.03,17.0]]}
{"t":1776980554.456309,"e":[[1,0,0.03,22.0]]}
{"t":1776980562.5381172,"e":[[1,0,0.04,2.0],[1,0,0.03,10.0],[1,1,0.8,5.0],[1,1,0.85,5.0],[0,1,0.86]]}
{"t":1776980566.604689,"e":[[1,0,0.04,8.0],[1,0,0.03,11.0],[1,1,0.8,231.0],[1,1,0.85,368.0],[1,1,0.86,42.0]]}
{"t":1776980568.63121,"e":[[1,0,0.04,2.0],[1,0,0.03,10.0]]}
{"t":1776980569.6498601,"e":[[1,0,0.04,10.0],[1,0,0.03,12.0]]}
{"t":1776980577.735656,"e":[[0,0,0.04],[1,0,0.03,3.0],[1,1,0.8,5.0],[1,1,0.85,5.0],[0,1,0.86]]}
{"t":1776980578.763276,"e":[[1,0,0.03,10.0],[1,1,0.8,231.0],[1,1,0.85,368.0],[1,1,0.86,42.0]]}
{"t":1776980581.820854,"e":[[1,0,0.03,11.0],[1,0,0.04,8.0]]}
{"t":1776980585.860897,"e":[[1,0,0.03,10.0]]}
{"t":1776980588.906068,"e":[[1,0,0.04,10.0],[1,0,0.03,12.0]]}
{"t":1776980589.9223082,"e":[[0,0,0.04],[1,0,0.03,3.0],[1,1,0.8,5.0],[1,1,0.85,5.0],[0,1,0.86]]}
{"t":1776980591.962518,"e":[[1,0,0.03,10.0],[1,1,0.8,231.0],[1,1,0.85,368.0],[1,1,0.86,42.0]]}
{"t":1776980598.03548,"e":[[1,0,0.03,11.0],[1,0,0.04,8.0]]}
{"t":1776980600.0643961,"e":[[1,0,0.04,10.0],[1,0,0.03,12.0]]}
{"t":1776980602.094506,"e":[[1,0,0.03,10.0]]}
{"t":1776980603.109162,"e":[[1,0,0.03,13.0]]}
{"t":1776980613.192063,"e":[[1,0,0.03,14.0]]}
{"t":1776980615.2169971,"e":[[1,0,0.04,8.0],[1,0,0.03,10.0]]}
{"t":1776980616.233954,"e":[[1,0,0.04,11.0],[1,0,0.03,15.0]]}
{"t":1776980630.378912,"e":[[1,0,0.04,8.0],[1,0,0.03,10.0]]}
{"t":1776980632.4112582,"e":[[1,0,0.04,12.0],[1,0,0.03,16.0]]}
{"t":1776980641.488872,"e":[[1,0,0.03,10.0]]}
{"t":1776980642.5068989,"e":[[1,0,0.03,17.0]]}
{"t":1776980650.573486,"e":[[1,0,0.04,13.0],[1,0,0.03,18.0]]}
{"t":1776980658.652771,"e":[[1,0,0.04,8.0],[1,0,0.03,10.0]]}
{"t":1776980659.669371,"e":[[1,0,0.04,14.0],[1,0,0.03,19.0]]}
{"t":1776980663.705122,"e":[[1,0,0.03,10.0]]}
{"t":1776980664.721338,"e":[[1,0,0.03,20.0]]}
{"t":1776980667.750463,"e":[[1,0,0.03,10.0]]}
{"t":1776980668.76646,"e":[[1,0,0.03,22.0]]}
{"t":1776980673.81322,"e":[[1,0,0.04,15.0],[1,0,0.03,24.0]]}
{"t":1776980684.930916,"e":[[1,0,0.03,26.0]]}
{"t":1776980685.9446669,"e":[[1,0,0.03,28.0]]}
{"t":1776980694.0195699,"e":[[0,0,0.04]]}
{"t":1776980758.610584,"e":[[1,0,0.03,3.0],[1,1,0.8,5.0],[1,1,0.85,5.0],[0,1,0.86]]}
{"t":1776980761.657168,"e":[[1,0,0.03,10.0],[1,1,0.8,231.0],[1,1,0.85,368.0],[1,1,0.86,42.0]]}
{"t":1776980766.743007,"e":[[1,0,0.03,11.0],[1,0,0.04,8.0]]}
{"t":1776980773.826316,"e":[[1,0,0.04,10.0],[1,0,0.03,12.0]]}
{"t":1776980785.956077,"e":[[1,0,0.03,13.0]]}
{"t":1776980798.05874,"e":[[1,0,0.03,10.0]]}
{"t":1776980799.0757,"e":[[1,0,0.03,14.0]]}
{"t":1776980814.197629,"e":[[1,0,0.04,8.0],[1,0,0.03,10.0]]}
{"t":1776980815.2107599,"e":[[1,0,0.04,11.0],[1,0,0.03,15.0]]}
{"t":1776980816.226511,"e":[[1,0,0.04,8.0],[1,0,0.03,10.0]]}
{"t":1776980817.241518,"e":[[1,0,0.04,12.0],[1,0,0.03,16.0]]}
{"t":1776980821.286386,"e":[[1,0,0.03,17.0]]}
{"t":1776980832.348234,"e":[[1,0,0.04,8.0],[1,0,0.03,10.0]]}
{"t":1776980833.3604538,"e":[[1,0,0.04,13.0],[1,0,0.03,18.0]]}
{"t":1776980834.3706229,"e":[[1,0,0.03,19.0]]}
{"t":1776980837.3920052,"e":[[1,0,0.03,10.0]]}
{"t":1776980838.397967,"e":[[1,0,0.03,20.0]]}
{"t":1776980841.4197068,"e":[[1,0,0.03,21.0]]}
{"t":1776980842.4296498,"e":[[0,0,0.04],[1,0,0.03,3.0],[1,1,0.8,5.0],[1,1,0.85,5.0],[0,1,0.86]]}
{"t":1776980845.4702349,"e":[[1,0,0.03,10.0],[1,1,0.8,231.0],[1,1,0.85,368.0],[1,1,0.86,42.0]]}
{"t":1776980857.61825,"e":[[1,0,0.03,11.0],[1,0,0.04,8.0]]}
{"t":1776980858.638418,"e":[[1,0,0.03,10.0]]}
{"t":1776980859.6539679,"e":[[1,0,0.04,10.0],[1,0,0.03,12.0]]}
{"t":1776980862.682942,"e":[[1,0,0.03,13.0]]}
{"t":1776980867.738923,"e":[[1,0,0.03,10.0]]}
{"t":1776980868.752799,"e":[[1,0,0.03,14.0]]}
{"t":1776980875.8195488,"e":[[1,0,0.04,11.0],[1,0,0.03,15.0]]}
{"t":1776980890.984294,"e":[[1,0,0.04,12.0],[1,0,0.03,16.0]]}
{"t":1776980900.046849,"e":[[1,0,0.03,17.0]]}
{"t":1776980902.0794082,"e":[[1,0,0.03,10.0]]}
{"t":1776980903.092166,"e":[[1,0,0.03,18.0]]}
{"t":1776980910.1492832,"e":[[1,0,0.03,10.0]]}
{"t":1776980911.1640918,"e":[[1,0,0.03,19.0]]}
{"t":1776980914.20475,"e":[[1,0,0.03,10.0]]}
{"t":1776980915.218059,"e":[[1,0,0.03,20.0]]}
{"t":1776980916.232894,"e":[[1,0,0.03,10.0]]}
{"t":1776980917.246958,"e":[[1,0,0.03,21.0]]}
{"t":1776980919.2759209,"e":[[1,0,0.03,22.0]]}
{"t":1776980921.2975428,"e":[[1,0,0.03,10.0]]}
{"t":1776980922.306171,"e":[[1,0,0.03,23.0]]}
{"t":1776980929.387115,"e":[[0,0,0.04],[1,0,0.03,3.0],[1,1,0.8,5.0],[1,1,0.85,5.0],[0,1,0.86]]}
{"t":1776980932.421974,"e":[[1,0,0.03,10.0],[1,1,0.8,231.0],[1,1,0.85,368.0],[1,1,0.86,42.0]]}
{"t":1776980937.495269,"e":[[1,0,0.03,11.0],[1,0,0.04,8.0]]}
{"t":1776980942.557023,"e":[[0,0,0.04],[1,0,0.03,3.0],[1,1,0.8,5.0],[1,1,0.85,5.0],[0,1,0.86]]}
{"t":1776980946.62488,"e":[[1,0,0.03,10.0],[1,1,0.8,231.0],[1,1,0.85,368.0],[1,1,0.86,42.0]]}
{"t":1776980957.745952,"e":[[1,0,0.03,3.0],[1,1,0.8,5.0],[1,1,0.85,5.0],[0,1,0.86]]}
{"t":1776980960.798671,"e":[[1,0,0.03,10.0],[1,1,0.8,231.0],[1,1,0.85,368.0],[1,1,0.86,42.0]]}
{"t":1776980962.8283541,"e":[[1,0,0.03,11.0],[1,0,0.04,8.0]]}
{"t":1776980970.9072058,"e":[[1,0,0.04,10.0],[1,0,0.03,12.0]]}
{"t":1776980973.946867,"e":[[1,0,0.03,10.0]]}
{"t":1776980974.956908,"e":[[1,0,0.03,13.0]]}
{"t":1776980976.982363,"e":[[0,0,0.04],[1,0,0.03,3.0],[1,1,0.8,5.0],[1,1,0.85,5.0],[0,1,0.86]]}
{"t":1776980981.055403,"e":[[1,0,0.03,10.0],[1,1,0.8,231.0],[1,1,0.85,368.0],[1,1,0.86,42.0]]}
{"t":1776980987.18628,"e":[[1,0,0.03,11.0],[1,0,0.04,8.0]]}
{"t":1776980992.242975,"e":[[1,0,0.03,10.0]]}
{"t":1776980993.258039,"e":[[1,0,0.04,10.0],[1,0,0.03,12.0]]}
{"t":1776980995.2883961,"e":[[0,0,0.04],[1,0,0.03,3.0],[1,1,0.8,5.0],[1,1,0.85,5.0],[0,1,0.86]]}
{"t":1776980999.340385,"e":[[1,0,0.03,10.0],[1,1,0.8,231.0],[1,1,0.85,368.0],[1,1,0.86,42.0]]}
{"t":1776981007.425791,"e":[[1,0,0.03,11.0],[1,0,0.04,8.0]]}
{"t":1776981008.444097,"e":[[0,0,0.04],[1,0,0.03,3.0],[1,1,0.8,5.0],[1,1,0.85,5.0],[0,1,0.86]]}
{"t":1776981011.484992,"e":[[1,0,0.03,10.0],[1,1,0.8,231.0],[1,1,0.85,368.0],[1,1,0.86,42.0]]}
{"t":1776981015.539964,"e":[[1,0,0.03,11.0],[1,0,0.04,8.0]]}
{"t":1776981017.56964,"e":[[1,0,0.03,10.0]]}
{"t":1776981018.585931,"e":[[0,0,0.04],[1,0,0.03,3.0],[1,1,0.8,5.0],[1,1,0.85,5.0],[0,1,0.86]]}
{"t":1776981021.6490638,"e":[[1,0,0.03,10.0],[1,1,0.8,231.0],[1,1,0.85,368.0],[1,1,0.86,42.0]]}
{"t":1776981039.859245,"e":[[1,0,0.03,3.0],[1,1,0.8,5.0],[1,1,0.85,5.0],[0,1,0.86]]}
{"t":1776981043.911885,"e":[[1,0,0.03,10.0],[1,1,0.8,231.0],[1,1,0.85,368.0],[1,1,0.86,42.0]]}
{"t":1776981046.955403,"e":[[1,0,0.03,11.0],[1,0,0.04,8.0]]}
{"t":1776981072.162536,"e":[[0,0,0.04],[1,0,0.03,3.0],[1,1,0.8,5.0],[1,1,0.85,5.0],[0,1,0.86]]}
{"t":1776981073.18697,"e":[[1,0,0.03,5.0],[1,0,0.04,2.0]]}
{"t":1776981074.199422,"e":[[1,0,0.04,5.0],[1,0,0.03,11.0],[1,1,0.8,231.0],[1,1,0.85,368.0],[1,1,0.86,42.0]]}
{"t":1776981087.326062,"e":[[0,0,0.04],[1,0,0.03,3.0],[1,1,0.8,5.0],[1,1,0.85,5.0],[0,1,0.86]]}
{"t":1776981088.35586,"e":[[1,0,0.03,10.0],[1,1,0.86,42.0]]}
{"t":1776981089.372341,"e":[[1,1,0.8,231.0],[1,1,0.85,368.0]]}
{"t":1776981092.413229,"e":[[1,0,0.03,11.0],[1,0,0.04,8.0]]}
{"t":1776981094.4378839,"e":[[1,0,0.04,10.0],[1,0,0.03,12.0]]}
{"t":1776981099.494944,"e":[[1,0,0.03,10.0]]}
{"t":1776981100.51648,"e":[[0,0,0.04],[1,0,0.03,3.0],[1,1,0.8,5.0],[1,1,0.85,5.0],[0,1,0.86]]}
{"t":1776981102.5422,"e":[[1,0,0.03,10.0],[1,1,0.8,231.0],[1,1,0.85,368.0],[1,1,0.86,42.0]]}
{"t":1776981106.601739,"e":[[1,0,0.03,11.0],[1,0,0.04,8.0]]}
{"t":1776981109.626875,"e":[[1,0,0.03,10.0]]}
{"t":1776981110.640736,"e":[[1,0,0.04,10.0],[1,0,0.03,12.0]]}
{"t":1776981111.656814,"e":[[1,0,0.03,10.0]]}
{"t":1776981112.674295,"e":[[1,0,0.03,13.0]]}
{"t":1776981114.699858,"e":[[1,0,0.03,14.0]]}
{"t":1776981122.80204,"e":[[1,0,0.03,10.0]]}
{"t":1776981123.8184152,"e":[[1,0,0.03,15.0]]}
{"t":1776981137.9892328,"e":[[1,0,0.03,16.0]]}
{"t":1776981152.128997,"e":[[1,0,0.03,10.0]]}
{"t":1776981153.148277,"e":[[1,0,0.03,17.0]]}
{"t":1776981157.199151,"e":[[1,0,0.03,10.0]]}
{"t":1776981158.21282,"e":[[1,0,0.03,18.0]]}
{"t":1776981159.237903,"e":[[1,0,0.03,10.0]]}
{"t":1776981160.252033,"e":[[1,0,0.03,19.0]]}
{"t":1776981162.327179,"e":[[0,0,0.04]]}
{"t":1776981193.665442,"e":[[1,0,0.03,3.0],[1,1,0.8,5.0],[1,1,0.85,5.0],[0,1,0.86]]}
{"t":1776981196.725966,"e":[[1,0,0.03,10.0],[1,1,0.8,231.0],[1,1,0.85,368.0],[1,1,0.86,42.0]]}
{"t":1776981201.779244,"e":[[1,0,0.03,11.0],[1,0,0.04,8.0]]}
{"t":1776981204.810299,"e":[[1,0,0.03,10.0]]}
{"t":1776981205.817834,"e":[[1,0,0.04,10.0],[1,0,0.03,12.0]]}
{"t":1776981206.826984,"e":[[0,0,0.04],[1,0,0.03,3.0],[1,1,0.8,5.0],[1,1,0.85,5.0],[0,1,0.86]]}
{"t":1776981209.856044,"e":[[1,0,0.03,10.0],[1,1,0.8,231.0],[1,1,0.85,368.0],[1,1,0.86,42.0]]}
{"t":1776981216.927634,"e":[[1,0,0.03,11.0],[1,0,0.04,8.0]]}
{"t":1776981218.948916,"e":[[1,0,0.03,10.0]]}
{"t":1776981219.964653,"e":[[1,0,0.04,10.0],[1,0,0.03,12.0]]}
{"t":1776981226.046529,"e":[[1,0,0.04,9.0],[1,0,0.03,10.0]]}
{"t":1776981227.057847,"e":[[1,0,0.03,13.0]]}
{"t":1776981229.0779788,"e":[[1,0,0.03,10.0]]}
{"t":1776981230.0929081,"e":[[1,0,0.03,14.0]]}
{"t":1776981243.211533,"e":[[1,0,0.03,15.0]]}
{"t":1776981247.2584882,"e":[[1,0,0.03,16.0]]}
{"t":1776981249.287044,"e":[[0,0,0.04],[1,0,0.03,3.0],[1,1,0.8,5.0],[1,1,0.85,5.0],[0,1,0.86]]}
{"t":1776981253.340408,"e":[[1,0,0.03,10.0],[1,1,0.8,231.0],[1,1,0.85,368.0],[1,1,0.86,42.0]]}
{"t":1776981263.4313338,"e":[[1,0,0.03,3.0],[1,1,0.8,5.0],[1,1,0.85,5.0],[0,1,0.86]]}
{"t":1776981265.4678552,"e":[[1,0,0.03,10.0],[1,1,0.8,231.0],[1,1,0.85,368.0],[1,1,0.86,42.0]]}
{"t":1776981270.534556,"e":[[1,0,0.03,11.0],[1,0,0.04,8.0]]}
{"t":1776981285.681777,"e":[[1,0,0.03,12.0]]}
{"t":1776981289.743788,"e":[[1,0,0.03,13.0]]}
{"t":1776981297.8282409,"e":[[0,0,0.04],[1,0,0.03,3.0],[1,1,0.8,5.0],[1,1,0.85,5.0],[0,1,0.86]]}
{"t":1776981306.951936,"e":[[1,1,0.09,22.0],[1,1,0.1,10000.0],[0,1,0.08]]}
{"t":1776981487.687489,"e":[[1,1,0.95,1451.18]]}
{"t":1776981503.85736,"e":[[0,1,0.09],[1,1,0.11,18.0]]}
{"t":1776981550.2077,"e":[[1,1,0.95,1377.18]]}
{"t":1776981568.340014,"e":[[0,0,0.03]]}
{"t":1776981569.349204,"e":[[1,0,0.01,13.0]]}
{"t":1776981627.884255,"e":[[1,0,0.02,5.0]]}
{"t":1776981964.947266,"e":[[1,1,0.95,1361.8100000000002],[1,1,0.11,31.0]]}
{"t":1776981993.248905,"e":[[1,1,0.94,20.0]]}
{"t":1776982588.6727831,"e":[[0,1,0.94]]}
{"t":1776982589.681994,"e":[[1,0,0.01,105.0],[1,1,0.02,167.0]]}
{"t":1776982718.834581,"e":[[1,0,0.01,77.0],[1,1,0.02,178.0]]}
{"t":1776982747.131405,"e":[[1,0,0.01,104.0]]}
{"t":1776982819.7564118,"e":[[1,0,0.01,77.0]]}
{"t":1776982820.76564,"e":[[0,0,0.01],[1,1,0.02,167.0]]}
{"t":1776982825.8277519,"e":[[1,1,0.02,100.0]]}
{"t":1776983560.44226,"e":[[1,1,0.97,5.0]]}
{"t":1776983642.103982,"e":[[1,1,0.95,1355.63],[0,1,0.97]]}
{"t":1776983666.341465,"e":[[1,1,0.95,1341.2],[1,1,0.12,16.0],[1,1,0.11,13.0]]}
{"t":1776984530.933543,"e":[[1,0,0.01,105.0],[1,1,0.02,178.0]]}
{"t":1776985743.7749188,"e":[[0,0,0.01],[1,1,0.02,100.0]]}
{"t":1776985767.016424,"e":[[1,0,0.05,1158.8],[0,1,0.95]]}
{"t":1776985768.024627,"e":[[1,0,0.06,28.0],[1,1,0.71,47.0]]}
{"t":1776985773.060867,"e":[[0,0,0.06],[0,0,0.05],[1,0,0.01,29.0],[1,1,0.72,26.04]]}
{"t":1776985774.066027,"e":[[1,1,0.71,48.0],[0,1,0.72]]}
{"t":1776985776.082911,"e":[[1,1,0.72,26.04]]}
{"t":1776985780.11216,"e":[[0,1,0.71],[1,1,0.72,48.0]]}
{"t":1776985785.20506,"e":[[1,1,0.72,26.04],[1,1,0.71,74.4]]}
{"t":1776985787.2230668,"e":[[1,1,0.71,48.00000000000001],[1,1,0.73,0.25]]}
{"t":1776985790.2406,"e":[[1,1,0.71,74.4],[0,1,0.73]]}
{"t":1776985795.280396,"e":[[1,1,0.71,48.25000000000001],[0,1,0.72]]}
{"t":1776985797.296422,"e":[[1,1,0.72,26.04]]}
{"t":1776985798.302312,"e":[[1,1,0.71,48.00000000000001],[1,1,0.73,0.25]]}
{"t":1776985800.314781,"e":[[0,1,0.72],[0,1,0.73]]}
{"t":1776985801.325341,"e":[[1,1,0.72,26.04],[1,1,0.73,0.25]]}
{"t":1776985805.3615518,"e":[[1,0,0.02,55.0],[0,1,0.72],[0,1,0.73]]}
{"t":1776985806.371855,"e":[[1,1,0.72,0.25]]}
{"t":1776985809.400975,"e":[[0,0,0.01]]}
{"t":1776985810.420022,"e":[[1,0,0.01,10.0],[1,0,0.03,28.0],[1,1,0.71,15.000000000000007],[0,1,0.72],[1,1,0.83,43.0],[1,1,0.84,50.0]]}
{"t":1776985814.45153,"e":[[0,1,0.83]]}
{"t":1776985815.4717498,"e":[[1,1,0.85,47.0]]}
{"t":1776985820.5216901,"e":[[1,1,0.72,50.0]]}
{"t":1776985821.536648,"e":[[1,1,0.71,7.105427357601002e-15],[1,1,0.73,15.0],[1,1,0.77,30.0]]}
{"t":1776985991.0512462,"e":[[0,0,0.01],[0,1,0.73]]}
{"t":1776986000.120578,"e":[[0,1,0.72],[0,1,0.77]]}
{"t":1776986054.541483,"e":[[1,0,0.02,5.0],[0,1,0.84],[1,1,0.85,5.0]]}
{"t":1776986055.555056,"e":[[1,1,0.71,48.00000000000001]]}
{"t":1776986081.824235,"e":[[0,1,0.1],[1,1,0.13,2563.0],[0,1,0.11]]}
{"t":1776986313.663645,"e":[[1,0,0.03,69.0],[1,0,0.02,30.0],[1,1,0.7,270.0],[1,1,0.71,80.0],[1,1,0.8,136.0],[1,1,0.14,14.0]]}
{"t":1776986314.696639,"e":[[1,1,0.81,44.0]]}
{"t":1776986321.783424,"e":[[0,1,0.71],[1,1,0.8,85.0]]}
{"t":1776986322.792257,"e":[[1,1,0.81,175.0]]}
{"t":1776986363.351876,"e":[[1,0,0.03,28.0],[1,0,0.02,5.0],[1,1,0.7,231.0],[1,1,0.8,5.0],[0,1,0.81]]}
{"t":1776986364.384167,"e":[[1,0,0.03,69.0],[1,0,0.02,30.0],[1,1,0.7,270.0],[1,1,0.8,85.0],[1,1,0.85,136.0],[1,1,0.71,48.0]]}
{"t":1776986366.418345,"e":[[0,1,0.71],[1,1,0.85,5.0]]}
{"t":1776986367.4342961,"e":[[1,1,0.8,136.0],[1,1,0.71,80.0]]}
{"t":1776986370.482903,"e":[[1,1,0.81,44.0]]}
{"t":1776986372.504229,"e":[[0,1,0.71],[1,1,0.8,85.0]]}
{"t":1776986373.5207438,"e":[[1,1,0.81,175.0]]}
{"t":1776986383.65274,"e":[[1,0,0.03,28.0],[1,0,0.02,5.0],[1,1,0.7,231.0],[1,1,0.8,5.0],[0,1,0.81]]}
{"t":1776986384.680605,"e":[[1,0,0.03,69.0],[1,0,0.02,30.0],[1,1,0.7,270.0],[1,1,0.8,85.0],[1,1,0.85,136.0],[1,1,0.71,48.0]]}
{"t":1776986386.716128,"e":[[1,1,0.71,80.0],[1,1,0.8,136.0],[1,1,0.85,5.0]]}
{"t":1776986387.73195,"e":[[1,1,0.81,44.0]]}
{"t":1776986389.753868,"e":[[0,1,0.71],[1,1,0.8,85.0]]}
{"t":1776986390.76595,"e":[[1,1,0.81,175.0]]}
{"t":1776986397.8622699,"e":[[1,0,0.03,28.0],[1,0,0.02,5.0],[1,1,0.7,231.0],[1,1,0.8,5.0],[1,1,0.81,44.0]]}
{"t":1776986399.8925388,"e":[[0,1,0.81]]}
{"t":1776986400.899296,"e":[[1,1,0.71,48.0]]}
{"t":1776986401.9132118,"e":[[1,0,0.03,69.0],[1,0,0.02,30.0],[1,1,0.7,270.0],[1,1,0.71,80.0],[1,1,0.8,136.0]]}
{"t":1776986402.93094,"e":[[1,1,0.81,44.0]]}
{"t":1776986403.945809,"e":[[0,1,0.71],[1,1,0.8,85.0]]}
{"t":1776986404.957752,"e":[[1,1,0.81,175.0]]}
{"t":1776986419.158252,"e":[[1,0,0.03,28.0],[1,0,0.02,5.0],[1,1,0.7,231.0],[1,1,0.8,5.0],[0,1,0.81]]}
{"t":1776986420.186718,"e":[[1,1,0.71,48.0]]}
{"t":1776986421.196193,"e":[[1,0,0.03,69.0],[1,0,0.02,30.0],[1,1,0.7,270.0],[1,1,0.71,128.0],[1,1,0.8,136.0]]}
{"t":1776986422.21214,"e":[[1,1,0.71,80.0],[1,1,0.81,44.0]]}
{"t":1776986426.252438,"e":[[0,1,0.71],[1,1,0.8,85.0]]}
{"t":1776986427.273626,"e":[[1,1,0.81,175.0]]}
{"t":1776986437.380849,"e":[[1,0,0.03,28.0],[1,0,0.02,5.0],[1,1,0.7,231.0],[1,1,0.8,5.0],[1,1,0.81,44.0]]}
{"t":1776986438.40733,"e":[[0,1,0.81]]}
{"t":1776986439.423061,"e":[[1,0,0.03,69.0],[1,0,0.02,30.0],[1,1,0.7,270.0],[1,1,0.8,85.0],[1,1,0.85,136.0],[1,1,0.71,48.0]]}
{"t":1776986441.4702349,"e":[[1,1,0.85,5.0]]}
{"t":1776986442.493834,"e":[[1,1,0.71,128.0],[1,1,0.8,136.0]]}
{"t":1776986443.502712,"e":[[1,1,0.71,80.0]]}
{"t":1776986444.5147278,"e":[[1,1,0.81,44.0]]}
{"t":1776986445.5276759,"e":[[0,1,0.71],[1,1,0.8,85.0],[1,1,0.81,175.0]]}
{"t":1776986469.807368,"e":[[1,0,0.03,28.0],[1,0,0.02,5.0],[1,1,0.7,231.0],[1,1,0.8,5.0],[1,1,0.81,44.0]]}
{"t":1776986472.854091,"e":[[1,0,0.03,69.0],[1,0,0.02,30.0],[1,1,0.7,270.0],[1,1,0.8,85.0],[1,1,0.81,175.0]]}
{"t":1776986473.879246,"e":[[1,1,0.81,131.0]]}
{"t":1776986474.8911622,"e":[[1,1,0.82,43.0]]}
{"t":1776986482.980104,"e":[[1,0,0.02,25.0],[0,1,0.81]]}
{"t":1776986483.994529,"e":[[1,0,0.04,5.0],[1,1,0.82,131.0]]}
{"t":1776986485.0120902,"e":[[1,1,0.83,43.0]]}
{"t":1776986488.038053,"e":[[1,0,0.04,13.0],[1,0,0.03,33.0],[0,0,0.02],[0,1,0.82],[1,1,0.83,174.0]]}
{"t":1776986494.109504,"e":[[1,0,0.04,5.0],[1,0,0.01,29.0],[0,0,0.03],[1,1,0.7,231.0],[1,1,0.8,5.0],[0,1,0.83],[1,1,0.84,42.0]]}
{"t":1776986496.1457589,"e":[[1,0,0.04,13.0],[1,0,0.01,34.0],[1,1,0.7,270.0],[1,1,0.8,85.0],[1,1,0.84,173.0]]}
{"t":1776986534.6683981,"e":[[1,0,0.04,5.0],[1,0,0.01,29.0],[1,1,0.7,231.0],[1,1,0.8,5.0],[1,1,0.84,42.0]]}
{"t":1776986535.695341,"e":[[0,1,0.84],[1,1,0.71,48.0]]}
{"t":1776986537.7171562,"e":[[1,0,0.04,13.0],[1,0,0.01,34.0],[1,1,0.7,270.0],[1,1,0.71,128.0],[1,1,0.8,136.0]]}
{"t":1776986538.733504,"e":[[1,1,0.71,80.0]]}
{"t":1776986539.750536,"e":[[1,1,0.85,1.8599999999999999],[1,1,0.81,44.0]]}
{"t":1776986540.767461,"e":[[0,1,0.14],[0,1,0.71],[1,1,0.8,85.0]]}
{"t":1776986541.785845,"e":[[1,1,0.81,175.0]]}
{"t":1776986568.1815832,"e":[[0,1,0.12],[1,1,0.14,14.0]]}
{"t":1776986573.241257,"e":[[1,0,0.04,5.0],[0,0,0.01],[1,1,0.7,231.0],[1,1,0.8,5.0],[0,1,0.81]]}
{"t":1776986574.2613492,"e":[[1,0,0.04,13.0],[1,0,0.01,34.0],[1,1,0.7,270.0],[1,1,0.8,136.0],[1,1,0.71,128.0]]}
{"t":1776986575.279156,"e":[[1,1,0.71,80.0],[1,1,0.81,44.0]]}
{"t":1776986579.318312,"e":[[1,0,0.04,5.0],[0,0,0.01],[1,1,0.7,231.0],[0,1,0.71],[1,1,0.8,5.0],[0,1,0.81]]}
{"t":1776986580.347656,"e":[[1,0,0.01,29.0],[1,1,0.71,48.0]]}
{"t":1776986581.3651452,"e":[[1,0,0.04,13.0],[1,0,0.01,34.0],[1,1,0.7,270.0],[1,1,0.71,128.0],[1,1,0.8,136.0]]}
{"t":1776986582.380278,"e":[[1,0,0.01,37.14]]}
{"t":1776986584.4040089,"e":[[1,1,0.71,80.0],[1,1,0.81,44.0]]}
{"t":1776986585.417927,"e":[[0,1,0.71]]}
{"t":1776986586.434688,"e":[[1,1,0.8,85.0],[1,1,0.81,175.0]]}
{"t":1776986659.255121,"e":[[1,0,0.04,5.0],[1,0,0.01,3.1400000000000006],[1,1,0.7,231.0],[1,1,0.8,5.0],[0,1,0.81]]}
{"t":1776986660.283349,"e":[[1,0,0.01,32.14],[1,1,0.71,48.0]]}
{"t":1776986662.317495,"e":[[1,0,0.04,13.0],[1,0,0.01,37.14],[1,1,0.7,270.0],[1,1,0.71,128.0],[1,1,0.8,136.0]]}
{"t":1776986664.338109,"e":[[1,1,0.71,80.0]]}
{"t":1776986665.355982,"e":[[1,1,0.81,44.0]]}
{"t":1776986673.440164,"e":[[0,1,0.71],[1,1,0.8,85.0],[1,1,0.81,175.0]]}
{"t":1776986680.548555,"e":[[1,0,0.04,5.0],[1,0,0.01,32.14],[1,1,0.7,231.0],[1,1,0.8,5.0],[0,1,0.81],[1,1,0.71,48.0]]}
{"t":1776986683.588853,"e":[[1,0,0.04,13.0],[1,0,0.01,37.14],[1,1,0.7,270.0],[1,1,0.71,128.0],[1,1,0.8,136.0]]}
{"t":1776986684.600607,"e":[[1,1,0.7,231.0],[1,1,0.71,77.0]]}
{"t":1776986685.6142159,"e":[[1,1,0.8,178.0],[1,1,0.81,44.0]]}
{"t":1776986687.631119,"e":[[1,1,0.7,270.0],[0,1,0.71],[1,1,0.8,85.0],[1,1,0.81,175.0]]}
{"t":1776986705.846477,"e":[[1,0,0.04,5.0],[1,0,0.01,32.14],[1,1,0.7,231.0],[1,1,0.8,5.0],[1,1,0.81,44.0]]}
{"t":1776986707.876178,"e":[[1,0,0.01,3.1400000000000006],[0,1,0.81]]}
{"t":1776986708.8906822,"e":[[1,0,0.04,13.0],[1,0,0.01,37.14],[1,1,0.7,270.0],[1,1,0.8,136.0],[1,1,0.71,128.0]]}
{"t":1776986710.9221592,"e":[[1,1,0.7,231.0]]}
{"t":1776986711.9431412,"e":[[1,1,0.71,125.0],[1,1,0.8,178.0]]}
{"t":1776986713.9702039,"e":[[1,1,0.71,77.0]]}
{"t":1776986715.992658,"e":[[1,1,0.7,270.0],[0,1,0.71],[1,1,0.8,85.0],[1,1,0.85,132.86]]}
{"t":1776986717.006659,"e":[[1,1,0.86,42.0]]}
{"t":1776986729.172899,"e":[[1,0,0.04,5.0],[1,0,0.01,32.14],[1,1,0.7,231.0],[1,1,0.8,5.0],[1,1,0.85,1.8600000000000136]]}
{"t":1776986730.1960099,"e":[[0,1,0.86],[1,1,0.71,48.0]]}
{"t":1776986732.20833,"e":[[1,0,0.01,3.1400000000000006]]}
{"t":1776986733.2222269,"e":[[1,0,0.04,13.0],[1,0,0.01,37.14],[1,1,0.7,270.0],[1,1,0.71,128.0],[1,1,0.8,136.0]]}
{"t":1776986734.241397,"e":[[1,1,0.71,80.0]]}
{"t":1776986735.2547462,"e":[[1,1,0.81,44.0]]}
{"t":1776986736.2634282,"e":[[0,1,0.71],[1,1,0.8,85.0]]}
{"t":1776986737.278647,"e":[[1,1,0.81,175.0]]}
{"t":1776986832.4536839,"e":[[1,0,0.04,5.0],[1,0,0.01,32.14],[1,1,0.7,231.0],[1,1,0.8,5.0],[1,1,0.81,44.0]]}
{"t":1776986833.479357,"e":[[1,0,0.01,3.1400000000000006],[0,1,0.81]]}
{"t":1776986834.4890308,"e":[[1,0,0.01,32.14],[1,1,0.71,48.0]]}
{"t":1776986837.5276139,"e":[[1,0,0.04,13.0],[1,0,0.01,37.14],[1,1,0.7,270.0],[1,1,0.71,128.0],[1,1,0.8,136.0]]}
{"t":1776986839.562515,"e":[[1,1,0.71,80.0]]}
{"t":1776986840.579974,"e":[[1,1,0.81,44.0]]}
{"t":1776986841.594704,"e":[[0,1,0.71],[1,1,0.8,85.0]]}
{"t":1776986842.607126,"e":[[1,1,0.81,175.0]]}
{"t":1776986869.923723,"e":[[1,0,0.04,5.0],[1,0,0.01,32.14],[1,1,0.7,231.0],[1,1,0.8,5.0],[1,1,0.81,44.0]]}
{"t":1776986871.003186,"e":[[1,0,0.01,3.1400000000000006],[0,1,0.81]]}
{"t":1776986872.010302,"e":[[1,0,0.04,13.0],[1,0,0.01,37.14],[1,1,0.85,132.86],[1,1,0.71,48.0]]}
{"t":1776986873.021698,"e":[[1,1,0.7,270.0],[1,1,0.8,85.0]]}
{"t":1776986874.0322309,"e":[[1,1,0.7,231.0],[1,1,0.85,1.8600000000000136]]}
{"t":1776986875.040598,"e":[[1,1,0.71,77.0],[1,1,0.8,178.0]]}
{"t":1776986881.12467,"e":[[1,1,0.81,44.0]]}
{"t":1776986886.168145,"e":[[1,0,0.04,5.0],[1,0,0.01,3.1400000000000006],[0,1,0.71],[1,1,0.8,5.0],[0,1,0.81]]}
{"t":1776986887.189601,"e":[[1,0,0.04,13.0],[1,0,0.01,37.14],[1,1,0.7,270.0],[1,1,0.8,85.0],[1,1,0.85,132.86],[1,1,0.71,48.0]]}
{"t":1776986891.2371352,"e":[[0,1,0.71],[1,1,0.86,42.0]]}
{"t":1776986915.520103,"e":[[1,0,0.04,5.0],[1,0,0.01,32.14],[1,1,0.7,231.0],[1,1,0.8,5.0],[1,1,0.85,1.8600000000000136]]}
{"t":1776986916.541117,"e":[[1,0,0.01,3.1400000000000006],[0,1,0.86]]}
{"t":1776986917.555039,"e":[[1,0,0.01,32.14],[1,1,0.71,48.0]]}
{"t":1776986920.597632,"e":[[1,0,0.04,13.0],[1,0,0.01,37.14],[1,1,0.7,270.0],[1,1,0.71,128.0],[1,1,0.8,136.0]]}
{"t":1776986921.612855,"e":[[1,1,0.71,80.0]]}
{"t":1776986922.6233249,"e":[[0,1,0.71],[1,1,0.81,44.0]]}
{"t":1776986923.639456,"e":[[1,1,0.8,85.0],[1,1,0.81,175.0]]}
{"t":1776986942.903061,"e":[[1,0,0.04,5.0],[1,0,0.01,32.14],[1,1,0.7,231.0],[1,1,0.8,5.0],[1,1,0.81,44.0]]}
{"t":1776986943.9359202,"e":[[1,0,0.01,3.1400000000000006],[0,1,0.81]]}
{"t":1776986944.948885,"e":[[1,0,0.01,32.14],[1,1,0.71,48.0]]}
{"t":1776986946.9656582,"e":[[1,0,0.04,13.0],[1,0,0.01,8.14],[1,1,0.7,270.0],[1,1,0.71,128.0],[1,1,0.8,136.0]]}
{"t":1776986947.983878,"e":[[1,0,0.04,5.0],[1,0,0.01,3.1400000000000006],[1,1,0.7,231.0],[1,1,0.71,48.0],[1,1,0.8,5.0]]}
{"t":1776986951.017427,"e":[[1,0,0.01,32.14],[0,1,0.71]]}
{"t":1776986952.033379,"e":[[1,0,0.04,13.0],[1,0,0.01,37.14],[1,1,0.7,270.0],[1,1,0.8,85.0],[1,1,0.85,132.86],[1,1,0.71,48.0]]}
{"t":1776986956.07825,"e":[[1,1,0.7,231.0],[0,1,0.71],[1,1,0.85,1.8600000000000136]]}
{"t":1776986957.09714,"e":[[1,1,0.8,178.0],[1,1,0.71,77.0],[1,1,0.81,44.0]]}
{"t":1776986958.120378,"e":[[1,1,0.7,270.0],[0,1,0.71],[1,1,0.8,85.0],[1,1,0.81,175.0]]}
{"t":1776986964.188865,"e":[[1,0,0.04,5.0],[1,0,0.01,3.1400000000000006],[1,1,0.7,231.0],[1,1,0.8,5.0],[0,1,0.81]]}
{"t":1776986965.2104478,"e":[[1,0,0.01,32.14],[1,1,0.71,48.0]]}
{"t":1776986966.217751,"e":[[1,0,0.04,13.0],[1,0,0.01,37.14],[1,1,0.7,270.0],[1,1,0.71,128.0],[1,1,0.8,136.0]]}
{"t":1776986967.225376,"e":[[1,1,0.71,80.0],[1,1,0.81,44.0]]}
{"t":1776986969.24689,"e":[[0,1,0.71],[1,1,0.8,85.0]]}
{"t":1776986970.258007,"e":[[1,0,0.04,5.0],[1,0,0.01,32.14],[1,1,0.7,231.0],[1,1,0.8,5.0]]}
{"t":1776986971.275799,"e":[[1,0,0.04,13.0],[1,0,0.01,8.14],[1,1,0.7,270.0],[1,1,0.8,85.0],[1,1,0.81,175.0]]}
{"t":1776986972.294152,"e":[[1,0,0.01,37.14]]}
{"t":1776986979.398657,"e":[[1,0,0.04,5.0],[1,0,0.01,3.1400000000000006],[1,1,0.7,231.0],[1,1,0.8,5.0],[0,1,0.81]]}
{"t":1776986980.417485,"e":[[1,0,0.01,32.14],[1,1,0.71,48.0]]}
{"t":1776986982.427562,"e":[[1,0,0.04,13.0],[1,0,0.01,37.14],[1,1,0.7,270.0],[1,1,0.71,80.0],[1,1,0.8,136.0],[1,1,0.81,44.0]]}
{"t":1776986985.477796,"e":[[0,1,0.71]]}
{"t":1776986986.494668,"e":[[1,1,0.8,85.0],[1,1,0.81,175.0]]}
{"t":1776986996.63327,"e":[[1,0,0.04,5.0],[1,0,0.01,3.1400000000000006],[1,1,0.7,231.0],[1,1,0.8,5.0],[1,1,0.81,44.0]]}
{"t":1776986997.66156,"e":[[1,0,0.04,13.0],[1,0,0.01,8.14],[1,1,0.7,270.0],[1,1,0.8,85.0],[1,1,0.81,175.0]]}
{"t":1776986998.687124,"e":[[1,0,0.01,37.14],[1,1,0.81,131.0]]}
{"t":1776986999.705398,"e":[[0,1,0.81],[1,1,0.85,132.86]]}
{"t":1776987001.7309198,"e":[[1,1,0.86,42.0]]}
{"t":1776987043.294888,"e":[[1,1,0.7,39.0]]}
{"t":1776987048.358567,"e":[[0,1,0.7],[1,1,0.8,18.0],[1,1,0.85,27.860000000000014],[1,1,0.86,85.0]]}
{"t":1776987053.412641,"e":[[1,1,0.8,9.0],[1,1,0.85,8.860000000000014],[1,1,0.86,52.0]]}
{"t":1776987079.743087,"e":[[1,0,0.04,5.0],[1,0,0.01,32.14],[1,1,0.8,5.0],[1,1,0.85,1.8600000000000136],[1,1,0.86,42.0]]}
{"t":1776987080.771084,"e":[[1,0,0.04,25.0],[1,0,0.01,43.14],[1,1,0.8,10.0],[1,1,0.85,11.860000000000014],[1,1,0.86,58.0]]}
{"t":1776987081.793671,"e":[[1,0,0.01,14.14],[1,1,0.86,16.0]]}
{"t":1776987084.821516,"e":[[1,0,0.04,18.0],[1,0,0.01,11.14],[1,1,0.85,8.860000000000014],[0,1,0.86]]}
{"t":1776987085.8436558,"e":[[1,0,0.02,29.0],[1,1,0.14,16.0],[1,1,0.15,55.0]]}
{"t":1776987086.862421,"e":[[1,0,0.04,12.0],[1,0,0.01,6.140000000000001],[1,1,0.14,14.0]]}
{"t":1776987087.8779168,"e":[[1,0,0.02,34.0],[1,1,0.15,57.0]]}
{"t":1776987088.891605,"e":[[1,0,0.01,5.140000000000001]]}
{"t":1776987090.914874,"e":[[0,1,0.15]]}
{"t":1776987091.9281678,"e":[[1,1,0.14,16.0]]}
{"t":1776987093.953115,"e":[[1,1,0.15,55.0]]}
{"t":1776987094.967365,"e":[[0,1,0.15]]}
{"t":1776987095.9983191,"e":[[1,1,0.15,55.0]]}
{"t":1776987097.0031629,"e":[[1,1,0.14,14.0],[1,1,0.15,57.0]]}
{"t":1776987101.044023,"e":[[1,1,0.15,2.0]]}
{"t":1776987102.231891,"e":[[1,1,0.14,16.0],[1,1,0.15,55.0]]}
{"t":1776987105.279644,"e":[[1,1,0.14,14.0],[1,1,0.15,2.0]]}
{"t":1776987106.2961988,"e":[[1,1,0.15,57.0]]}
{"t":1776987116.423897,"e":[[1,1,0.15,55.0]]}
{"t":1776987117.4496598,"e":[[1,1,0.14,16.0]]}
{"t":1776987121.4935832,"e":[[0,1,0.15],[1,1,0.16,55.0]]}
{"t":1776987123.5142431,"e":[[1,1,0.14,14.0]]}
{"t":1776987124.531729,"e":[[1,1,0.16,57.0]]}
{"t":1776987126.562346,"e":[[1,1,0.16,2.0],[1,1,0.15,55.0]]}
{"t":1776987127.571431,"e":[[1,0,0.04,5.0],[0,0,0.02],[1,0,0.01,3.1400000000000006],[0,1,0.16],[1,1,0.8,5.0],[1,1,0.85,1.8600000000000136]]}
{"t":1776987128.5982761,"e":[[1,0,0.04,13.0],[1,0,0.01,37.14],[1,1,0.15,57.0],[1,1,0.8,10.0],[1,1,0.85,8.860000000000014]]}
{"t":1776987130.6385322,"e":[[1,1,0.15,2.0]]}
{"t":1776987131.655811,"e":[[1,0,0.04,5.0],[1,0,0.01,32.14],[1,1,0.15,55.0],[1,1,0.8,5.0],[1,1,0.85,1.8600000000000136]]}
{"t":1776987135.711443,"e":[[1,0,0.04,13.0],[1,0,0.01,37.14],[1,1,0.15,2.0],[1,1,0.8,10.0],[1,1,0.85,8.860000000000014]]}
{"t":1776987136.735955,"e":[[1,1,0.15,57.0]]}
{"t":1776987140.803107,"e":[[1,1,0.15,2.0]]}
{"t":1776987141.819246,"e":[[1,1,0.15,57.0]]}
{"t":1776987144.8593578,"e":[[1,0,0.04,5.0],[1,0,0.01,32.14],[1,1,0.15,55.0],[1,1,0.8,5.0],[1,1,0.85,1.8600000000000136]]}
{"t":1776987148.931984,"e":[[1,0,0.04,13.0],[1,0,0.01,37.14],[1,1,0.15,2.0],[1,1,0.8,10.0],[1,1,0.85,8.860000000000014]]}
{"t":1776987149.9522629,"e":[[1,1,0.15,57.0]]}
{"t":1776987150.966413,"e":[[1,1,0.15,2.0]]}
{"t":1776987151.9833589,"e":[[1,1,0.15,57.0]]}
{"t":1776987158.061683,"e":[[1,1,0.15,2.0]]}
{"t":1776987160.081635,"e":[[1,1,0.14,16.0],[0,1,0.15]]}
{"t":1776987161.10592,"e":[[1,1,0.15,55.0]]}
{"t":1776987164.143552,"e":[[0,1,0.15]]}
{"t":1776987165.1633542,"e":[[1,1,0.15,55.0]]}
{"t":1776987167.189208,"e":[[1,1,0.14,14.0],[0,1,0.15]]}
{"t":1776987168.203696,"e":[[1,1,0.15,57.0]]}
{"t":1776987177.322443,"e":[[1,1,0.15,2.0]]}
{"t":1776987178.3375309,"e":[[1,1,0.15,57.0]]}
{"t":1776987182.379035,"e":[[1,1,0.15,2.0]]}
{"t":1776987183.397322,"e":[[1,1,0.15,57.0]]}
{"t":1776987187.4610639,"e":[[1,1,0.15,2.0]]}
{"t":1776987188.480217,"e":[[1,1,0.15,57.0]]}
{"t":1776987192.518347,"e":[[1,1,0.15,2.0]]}
{"t":1776987193.5295548,"e":[[1,1,0.15,57.0]]}
{"t":1776987202.597383,"e":[[1,1,0.15,2.0]]}
{"t":1776987203.612182,"e":[[1,1,0.15,57.0]]}
{"t":1776987207.662765,"e":[[1,1,0.15,2.0]]}
{"t":1776987208.6758132,"e":[[1,0,0.04,5.0],[1,0,0.01,32.14],[1,1,0.15,55.0],[1,1,0.8,5.0],[1,1,0.85,1.8600000000000136]]}
{"t":1776987211.718431,"e":[[1,0,0.04,13.0],[1,0,0.01,37.14],[1,1,0.15,57.0],[1,1,0.8,10.0],[1,1,0.85,8.860000000000014]]}
{"t":1776987217.816164,"e":[[1,1,0.15,2.0]]}
{"t":1776987218.832751,"e":[[1,1,0.15,57.0]]}
{"t":1776987234.001248,"e":[[1,1,0.15,2.0],[1,1,0.16,55.0]]}
{"t":1776987236.022261,"e":[[0,1,0.15],[1,1,0.16,57.0]]}
{"t":1776987240.078253,"e":[[1,1,0.16,2.0]]}
{"t":1776987243.1123798,"e":[[1,1,0.14,16.0],[0,1,0.16]]}
{"t":1776987248.164921,"e":[[1,1,0.15,55.0]]}
{"t":1776987249.1758249,"e":[[1,1,0.14,14.0],[1,1,0.15,57.0]]}
{"t":1776987260.288648,"e":[[1,0,0.01,8.14],[1,1,0.15,2.0]]}
{"t":1776987262.3136482,"e":[[0,1,0.15]]}
{"t":1776987263.326335,"e":[[1,1,0.14,16.0]]}
{"t":1776987268.385867,"e":[[1,0,0.04,5.0],[1,0,0.01,3.1400000000000006],[1,1,0.14,14.0],[1,1,0.8,5.0],[1,1,0.85,1.8600000000000136]]}
{"t":1776987272.454564,"e":[[1,0,0.04,13.0],[1,0,0.01,8.14],[1,1,0.14,16.0],[1,1,0.8,10.0],[1,1,0.85,8.860000000000014]]}
{"t":1776987282.569941,"e":[[1,0,0.01,37.14],[1,1,0.15,55.0]]}
{"t":1776987283.578511,"e":[[1,1,0.14,14.0],[1,1,0.15,57.0]]}
{"t":1776987287.6183941,"e":[[1,1,0.15,2.0]]}
{"t":1776987289.640596,"e":[[0,1,0.15]]}
{"t":1776987290.656687,"e":[[1,1,0.14,16.0],[1,1,0.15,55.0]]}
{"t":1776987293.702332,"e":[[1,1,0.14,14.0]]}
{"t":1776987294.71853,"e":[[1,1,0.15,57.0]]}
{"t":1776987297.7574852,"e":[[1,1,0.15,2.0]]}
{"t":1776987298.77256,"e":[[1,1,0.14,16.0],[1,1,0.15,55.0]]}
{"t":1776987299.785046,"e":[[1,1,0.14,14.0],[1,1,0.15,57.0]]}
{"t":1776987301.809189,"e":[[1,1,0.15,2.0]]}
{"t":1776987302.818511,"e":[[1,1,0.15,57.0]]}
{"t":1776987306.869356,"e":[[1,1,0.15,2.0]]}
{"t":1776987307.884866,"e":[[1,0,0.04,5.0],[1,0,0.01,32.14],[1,1,0.15,55.0],[1,1,0.8,5.0],[1,1,0.85,1.8600000000000136]]}
{"t":1776987309.920022,"e":[[1,0,0.04,13.0],[1,0,0.01,37.14],[1,1,0.15,57.0],[1,1,0.8,10.0],[1,1,0.85,8.860000000000014]]}
{"t":1776987317.0173628,"e":[[1,0,0.04,5.0],[1,0,0.01,32.14],[1,1,0.15,55.0],[1,1,0.8,5.0],[1,1,0.85,1.8600000000000136]]}
{"t":1776987318.03879,"e":[[1,0,0.04,13.0],[1,0,0.01,37.14],[1,1,0.15,2.0],[1,1,0.8,10.0],[1,1,0.85,8.860000000000014]]}
{"t":1776987319.0616589,"e":[[1,1,0.15,57.0]]}
{"t":1776987323.1068218,"e":[[1,1,0.15,2.0]]}
{"t":1776987325.133365,"e":[[1,1,0.15,57.0]]}
{"t":1776987353.455848,"e":[[1,1,0.15,2.0]]}
{"t":1776987355.4825652,"e":[[1,1,0.15,57.0]]}
{"t":1776987358.515713,"e":[[1,1,0.15,2.0]]}
{"t":1776987359.5299451,"e":[[1,1,0.15,57.0]]}
{"t":1776987362.556312,"e":[[1,0,0.04,5.0],[1,0,0.01,3.1400000000000006],[1,1,0.15,55.0],[1,1,0.8,5.0],[1,1,0.85,1.8600000000000136]]}
{"t":1776987363.584385,"e":[[1,0,0.01,32.14]]}
{"t":1776987366.622816,"e":[[1,0,0.04,13.0],[1,0,0.01,37.14],[1,1,0.15,2.0],[1,1,0.8,10.0],[1,1,0.85,8.860000000000014]]}
{"t":1776987368.651447,"e":[[1,1,0.15,57.0]]}
{"t":1776987372.701343,"e":[[1,1,0.15,2.0]]}
{"t":1776987373.719001,"e":[[1,1,0.15,57.0]]}
{"t":1776987387.87745,"e":[[1,1,0.15,2.0]]}
{"t":1776987388.8948748,"e":[[1,0,0.04,5.0],[1,0,0.01,32.14],[1,1,0.15,55.0],[1,1,0.8,5.0],[1,1,0.85,1.8600000000000136]]}
{"t":1776987390.9331741,"e":[[0,0,0.04],[1,0,0.02,5.0]]}
{"t":1776987392.957681,"e":[[1,0,0.02,13.0],[1,0,0.01,37.14],[1,1,0.15,57.0],[1,1,0.8,10.0],[1,1,0.85,8.860000000000014]]}
{"t":1776987409.156678,"e":[[1,1,0.14,16.0],[1,1,0.15,55.0]]}
{"t":1776987410.173267,"e":[[1,1,0.14,14.0],[1,1,0.15,57.0]]}
{"t":1776987429.411867,"e":[[1,1,0.15,2.0]]}
{"t":1776987431.4396229,"e":[[1,1,0.14,16.0],[0,1,0.15]]}
{"t":1776987433.467194,"e":[[1,1,0.15,55.0]]}
{"t":1776987435.500764,"e":[[1,1,0.14,14.0],[1,1,0.15,57.0]]}
{"t":1776987438.540438,"e":[[1,1,0.15,2.0]]}
{"t":1776987439.5559192,"e":[[1,1,0.15,57.0]]}
{"t":1776987444.621623,"e":[[1,1,0.15,2.0]]}
{"t":1776987446.6523461,"e":[[1,1,0.15,57.0]]}
{"t":1776987449.688417,"e":[[1,1,0.15,2.0]]}
{"t":1776987455.7512221,"e":[[1,1,0.14,16.0],[1,1,0.15,55.0]]}
{"t":1776987458.781462,"e":[[0,1,0.15]]}
{"t":1776987459.80651,"e":[[1,1,0.14,14.0],[1,1,0.15,57.0]]}
{"t":1776987463.861921,"e":[[1,1,0.15,2.0]]}
{"t":1776987464.8793101,"e":[[1,1,0.15,57.0]]}
{"t":1776987469.938709,"e":[[1,1,0.15,2.0]]}
{"t":1776987471.964236,"e":[[1,1,0.14,16.0],[0,1,0.15]]}
{"t":1776987480.037149,"e":[[1,0,0.02,5.0],[1,0,0.01,32.14],[1,1,0.14,14.0],[1,1,0.8,5.0],[1,1,0.85,1.8600000000000136]]}
{"t":1776987481.0704799,"e":[[1,0,0.02,25.0],[1,0,0.01,14.14],[1,1,0.14,17.0],[1,1,0.8,14.0],[1,1,0.85,15.860000000000014],[1,1,0.15,55.0]]}
{"t":1776987482.092763,"e":[[1,0,0.02,53.0]]}
{"t":1776987483.109153,"e":[[1,1,0.14,14.0],[1,1,0.8,10.0],[1,1,0.85,8.860000000000014]]}
{"t":1776987484.123154,"e":[[1,0,0.02,81.0],[1,0,0.01,32.14],[1,1,0.15,57.0]]}
{"t":1776987489.202267,"e":[[1,1,0.15,2.0]]}
{"t":1776987490.219332,"e":[[1,1,0.15,57.0]]}
{"t":1776987495.296566,"e":[[1,1,0.15,2.0]]}
{"t":1776987498.339239,"e":[[1,1,0.14,16.0],[1,1,0.15,55.0]]}
{"t":1776987500.3682282,"e":[[0,1,0.15]]}
{"t":1776987501.38164,"e":[[1,1,0.15,55.0]]}
{"t":1776987502.399264,"e":[[1,1,0.14,14.0],[1,1,0.15,57.0]]}
{"t":1776987506.457539,"e":[[1,1,0.15,2.0]]}
{"t":1776987507.476583,"e":[[0,1,0.15]]}
{"t":1776987508.485173,"e":[[1,1,0.14,16.0]]}
{"t":1776987509.499563,"e":[[1,0,0.02,33.0],[1,0,0.01,3.1400000000000006],[1,1,0.14,14.0],[1,1,0.8,5.0],[1,1,0.85,1.8600000000000136]]}
{"t":1776987511.536454,"e":[[1,1,0.14,69.0]]}
{"t":1776987513.572844,"e":[[1,0,0.02,81.0],[1,0,0.01,32.14],[1,1,0.14,71.0],[1,1,0.8,10.0],[1,1,0.85,8.860000000000014]]}
{"t":1776987516.619714,"e":[[1,1,0.14,16.0]]}
{"t":1776987518.654739,"e":[[1,1,0.15,55.0]]}
{"t":1776987519.6706262,"e":[[1,1,0.14,14.0],[1,1,0.15,57.0]]}
{"t":1776987521.693776,"e":[[1,1,0.15,2.0]]}
{"t":1776987523.792465,"e":[[1,1,0.15,57.0]]}
{"t":1776987524.805346,"e":[[1,1,0.14,16.0],[1,1,0.15,55.0]]}
{"t":1776987526.826316,"e":[[1,1,0.14,14.0]]}
{"t":1776987527.8322,"e":[[1,1,0.15,57.0]]}
{"t":1776987528.8478441,"e":[[1,1,0.15,2.0]]}
{"t":1776987529.853049,"e":[[1,1,0.14,16.0],[1,1,0.15,55.0]]}
{"t":1776987531.878761,"e":[[1,1,0.14,14.0],[1,1,0.15,2.0]]}
{"t":1776987533.910044,"e":[[0,1,0.15]]}
{"t":1776987534.919015,"e":[[1,1,0.14,16.0]]}
{"t":1776987536.9385579,"e":[[1,1,0.15,55.0]]}
{"t":1776987539.9903848,"e":[[1,1,0.14,14.0],[1,1,0.15,57.0]]}
{"t":1776987546.0651488,"e":[[1,0,0.02,33.0],[1,0,0.01,3.1400000000000006],[1,1,0.15,55.0],[1,1,0.8,5.0],[1,1,0.85,1.8600000000000136]]}
{"t":1776987547.084178,"e":[[1,1,0.14,69.0],[0,1,0.15]]}
{"t":1776987548.090229,"e":[[1,0,0.02,81.0],[1,0,0.01,32.14],[1,1,0.14,71.0],[1,1,0.8,10.0],[1,1,0.85,8.860000000000014]]}
{"t":1776987551.1348,"e":[[1,1,0.14,16.0]]}
{"t":1776987553.205825,"e":[[1,1,0.14,14.0],[1,1,0.15,55.0]]}
{"t":1776987554.220887,"e":[[1,1,0.15,57.0]]}
{"t":1776987557.2507882,"e":[[1,1,0.15,2.0]]}
{"t":1776987559.271056,"e":[[0,1,0.15]]}
{"t":1776987560.279117,"e":[[1,1,0.14,16.0]]}
{"t":1776987563.305991,"e":[[1,1,0.15,55.0]]}
{"t":1776987564.310991,"e":[[1,1,0.14,14.0],[1,1,0.15,57.0]]}
{"t":1776987565.324453,"e":[[1,0,0.02,33.0],[1,0,0.01,3.1400000000000006],[1,1,0.15,55.0],[1,1,0.8,5.0],[1,1,0.85,1.8600000000000136]]}
{"t":1776987568.358059,"e":[[1,0,0.02,81.0],[1,0,0.01,32.14],[1,1,0.15,57.0],[1,1,0.8,10.0],[1,1,0.85,8.860000000000014]]}
{"t":1776987570.385914,"e":[[1,0,0.02,33.0],[1,0,0.01,3.1400000000000006],[0,1,0.15],[1,1,0.8,5.0],[1,1,0.85,1.8600000000000136]]}
{"t":1776987571.411482,"e":[[1,0,0.02,150.0],[1,0,0.01,75.14],[1,1,0.8,15.0],[1,1,0.85,17.860000000000014],[1,1,0.15,5.0]]}
{"t":1776987572.4206111,"e":[[1,1,0.81,44.0]]}
{"t":1776987574.4396539,"e":[[1,0,0.01,3.1400000000000006],[0,1,0.15],[1,1,0.8,11.0]]}
{"t":1776987575.4554582,"e":[[1,1,0.81,56.0],[1,1,0.85,21.860000000000014]]}
{"t":1776987576.472613,"e":[[1,1,0.81,12.0]]}
{"t":1776987577.4838452,"e":[[1,0,0.02,33.0],[1,1,0.8,5.0],[0,1,0.81],[1,1,0.85,1.8600000000000136],[1,1,0.82,44.0]]}
{"t":1776987579.517474,"e":[[1,0,0.02,81.0],[1,0,0.01,32.14],[1,1,0.8,11.0],[1,1,0.82,56.0],[1,1,0.85,21.860000000000014]]}
{"t":1776987582.55534,"e":[[1,1,0.82,12.0]]}
{"t":1776987583.56968,"e":[[0,1,0.82],[1,1,0.83,43.0]]}
{"t":1776987584.5848262,"e":[[1,1,0.83,55.0]]}
{"t":1776987586.6072462,"e":[[1,0,0.02,33.0],[1,0,0.01,3.1400000000000006],[1,1,0.8,5.0],[1,1,0.83,43.0],[1,1,0.85,1.8600000000000136]]}
{"t":1776987587.619329,"e":[[0,1,0.83]]}
{"t":1776987588.64445,"e":[[1,0,0.02,81.0],[1,0,0.01,32.14],[1,1,0.8,11.0],[1,1,0.85,21.860000000000014],[1,1,0.83,12.0]]}
{"t":1776987589.666285,"e":[[0,1,0.83],[1,1,0.84,43.0]]}
{"t":1776987590.6854012,"e":[[1,1,0.14,16.0],[1,1,0.8,10.0],[1,1,0.85,8.860000000000014]]}
{"t":1776987592.7096992,"e":[[1,1,0.14,14.0],[1,1,0.8,11.0],[1,1,0.84,12.0],[1,1,0.85,21.860000000000014],[1,1,0.15,55.0]]}
{"t":1776987593.725282,"e":[[1,0,0.02,33.0],[1,0,0.01,3.1400000000000006],[1,1,0.8,5.0],[0,1,0.84],[1,1,0.85,1.8600000000000136]]}
{"t":1776987594.758166,"e":[[1,0,0.02,81.0],[1,0,0.01,32.14],[1,1,0.15,57.0],[1,1,0.8,10.0],[1,1,0.85,8.860000000000014]]}
{"t":1776987602.868939,"e":[[1,1,0.15,2.0]]}
{"t":1776987605.9035032,"e":[[0,1,0.15]]}
{"t":1776987606.920126,"e":[[1,1,0.14,16.0]]}
{"t":1776987607.9300349,"e":[[1,1,0.15,55.0]]}
{"t":1776987612.9781141,"e":[[0,1,0.15]]}
{"t":1776987615.007124,"e":[[1,1,0.15,55.0]]}
{"t":1776987618.0579588,"e":[[1,1,0.14,14.0]]}
{"t":1776987619.0643048,"e":[[1,1,0.15,57.0]]}
{"t":1776987620.079356,"e":[[1,0,0.02,33.0],[1,0,0.01,3.1400000000000006],[1,1,0.14,69.0],[0,1,0.15],[1,1,0.8,5.0],[1,1,0.85,1.8600000000000136]]}
{"t":1776987622.1203682,"e":[[1,0,0.02,81.0],[1,0,0.01,32.14],[1,1,0.14,71.0],[1,1,0.8,10.0],[1,1,0.85,8.860000000000014]]}
{"t":1776987623.1461928,"e":[[1,1,0.14,16.0],[1,1,0.15,55.0]]}
{"t":1776987624.163271,"e":[[1,1,0.14,14.0]]}
{"t":1776987625.183369,"e":[[1,1,0.15,57.0]]}
{"t":1776987633.261933,"e":[[1,1,0.15,2.0]]}
{"t":1776987635.279861,"e":[[1,1,0.15,57.0]]}
{"t":1776987638.300576,"e":[[1,1,0.15,2.0]]}
{"t":1776987640.3094919,"e":[[1,1,0.15,57.0]]}
{"t":1776987644.336449,"e":[[1,1,0.15,2.0]]}
{"t":1776987645.346393,"e":[[1,1,0.14,16.0],[1,1,0.15,55.0]]}
{"t":1776987647.358795,"e":[[1,0,0.02,33.0],[1,0,0.01,3.1400000000000006],[1,1,0.14,14.0],[1,1,0.8,5.0],[1,1,0.85,1.8600000000000136]]}
{"t":1776987648.369152,"e":[[1,0,0.02,81.0],[1,0,0.01,32.14],[1,1,0.15,57.0],[1,1,0.8,10.0],[1,1,0.85,8.860000000000014]]}
{"t":1776987649.380308,"e":[[1,1,0.15,2.0]]}
{"t":1776987652.398417,"e":[[0,1,0.15]]}
{"t":1776987653.4153118,"e":[[1,1,0.14,16.0],[1,1,0.15,55.0]]}
{"t":1776987654.426941,"e":[[1,1,0.14,14.0]]}
{"t":1776987655.4332852,"e":[[1,0,0.02,33.0],[1,0,0.01,3.1400000000000006],[1,1,0.8,5.0],[1,1,0.85,1.8600000000000136]]}
{"t":1776987728.973908,"e":[[1,1,0.8,1.69],[1,1,0.85,1.354472090042691e-14]]}
{"t":1776987729.978753,"e":[[1,1,0.14,68.0],[0,1,0.15]]}
{"t":1776987763.198397,"e":[[1,1,0.14,54.0],[1,1,0.15,13.0]]}
{"t":1776987781.315525,"e":[[0,1,0.8]]}
{"t":1776987960.645256,"e":[[1,0,0.03,555.0],[1,0,0.02,5.0]]}
{"t":1776987961.6513479,"e":[[1,0,0.04,34.0]]}
{"t":1776987963.6639419,"e":[[0,0,0.03],[1,0,0.2,555.0]]}
{"t":1776987964.668879,"e":[[1,0,0.21,33.0],[1,0,0.01,54.14],[0,0,0.04],[1,0,0.02,50.0]]}
{"t":1776987965.6743748,"e":[[1,0,0.22,20.0],[0,1,0.14],[1,1,0.16,20.0]]}
{"t":1776987966.6805482,"e":[[1,1,0.16,70.0]]}
{"t":1776987972.7187688,"e":[[0,0,0.22],[1,0,0.21,61.41],[1,1,0.16,20.0]]}
{"t":1776987973.725916,"e":[[1,1,0.16,70.0]]}
{"t":1776987975.73891,"e":[[0,0,0.21],[1,1,0.79,28.41]]}
{"t":1776987977.7464068,"e":[[1,1,0.16,20.0],[1,1,0.17,54.0]]}
{"t":1776987978.756653,"e":[[1,0,0.21,61.41],[1,0,0.03,32.0],[0,1,0.79]]}
{"t":1776987982.784043,"e":[[0,0,0.03]]}
{"t":1776987983.8005571,"e":[[0,0,0.21],[1,0,0.22,33.0]]}
{"t":1776987985.8239129,"e":[[0,0,0.22],[0,1,0.17],[1,1,0.79,28.41]]}
{"t":1776987987.850254,"e":[[0,1,0.79],[1,1,0.17,54.0]]}
{"t":1776987988.8580391,"e":[[1,0,0.22,32.0]]}
{"t":1776987989.8663192,"e":[[1,0,0.23,56.07],[0,1,0.16],[1,1,0.18,20.0]]}
{"t":1776987991.878876,"e":[[0,0,0.23],[0,0,0.22]]}
{"t":1776987992.889287,"e":[[1,0,0.21,61.41],[0,1,0.17],[1,1,0.16,51.0]]}
{"t":1776987994.902001,"e":[[0,0,0.21],[1,0,0.22,33.0]]}
{"t":1776987995.90885,"e":[[0,0,0.22],[1,1,0.79,28.41]]}
{"t":1776987996.914724,"e":[[0,1,0.16]]}
{"t":1776987997.928082,"e":[[1,0,0.21,61.41],[1,0,0.03,32.0],[0,1,0.79],[1,1,0.19,53.0]]}
{"t":1776988000.953293,"e":[[0,0,0.21]]}
{"t":1776988001.960661,"e":[[0,0,0.03]]}
{"t":1776988002.975689,"e":[[1,0,0.21,33.0]]}
{"t":1776988005.9955258,"e":[[0,1,0.18],[0,1,0.19],[1,1,0.16,51.0],[1,1,0.2,20.0]]}
{"t":1776988007.0013928,"e":[[0,0,0.21],[0,1,0.16]]}
{"t":1776988008.025884,"e":[[1,1,0.16,51.0]]}
{"t":1776988010.05021,"e":[[0,0,0.2],[1,0,0.21,33.0]]}
{"t":1776988012.056654,"e":[[0,0,0.21],[0,1,0.16]]}
{"t":1776988013.06628,"e":[[1,0,0.02,5.0],[1,0,0.01,3.1400000000000006]]}
{"t":1776988015.071352,"e":[[1,0,0.01,37.14],[1,1,0.16,52.0]]}
{"t":1776988017.08818,"e":[[1,0,0.01,3.1400000000000006],[0,1,0.16]]}
{"t":1776988018.098378,"e":[[1,0,0.01,37.14],[1,1,0.16,52.0]]}
{"t":1776988022.128649,"e":[[0,1,0.2],[1,1,0.21,20.0]]}
{"t":1776988023.136828,"e":[[1,0,0.01,3.1400000000000006],[0,1,0.16]]}
{"t":1776988024.147897,"e":[[1,0,0.01,37.14],[1,1,0.16,52.0]]}
{"t":1776988028.1805398,"e":[[1,0,0.02,7.1]]}
{"t":1776988030.193024,"e":[[1,0,0.02,5.3999999999999995]]}
{"t":1776988032.209558,"e":[[1,0,0.03,58.0],[1,0,0.02,4.999999999999999],[0,1,0.15],[1,1,0.01,400.0]]}
{"t":1776988036.2343419,"e":[[1,0,0.01,3.1400000000000006],[0,1,0.16]]}
{"t":1776988038.253246,"e":[[1,0,0.03,55.0],[0,1,0.21],[1,1,0.22,20.0]]}
{"t":1776988040.268288,"e":[[1,0,0.04,34.0],[1,1,0.14,52.0],[1,1,0.15,60.0]]}
{"t":1776988041.2816482,"e":[[0,1,0.14]]}
{"t":1776988042.293437,"e":[[1,0,0.03,222.0]]}
{"t":1776988043.298849,"e":[[1,1,0.16,52.0],[1,1,0.02,200.0]]}
{"t":1776988044.3047109,"e":[[1,0,0.04,61.8],[1,1,0.17,20.0]]}
{"t":1776988045.311983,"e":[[1,0,0.04,62.55]]}
{"t":1776988047.35995,"e":[[0,0,0.03],[1,0,0.2,222.0],[1,0,0.11,60.0],[1,0,0.05,100.0],[1,0,0.04,49.0]]}
{"t":1776988048.370343,"e":[[0,1,0.16]]}
{"t":1776988051.393313,"e":[[1,0,0.03,21.0],[1,0,0.01,52.14],[1,0,0.02,32.0]]}
{"t":1776988052.417081,"e":[[0,0,0.2],[0,0,0.03],[1,0,0.01,3.1400000000000006],[1,0,0.04,15.0],[1,0,0.02,5.0]]}
{"t":1776988055.43713,"e":[[0,0,0.11],[0,1,0.22],[1,1,0.23,20.0]]}
{"t":1776988057.44317,"e":[[0,0,0.05],[1,0,0.06,34.0],[1,1,0.18,52.0]]}
{"t":1776988058.459006,"e":[[0,1,0.17],[1,1,0.19,20.0]]}
{"t":1776988060.469824,"e":[[1,1,0.02,100.0]]}
{"t":1776988061.4776142,"e":[[1,0,0.09,555.0]]}
{"t":1776988062.4881659,"e":[[1,0,0.01,63.14]]}
{"t":1776988066.515597,"e":[[0,0,0.06],[1,0,0.1,68.0],[1,0,0.01,107.14],[0,0,0.04],[0,1,0.18]]}
{"t":1776988067.531114,"e":[[1,0,0.11,38.05],[0,1,0.19],[1,1,0.2,51.0],[1,1,0.21,20.0]]}
{"t":1776988071.548649,"e":[[0,1,0.23],[1,1,0.14,100.0],[1,1,0.25,20.0]]}
{"t":1776988074.5562088,"e":[[1,0,0.11,33.0],[1,0,0.1,15.0],[0,0,0.09],[1,0,0.14,555.0],[1,0,0.01,163.14],[0,1,0.21]]}
{"t":1776988075.558443,"e":[[0,0,0.11],[1,0,0.01,209.14],[1,0,0.02,53.0],[0,1,0.2],[1,1,0.16,20.0]]}
{"t":1776988076.563713,"e":[[0,0,0.1],[1,0,0.15,78.0],[0,1,0.15],[0,1,0.16],[1,1,0.17,51.0],[1,1,0.18,60.0],[1,1,0.19,20.0]]}
{"t":1776988077.5729458,"e":[[1,0,0.06,60.0],[1,0,0.01,149.14],[0,1,0.17]]}
{"t":1776988079.5892348,"e":[[1,1,0.2,51.0]]}
{"t":1776988080.5930629,"e":[[0,0,0.15],[1,0,0.07,15.0]]}
{"t":1776988083.636375,"e":[[0,1,0.2]]}
{"t":1776988084.6451762,"e":[[0,0,0.07],[1,0,0.15,48.0]]}
{"t":1776988085.6521869,"e":[[1,0,0.15,78.0],[1,1,0.2,51.0]]}
{"t":1776988087.660388,"e":[[0,1,0.25],[1,1,0.27,20.0]]}
{"t":1776988088.664274,"e":[[0,0,0.15],[0,0,0.14],[1,0,0.07,15.0],[1,0,0.01,103.13999999999999],[1,0,0.02,5.0],[0,1,0.19],[0,1,0.2],[1,1,0.21,20.0],[1,1,0.86,78.0]]}
{"t":1776988089.6708322,"e":[[1,1,0.28,52.0]]}
{"t":1776988090.676165,"e":[[0,1,0.14],[0,1,0.18],[0,1,0.21],[1,1,0.29,100.0],[1,1,0.3,20.0],[1,1,0.77,60.0]]}
{"t":1776988091.6795058,"e":[[0,0,0.07],[0,0,0.06],[1,0,0.01,18.139999999999986]]}
{"t":1776988092.68123,"e":[[1,0,0.01,46.139999999999986]]}
{"t":1776988093.684608,"e":[[1,0,0.01,18.139999999999986],[0,1,0.28]]}
{"t":1776988094.6904042,"e":[[1,0,0.01,46.139999999999986],[1,1,0.87,42.0]]}
{"t":1776988095.694697,"e":[[0,1,0.3],[1,1,0.86,578.0],[1,1,0.87,62.0]]}
{"t":1776988100.716125,"e":[[1,0,0.01,45.139999999999986]]}
{"t":1776988101.723829,"e":[[0,1,0.77]]}
{"t":1776988102.7301261,"e":[[0,1,0.29]]}
{"t":1776988104.739021,"e":[[1,0,0.01,18.139999999999986],[0,1,0.27],[1,1,0.69,20.0]]}
{"t":1776988105.749713,"e":[[1,0,0.01,45.139999999999986]]}
{"t":1776988111.7922409,"e":[[1,1,0.14,14.0],[1,1,0.01,200.0]]}
{"t":1776988886.5283241,"e":[[1,0,0.01,3.1400000000000006]]}
{"t":1776988887.531851,"e":[[1,0,0.01,30.14]]}
{"t":1776988891.5543191,"e":[[1,0,0.01,3.1400000000000006]]}
{"t":1776988892.562648,"e":[[1,0,0.01,30.14]]}
{"t":1776988900.610071,"e":[[0,1,0.18],[1,1,0.17,20.0]]}
{"t":1776988902.625119,"e":[[1,0,0.01,31.14]]}
{"t":1776988906.645308,"e":[[1,0,0.01,3.1400000000000006]]}
{"t":1776988907.6538181,"e":[[1,0,0.01,30.14]]}
{"t":1776988916.698333,"e":[[1,0,0.01,3.1400000000000006]]}
{"t":1776988917.708884,"e":[[1,0,0.01,30.14],[0,1,0.17],[1,1,0.16,20.0]]}
{"t":1776988928.775018,"e":[[1,0,0.01,3.1400000000000006]]}
{"t":1776988930.786607,"e":[[1,0,0.01,30.14]]}
{"t":1776988931.789712,"e":[[1,0,0.01,3.1400000000000006]]}
{"t":1776988932.798344,"e":[[1,0,0.01,30.14]]}
{"t":1776988933.807924,"e":[[0,1,0.16],[1,1,0.15,20.0]]}
{"t":1776988941.835265,"e":[[1,0,0.01,3.1400000000000006]]}
{"t":1776988942.840235,"e":[[1,0,0.01,30.14]]}
{"t":1776988946.8511412,"e":[[1,0,0.01,3.1400000000000006]]}
{"t":1776988947.8589609,"e":[[1,0,0.01,30.14]]}
{"t":1776988949.884087,"e":[[1,1,0.14,34.0],[0,1,0.15]]}
{"t":1776988956.922857,"e":[[1,0,0.01,3.1400000000000006]]}
{"t":1776988957.9327219,"e":[[1,0,0.01,30.14]]}
{"t":1776988962.000334,"e":[[1,0,0.01,3.1400000000000006]]}
{"t":1776988963.01169,"e":[[1,0,0.01,30.14]]}
{"t":1776988966.028478,"e":[[1,1,0.13,2583.0],[1,1,0.14,14.0]]}
{"t":1776988967.034467,"e":[[1,0,0.01,3.1400000000000006]]}
{"t":1776988968.038163,"e":[[1,0,0.01,30.14]]}
