{"t": 1776975854.366905, "events": [{"op": "set", "side": "bid", "price": 0.48, "size": 35.0}]}
{"t": 1776975855.3857431, "events": [{"op": "delete", "side": "bid", "price": 0.47}, {"op": "set", "side": "bid", "price": 0.45, "size": 522.85}, {"op": "delete", "side": "bid", "price": 0.46}, {"op": "set", "side": "ask", "price": 0.44, "size": 974.0}]}
{"t": 1776975856.396708, "events": [{"op": "set", "side": "bid", "price": 0.48, "size": 271.0}, {"op": "set", "side": "bid", "price": 0.4, "size": 31.0}, {"op": "set", "side": "bid", "price": 0.45, "size": 552.85}]}
{"t": 1776975859.432927, "events": [{"op": "set", "side": "bid", "price": 0.48, "size": 151.0}, {"op": "set", "side": "bid", "price": 0.4, "size": 10.0}, {"op": "set", "side": "bid", "price": 0.45, "size": 522.85}]}
{"t": 1776975860.4405582, "events": [{"op": "set", "side": "bid", "price": 0.48, "size": 116.0}, {"op": "set", "side": "bid", "price": 0.45, "size": 576.85}, {"op": "set", "side": "bid", "price": 0.5, "size": 23.0}, {"op": "set", "side": "bid", "price": 0.49, "size": 197.0}]}
{"t": 1776975866.4869819, "events": [{"op": "set", "side": "bid", "price": 0.5, "size": 255.0}, {"op": "delete", "side": "bid", "price": 0.49}, {"op": "set", "side": "bid", "price": 0.45, "size": 558.85}, {"op": "delete", "side": "bid", "price": 0.48}, {"op": "set", "side": "bid", "price": 0.4, "size": 34.0}, {"op": "set", "side": "bid", "price": 0.46, "size": 26.0}, {"op": "set", "side": "ask", "price": 0.41, "size": 20749.28}, {"op": "set", "side": "ask", "price": 0.44, "size": 971.0}]}
{"t": 1776975868.5054138, "events": [{"op": "delete", "side": "bid", "price": 0.46}]}
{"t": 1776975869.519797, "events": [{"op": "delete", "side": "bid", "price": 0.5}, {"op": "set", "side": "bid", "price": 0.46, "size": 28.0}, {"op": "set", "side": "ask", "price": 0.44, "size": 970.0}]}
{"t": 1776975870.536895, "events": [{"op": "set", "side": "bid", "price": 0.46, "size": 236.0}, {"op": "set", "side": "bid", "price": 0.4, "size": 27.0}, {"op": "set", "side": "bid", "price": 0.45, "size": 543.85}, {"op": "set", "side": "ask", "price": 0.41, "size": 20751.28}, {"op": "set", "side": "ask", "price": 0.44, "size": 978.0}]}
{"t": 1776975873.562508, "events": [{"op": "set", "side": "bid", "price": 0.47, "size": 10.0}]}
{"t": 1776975877.589459, "events": [{"op": "set", "side": "bid", "price": 0.44, "size": 1.0}]}
{"t": 1776975878.59487, "events": [{"op": "set", "side": "bid", "price": 0.4, "size": 10.0}, {"op": "set", "side": "bid", "price": 0.45, "size": 507.85}, {"op": "set", "side": "bid", "price": 0.46, "size": 28.0}, {"op": "set", "side": "ask", "price": 0.41, "size": 20327.28}, {"op": "set", "side": "ask", "price": 0.44, "size": 355.0}, {"op": "set", "side": "ask", "price": 0.45, "size": 14.0}]}
{"t": 1776975883.6573179, "events": [{"op": "set", "side": "bid", "price": 0.47, "size": 187.0}, {"op": "set", "side": "bid", "price": 0.45, "size": 513.85}, {"op": "set", "side": "bid", "price": 0.46, "size": 13.0}, {"op": "set", "side": "bid", "price": 0.48, "size": 25.0}, {"op": "set", "side": "ask", "price": 0.41, "size": 20758.28}, {"op": "set", "side": "ask", "price": 0.43, "size": 16.0}, {"op": "set", "side": "ask", "price": 0.44, "size": 1071.0}, {"op": "set", "side": "ask", "price": 0.45, "size": 853.0}]}
{"t": 1776975888.692513, "events": [{"op": "set", "side": "bid", "price": 0.47, "size": 177.0}]}
{"t": 1776975889.700941, "events": [{"op": "set", "side": "bid", "price": 0.48, "size": 236.0}, {"op": "set", "side": "bid", "price": 0.47, "size": 33.0}, {"op": "set", "side": "bid", "price": 0.45, "size": 522.85}, {"op": "delete", "side": "bid", "price": 0.46}, {"op": "set", "side": "ask", "price": 0.41, "size": 20709.28}, {"op": "set", "side": "ask", "price": 0.42, "size": 22.0}, {"op": "set", "side": "ask", "price": 0.43, "size": 398.0}, {"op": "set", "side": "ask", "price": 0.44, "size": 924.0}, {"op": "set", "side": "ask", "price": 0.45, "size": 54.0}]}
{"t": 1776975913.861079, "events": [{"op": "set", "side": "bid", "price": 0.48, "size": 209.0}, {"op": "delete", "side": "bid", "price": 0.47}, {"op": "set", "side": "bid", "price": 0.45, "size": 513.85}, {"op": "set", "side": "ask", "price": 0.42, "size": 40.0}, {"op": "delete", "side": "ask", "price": 0.43}]}
{"t": 1776975914.8911412, "events": [{"op": "set", "side": "bid", "price": 0.45, "size": 611.85}, {"op": "set", "side": "bid", "price": 0.44, "size": 50.0}, {"op": "set", "side": "ask", "price": 0.41, "size": 20758.28}, {"op": "set", "side": "ask", "price": 0.44, "size": 1071.0}, {"op": "set", "side": "ask", "price": 0.45, "size": 907.0}]}
{"t": 1776975916.9452019, "events": [{"op": "set", "side": "bid", "price": 0.48, "size": 119.0}, {"op": "set", "side": "bid", "price": 0.45, "size": 563.85}, {"op": "set", "side": "bid", "price": 0.44, "size": 1.0}, {"op": "set", "side": "ask", "price": 0.41, "size": 20750.28}, {"op": "set", "side": "ask", "price": 0.44, "size": 978.0}, {"op": "set", "side": "ask", "price": 0.45, "size": 623.0}]}
{"t": 1776975917.960892, "events": [{"op": "set", "side": "bid", "price": 0.48, "size": 94.0}, {"op": "set", "side": "bid", "price": 0.5, "size": 23.0}, {"op": "set", "side": "bid", "price": 0.49, "size": 192.0}]}
{"t": 1776975940.061205, "events": [{"op": "delete", "side": "bid", "price": 0.5}, {"op": "delete", "side": "bid", "price": 0.49}, {"op": "set", "side": "bid", "price": 0.45, "size": 507.85}, {"op": "delete", "side": "bid", "price": 0.48}, {"op": "set", "side": "ask", "price": 0.41, "size": 20327.28}, {"op": "set", "side": "ask", "price": 0.43, "size": 51.0}, {"op": "set", "side": "ask", "price": 0.44, "size": 355.0}, {"op": "delete", "side": "ask", "price": 0.45}]}
{"t": 1776975941.0863051, "events": [{"op": "set", "side": "bid", "price": 0.46, "size": 27.0}]}
{"t": 1776975942.095907, "events": [{"op": "set", "side": "bid", "price": 0.46, "size": 222.0}, {"op": "set", "side": "bid", "price": 0.45, "size": 542.85}, {"op": "set", "side": "bid", "price": 0.44, "size": 16.0}, {"op": "set", "side": "ask", "price": 0.41, "size": 20765.28}, {"op": "set", "side": "ask", "price": 0.47, "size": 36.0}, {"op": "set", "side": "ask", "price": 0.44, "size": 964.0}]}
{"t": 1776975943.110956, "events": [{"op": "delete", "side": "ask", "price": 0.47}, {"op": "set", "side": "ask", "price": 0.45, "size": 40.0}]}
{"t": 1776975944.1347961, "events": [{"op": "set", "side": "ask", "price": 0.45, "size": 59.0}]}
{"t": 1776975945.176098, "events": [{"op": "set", "side": "bid", "price": 0.45, "size": 543.85}, {"op": "delete", "side": "bid", "price": 0.44}]}
{"t": 1776975946.19179, "events": [{"op": "set", "side": "bid", "price": 0.46, "size": 129.0}, {"op": "set", "side": "ask", "price": 0.41, "size": 20758.28}]}
{"t": 1776975948.2322109, "events": [{"op": "set", "side": "bid", "price": 0.46, "size": 102.0}, {"op": "set", "side": "bid", "price": 0.45, "size": 569.85}, {"op": "set", "side": "bid", "price": 0.47, "size": 223.0}, {"op": "set", "side": "ask", "price": 0.44, "size": 1071.0}, {"op": "set", "side": "ask", "price": 0.45, "size": 912.0}]}
{"t": 1776975949.255933, "events": [{"op": "set", "side": "bid", "price": 0.48, "size": 25.0}]}
{"t": 1776975951.2976189, "events": [{"op": "delete", "side": "bid", "price": 0.47}, {"op": "set", "side": "bid", "price": 0.45, "size": 508.85}, {"op": "delete", "side": "bid", "price": 0.46}, {"op": "set", "side": "ask", "price": 0.41, "size": 20327.28}, {"op": "set", "side": "ask", "price": 0.44, "size": 355.0}, {"op": "set", "side": "ask", "price": 0.45, "size": 59.0}]}
{"t": 1776975953.32274, "events": [{"op": "delete", "side": "bid", "price": 0.48}, {"op": "set", "side": "bid", "price": 0.46, "size": 27.0}]}
{"t": 1776975954.332581, "events": [{"op": "set", "side": "bid", "price": 0.4, "size": 25.0}, {"op": "set", "side": "bid", "price": 0.45, "size": 541.85}, {"op": "set", "side": "bid", "price": 0.48, "size": 212.0}, {"op": "set", "side": "ask", "price": 0.41, "size": 20758.28}, {"op": "set", "side": "ask", "price": 0.44, "size": 1071.0}, {"op": "set", "side": "ask", "price": 0.45, "size": 912.0}]}
{"t": 1776975959.372451, "events": [{"op": "delete", "side": "bid", "price": 0.48}, {"op": "set", "side": "bid", "price": 0.4, "size": 26.0}, {"op": "set", "side": "bid", "price": 0.45, "size": 543.85}, {"op": "set", "side": "bid", "price": 0.46, "size": 231.0}, {"op": "set", "side": "ask", "price": 0.41, "size": 20751.28}, {"op": "set", "side": "ask", "price": 0.44, "size": 979.0}, {"op": "set", "side": "ask", "price": 0.45, "size": 628.0}]}
{"t": 1776975964.407889, "events": [{"op": "set", "side": "bid", "price": 0.45, "size": 542.85}]}
{"t": 1776975971.450849, "events": [{"op": "set", "side": "bid", "price": 0.4, "size": 10.0}, {"op": "set", "side": "bid", "price": 0.45, "size": 540.85}]}
{"t": 1776975972.4612129, "events": [{"op": "set", "side": "bid", "price": 0.46, "size": 126.0}]}
{"t": 1776975973.468818, "events": [{"op": "set", "side": "bid", "price": 0.46, "size": 99.0}, {"op": "set", "side": "bid", "price": 0.45, "size": 567.85}, {"op": "set", "side": "bid", "price": 0.47, "size": 162.0}, {"op": "set", "side": "ask", "price": 0.44, "size": 980.0}]}
{"t": 1776975974.486274, "events": [{"op": "set", "side": "bid", "price": 0.48, "size": 25.0}]}
{"t": 1776975977.5051599, "events": [{"op": "delete", "side": "bid", "price": 0.47}, {"op": "set", "side": "bid", "price": 0.45, "size": 540.85}, {"op": "delete", "side": "bid", "price": 0.46}, {"op": "set", "side": "ask", "price": 0.44, "size": 979.0}]}
{"t": 1776975978.524107, "events": [{"op": "set", "side": "bid", "price": 0.48, "size": 208.0}, {"op": "set", "side": "bid", "price": 0.4, "size": 25.0}, {"op": "set", "side": "ask", "price": 0.41, "size": 20750.28}, {"op": "set", "side": "ask", "price": 0.44, "size": 977.0}]}
{"t": 1776975979.530004, "events": [{"op": "set", "side": "bid", "price": 0.49, "size": 24.0}]}
{"t": 1776975989.593303, "events": [{"op": "set", "side": "bid", "price": 0.49, "size": 224.0}, {"op": "delete", "side": "bid", "price": 0.48}, {"op": "set", "side": "bid", "price": 0.45, "size": 548.85}, {"op": "set", "side": "bid", "price": 0.4, "size": 29.0}, {"op": "delete", "side": "ask", "price": 0.43}, {"op": "set", "side": "ask", "price": 0.44, "size": 976.0}, {"op": "set", "side": "ask", "price": 0.01, "size": 253.0}]}
{"t": 1776975990.615396, "events": [{"op": "set", "side": "bid", "price": 0.5, "size": 23.0}]}
{"t": 1776976002.718677, "events": [{"op": "set", "side": "bid", "price": 0.5, "size": 240.0}, {"op": "delete", "side": "bid", "price": 0.49}, {"op": "set", "side": "bid", "price": 0.45, "size": 556.85}, {"op": "set", "side": "bid", "price": 0.4, "size": 33.0}, {"op": "set", "side": "ask", "price": 0.41, "size": 20709.28}, {"op": "set", "side": "ask", "price": 0.42, "size": 422.0}, {"op": "set", "side": "ask", "price": 0.44, "size": 924.0}, {"op": "set", "side": "ask", "price": 0.45, "size": 59.0}]}
{"t": 1776976003.738184, "events": [{"op": "set", "side": "bid", "price": 0.51, "size": 23.0}]}
{"t": 1776976005.821455, "events": [{"op": "set", "side": "bid", "price": 0.51, "size": 281.0}, {"op": "delete", "side": "bid", "price": 0.5}, {"op": "set", "side": "bid", "price": 0.45, "size": 566.85}, {"op": "set", "side": "bid", "price": 0.4, "size": 37.0}, {"op": "set", "side": "ask", "price": 0.41, "size": 20677.28}, {"op": "set", "side": "ask", "price": 0.42, "size": 404.0}, {"op": "set", "side": "ask", "price": 0.44, "size": 896.0}]}
{"t": 1776976011.8745532, "events": [{"op": "set", "side": "bid", "price": 0.51, "size": 249.0}, {"op": "set", "side": "bid", "price": 0.4, "size": 10.0}, {"op": "set", "side": "bid", "price": 0.45, "size": 540.85}, {"op": "set", "side": "ask", "price": 0.41, "size": 20673.28}, {"op": "set", "side": "ask", "price": 0.42, "size": 390.0}, {"op": "set", "side": "ask", "price": 0.44, "size": 893.0}]}
{"t": 1776976012.8924701, "events": [{"op": "set", "side": "bid", "price": 0.51, "size": 226.0}, {"op": "set", "side": "bid", "price": 0.45, "size": 643.85}, {"op": "set", "side": "bid", "price": 0.52, "size": 210.0}]}
{"t": 1776976013.8963861, "events": [{"op": "set", "side": "bid", "price": 0.52, "size": 233.0}]}
{"t": 1776976021.967751, "events": [{"op": "set", "side": "bid", "price": 0.52, "size": 257.0}, {"op": "delete", "side": "bid", "price": 0.51}, {"op": "set", "side": "bid", "price": 0.45, "size": 646.85}, {"op": "set", "side": "bid", "price": 0.53, "size": 357.0}, {"op": "set", "side": "ask", "price": 0.41, "size": 20672.28}, {"op": "set", "side": "ask", "price": 0.42, "size": 385.0}, {"op": "set", "side": "ask", "price": 0.44, "size": 892.0}]}
{"t": 1776976022.983882, "events": [{"op": "set", "side": "bid", "price": 0.53, "size": 379.0}, {"op": "set", "side": "bid", "price": 0.52, "size": 234.0}]}
{"t": 1776976023.989538, "events": [{"op": "set", "side": "ask", "price": 0.45, "size": 40.0}]}
{"t": 1776976030.0649989, "events": [{"op": "delete", "side": "bid", "price": 0.52}, {"op": "set", "side": "bid", "price": 0.45, "size": 540.85}, {"op": "set", "side": "ask", "price": 0.41, "size": 20670.28}, {"op": "set", "side": "ask", "price": 0.42, "size": 383.0}, {"op": "set", "side": "ask", "price": 0.44, "size": 890.0}]}
{"t": 1776976031.0763671, "events": [{"op": "set", "side": "bid", "price": 0.53, "size": 551.0}, {"op": "set", "side": "bid", "price": 0.4, "size": 147.0}, {"op": "set", "side": "bid", "price": 0.45, "size": 804.85}]}
{"t": 1776976039.130999, "events": [{"op": "set", "side": "bid", "price": 0.53, "size": 379.0}, {"op": "set", "side": "bid", "price": 0.45, "size": 540.85}, {"op": "set", "side": "ask", "price": 0.42, "size": 382.0}]}
{"t": 1776976040.136569, "events": [{"op": "set", "side": "bid", "price": 0.53, "size": 683.0}, {"op": "set", "side": "bid", "price": 0.45, "size": 813.85}, {"op": "set", "side": "bid", "price": 0.46, "size": 29.0}]}
{"t": 1776976041.146323, "events": [{"op": "delete", "side": "bid", "price": 0.53}, {"op": "set", "side": "ask", "price": 0.42, "size": 40.0}]}
{"t": 1776976042.1519518, "events": [{"op": "set", "side": "bid", "price": 0.46, "size": 224.0}, {"op": "set", "side": "bid", "price": 0.4, "size": 27.0}, {"op": "set", "side": "bid", "price": 0.45, "size": 545.85}, {"op": "set", "side": "ask", "price": 0.41, "size": 20758.28}, {"op": "set", "side": "ask", "price": 0.44, "size": 1071.0}, {"op": "set", "side": "ask", "price": 0.45, "size": 893.0}]}
{"t": 1776976044.185159, "events": [{"op": "set", "side": "bid", "price": 0.46, "size": 29.0}, {"op": "set", "side": "bid", "price": 0.4, "size": 10.0}, {"op": "set", "side": "bid", "price": 0.45, "size": 507.85}, {"op": "set", "side": "ask", "price": 0.41, "size": 20327.28}, {"op": "set", "side": "ask", "price": 0.44, "size": 355.0}, {"op": "set", "side": "ask", "price": 0.45, "size": 40.0}]}
{"t": 1776976047.209746, "events": [{"op": "set", "side": "bid", "price": 0.46, "size": 223.0}, {"op": "set", "side": "bid", "price": 0.4, "size": 27.0}, {"op": "set", "side": "bid", "price": 0.45, "size": 545.85}, {"op": "set", "side": "ask", "price": 0.41, "size": 20758.28}, {"op": "set", "side": "ask", "price": 0.46, "size": 19.0}, {"op": "set", "side": "ask", "price": 0.44, "size": 1071.0}, {"op": "set", "side": "ask", "price": 0.45, "size": 853.0}]}
{"t": 1776976048.218187, "events": [{"op": "set", "side": "ask", "price": 0.46, "size": 58.0}]}
{"t": 1776976049.2295182, "events": [{"op": "set", "side": "bid", "price": 0.46, "size": 124.0}, {"op": "set", "side": "bid", "price": 0.4, "size": 10.0}, {"op": "set", "side": "ask", "price": 0.41, "size": 20709.28}, {"op": "set", "side": "ask", "price": 0.44, "size": 924.0}, {"op": "set", "side": "ask", "price": 0.01, "size": 200.0}, {"op": "set", "side": "ask", "price": 0.45, "size": 51.0}]}
{"t": 1776976050.238752, "events": [{"op": "set", "side": "bid", "price": 0.46, "size": 95.0}, {"op": "set", "side": "bid", "price": 0.45, "size": 563.85}, {"op": "set", "side": "bid", "price": 0.47, "size": 162.0}, {"op": "set", "side": "ask", "price": 0.42, "size": 422.0}]}
{"t": 1776976051.266421, "events": [{"op": "set", "side": "bid", "price": 0.48, "size": 25.0}]}
{"t": 1776976058.306615, "events": [{"op": "delete", "side": "bid", "price": 0.48}, {"op": "delete", "side": "bid", "price": 0.47}, {"op": "set", "side": "bid", "price": 0.45, "size": 507.85}, {"op": "delete", "side": "bid", "price": 0.46}, {"op": "set", "side": "ask", "price": 0.41, "size": 20327.28}, {"op": "set", "side": "ask", "price": 0.42, "size": 40.0}, {"op": "set", "side": "ask", "price": 0.44, "size": 355.0}]}
{"t": 1776976059.3257349, "events": [{"op": "set", "side": "bid", "price": 0.46, "size": 27.0}]}
{"t": 1776976062.354484, "events": [{"op": "set", "side": "bid", "price": 0.46, "size": 211.0}, {"op": "set", "side": "bid", "price": 0.4, "size": 26.0}, {"op": "set", "side": "bid", "price": 0.45, "size": 542.85}, {"op": "set", "side": "ask", "price": 0.41, "size": 20758.28}, {"op": "set", "side": "ask", "price": 0.44, "size": 1071.0}, {"op": "set", "side": "ask", "price": 0.45, "size": 904.0}]}
{"t": 1776976065.3873029, "events": [{"op": "set", "side": "bid", "price": 0.46, "size": 116.0}, {"op": "set", "side": "bid", "price": 0.4, "size": 10.0}, {"op": "set", "side": "ask", "price": 0.44, "size": 985.0}, {"op": "set", "side": "ask", "price": 0.45, "size": 620.0}]}
{"t": 1776976066.397533, "events": [{"op": "set", "side": "bid", "price": 0.46, "size": 89.0}, {"op": "set", "side": "bid", "price": 0.45, "size": 561.85}, {"op": "set", "side": "bid", "price": 0.47, "size": 153.0}, {"op": "set", "side": "bid", "price": 0.48, "size": 25.0}, {"op": "set", "side": "ask", "price": 0.41, "size": 20752.28}]}
{"t": 1776976074.460224, "events": [{"op": "delete", "side": "bid", "price": 0.48}, {"op": "delete", "side": "bid", "price": 0.47}, {"op": "set", "side": "bid", "price": 0.45, "size": 540.85}, {"op": "delete", "side": "bid", "price": 0.46}, {"op": "set", "side": "ask", "price": 0.41, "size": 20751.28}, {"op": "set", "side": "ask", "price": 0.44, "size": 983.0}]}
{"t": 1776976075.471221, "events": [{"op": "set", "side": "bid", "price": 0.4, "size": 25.0}, {"op": "set", "side": "bid", "price": 0.46, "size": 27.0}, {"op": "set", "side": "bid", "price": 0.48, "size": 188.0}]}
{"t": 1776976077.482344, "events": [{"op": "delete", "side": "bid", "price": 0.48}]}
{"t": 1776976078.494921, "events": [{"op": "set", "side": "bid", "price": 0.46, "size": 209.0}, {"op": "set", "side": "bid", "price": 0.4, "size": 26.0}, {"op": "set", "side": "bid", "price": 0.45, "size": 542.85}, {"op": "set", "side": "ask", "price": 0.41, "size": 20752.28}, {"op": "set", "side": "ask", "price": 0.44, "size": 986.0}]}
{"t": 1776976085.548361, "events": [{"op": "set", "side": "bid", "price": 0.46, "size": 27.0}, {"op": "set", "side": "bid", "price": 0.4, "size": 10.0}, {"op": "set", "side": "bid", "price": 0.45, "size": 507.85}, {"op": "set", "side": "ask", "price": 0.41, "size": 20327.28}, {"op": "set", "side": "ask", "price": 0.44, "size": 355.0}, {"op": "set", "side": "ask", "price": 0.45, "size": 51.0}]}
{"t": 1776976088.582797, "events": [{"op": "set", "side": "bid", "price": 0.46, "size": 207.0}, {"op": "set", "side": "bid", "price": 0.4, "size": 26.0}, {"op": "set", "side": "bid", "price": 0.45, "size": 542.85}, {"op": "set", "side": "ask", "price": 0.41, "size": 20758.28}, {"op": "set", "side": "ask", "price": 0.44, "size": 1071.0}, {"op": "set", "side": "ask", "price": 0.45, "size": 904.0}]}
{"t": 1776976091.599458, "events": [{"op": "set", "side": "bid", "price": 0.4, "size": 10.0}]}
{"t": 1776976092.6074328, "events": [{"op": "set", "side": "bid", "price": 0.46, "size": 115.0}, {"op": "set", "side": "bid", "price": 0.45, "size": 560.85}, {"op": "set", "side": "bid", "price": 0.47, "size": 151.0}, {"op": "set", "side": "ask", "price": 0.41, "size": 20752.28}, {"op": "set", "side": "ask", "price": 0.44, "size": 987.0}, {"op": "set", "side": "ask", "price": 0.45, "size": 620.0}]}
{"t": 1776976093.6152132, "events": [{"op": "set", "side": "bid", "price": 0.46, "size": 88.0}, {"op": "set", "side": "bid", "price": 0.48, "size": 25.0}]}
{"t": 1776976095.6349592, "events": [{"op": "delete", "side": "bid", "price": 0.47}, {"op": "set", "side": "bid", "price": 0.45, "size": 542.85}, {"op": "delete", "side": "bid", "price": 0.46}]}
{"t": 1776976096.652119, "events": [{"op": "set", "side": "bid", "price": 0.45, "size": 540.85}, {"op": "set", "side": "ask", "price": 0.41, "size": 20751.28}, {"op": "set", "side": "ask", "price": 0.44, "size": 984.0}]}
{"t": 1776976097.657048, "events": [{"op": "set", "side": "bid", "price": 0.48, "size": 210.0}, {"op": "set", "side": "bid", "price": 0.4, "size": 25.0}]}
{"t": 1776976099.67869, "events": [{"op": "set", "side": "bid", "price": 0.48, "size": 115.0}, {"op": "set", "side": "bid", "price": 0.4, "size": 10.0}]}
{"t": 1776976100.698726, "events": [{"op": "set", "side": "bid", "price": 0.48, "size": 90.0}, {"op": "set", "side": "bid", "price": 0.45, "size": 561.85}, {"op": "set", "side": "bid", "price": 0.5, "size": 23.0}, {"op": "set", "side": "bid", "price": 0.49, "size": 149.0}, {"op": "set", "side": "ask", "price": 0.41, "size": 20752.28}]}
{"t": 1776976113.775799, "events": [{"op": "set", "side": "bid", "price": 0.5, "size": 213.0}, {"op": "delete", "side": "bid", "price": 0.49}, {"op": "set", "side": "bid", "price": 0.45, "size": 553.85}, {"op": "delete", "side": "bid", "price": 0.48}, {"op": "set", "side": "bid", "price": 0.4, "size": 31.0}, {"op": "set", "side": "bid", "price": 0.46, "size": 27.0}, {"op": "set", "side": "ask", "price": 0.41, "size": 20751.28}, {"op": "set", "side": "ask", "price": 0.44, "size": 982.0}]}
{"t": 1776976116.79982, "events": [{"op": "delete", "side": "bid", "price": 0.5}, {"op": "set", "side": "bid", "price": 0.4, "size": 26.0}, {"op": "set", "side": "bid", "price": 0.45, "size": 542.85}]}
{"t": 1776976117.808927, "events": [{"op": "set", "side": "bid", "price": 0.46, "size": 204.0}, {"op": "set", "side": "ask", "price": 0.41, "size": 20752.28}, {"op": "set", "side": "ask", "price": 0.44, "size": 988.0}]}
{"t": 1776976128.8931751, "events": [{"op": "set", "side": "bid", "price": 0.46, "size": 87.0}, {"op": "set", "side": "bid", "price": 0.4, "size": 10.0}, {"op": "set", "side": "bid", "price": 0.45, "size": 559.85}, {"op": "set", "side": "bid", "price": 0.47, "size": 149.0}]}
{"t": 1776976129.9012349, "events": [{"op": "set", "side": "bid", "price": 0.48, "size": 25.0}]}
{"t": 1776976130.9047801, "events": [{"op": "set", "side": "bid", "price": 0.48, "size": 205.0}, {"op": "delete", "side": "bid", "price": 0.47}, {"op": "set", "side": "bid", "price": 0.45, "size": 540.85}, {"op": "delete", "side": "bid", "price": 0.46}, {"op": "set", "side": "bid", "price": 0.4, "size": 25.0}, {"op": "set", "side": "ask", "price": 0.44, "size": 985.0}]}
{"t": 1776976135.934583, "events": [{"op": "set", "side": "bid", "price": 0.48, "size": 25.0}, {"op": "set", "side": "bid", "price": 0.4, "size": 10.0}, {"op": "set", "side": "bid", "price": 0.45, "size": 507.85}, {"op": "set", "side": "ask", "price": 0.41, "size": 20327.28}, {"op": "set", "side": "ask", "price": 0.44, "size": 355.0}, {"op": "set", "side": "ask", "price": 0.45, "size": 51.0}]}
{"t": 1776976136.9557, "events": [{"op": "delete", "side": "bid", "price": 0.48}, {"op": "set", "side": "bid", "price": 0.46, "size": 27.0}, {"op": "set", "side": "ask", "price": 0.44, "size": 393.0}, {"op": "delete", "side": "ask", "price": 0.45}]}
{"t": 1776976138.9725718, "events": [{"op": "delete", "side": "ask", "price": 0.46}]}
{"t": 1776976139.976351, "events": [{"op": "set", "side": "bid", "price": 0.46, "size": 210.0}, {"op": "set", "side": "bid", "price": 0.4, "size": 26.0}, {"op": "set", "side": "bid", "price": 0.45, "size": 542.85}, {"op": "set", "side": "ask", "price": 0.41, "size": 20764.28}, {"op": "set", "side": "ask", "price": 0.46, "size": 19.0}, {"op": "set", "side": "ask", "price": 0.44, "size": 998.0}, {"op": "set", "side": "ask", "price": 0.45, "size": 40.0}]}
{"t": 1776976152.035327, "events": [{"op": "set", "side": "bid", "price": 0.46, "size": 27.0}, {"op": "set", "side": "bid", "price": 0.4, "size": 10.0}, {"op": "set", "side": "bid", "price": 0.45, "size": 507.85}, {"op": "set", "side": "ask", "price": 0.41, "size": 20327.28}, {"op": "set", "side": "ask", "price": 0.44, "size": 393.0}]}
{"t": 1776976154.063997, "events": [{"op": "set", "side": "bid", "price": 0.46, "size": 199.0}, {"op": "set", "side": "bid", "price": 0.4, "size": 26.0}, {"op": "set", "side": "bid", "price": 0.45, "size": 542.85}, {"op": "set", "side": "ask", "price": 0.41, "size": 20758.28}, {"op": "set", "side": "ask", "price": 0.44, "size": 1109.0}, {"op": "set", "side": "ask", "price": 0.45, "size": 893.0}]}
{"t": 1776976159.129062, "events": [{"op": "set", "side": "ask", "price": 0.46, "size": 58.0}, {"op": "set", "side": "ask", "price": 0.45, "size": 853.0}]}
{"t": 1776976172.213068, "events": [{"op": "set", "side": "bid", "price": 0.46, "size": 112.0}, {"op": "set", "side": "bid", "price": 0.4, "size": 10.0}, {"op": "set", "side": "bid", "price": 0.45, "size": 557.85}, {"op": "set", "side": "bid", "price": 0.47, "size": 146.0}, {"op": "set", "side": "ask", "price": 0.41, "size": 20709.28}, {"op": "set", "side": "ask", "price": 0.42, "size": 422.0}, {"op": "set", "side": "ask", "price": 0.44, "size": 962.0}, {"op": "delete", "side": "ask", "price": 0.45}]}
{"t": 1776976173.230133, "events": [{"op": "set", "side": "bid", "price": 0.46, "size": 85.0}, {"op": "set", "side": "bid", "price": 0.48, "size": 26.0}]}
{"t": 1776976175.24962, "events": [{"op": "delete", "side": "bid", "price": 0.47}, {"op": "set", "side": "bid", "price": 0.45, "size": 542.85}, {"op": "delete", "side": "bid", "price": 0.46}, {"op": "set", "side": "ask", "price": 0.42, "size": 40.0}]}
{"t": 1776976177.2679732, "events": [{"op": "set", "side": "bid", "price": 0.48, "size": 202.0}, {"op": "set", "side": "bid", "price": 0.4, "size": 25.0}, {"op": "set", "side": "bid", "price": 0.45, "size": 541.85}, {"op": "set", "side": "ask", "price": 0.41, "size": 20752.28}, {"op": "set", "side": "ask", "price": 0.44, "size": 1025.0}, {"op": "set", "side": "ask", "price": 0.45, "size": 569.0}]}
{"t": 1776976180.3032708, "events": [{"op": "set", "side": "bid", "price": 0.45, "size": 532.85}]}
{"t": 1776976181.310507, "events": [{"op": "set", "side": "bid", "price": 0.45, "size": 541.85}]}
{"t": 1776976197.420757, "events": [{"op": "set", "side": "bid", "price": 0.48, "size": 112.0}, {"op": "set", "side": "bid", "price": 0.4, "size": 10.0}, {"op": "set", "side": "ask", "price": 0.41, "size": 20709.28}, {"op": "set", "side": "ask", "price": 0.44, "size": 962.0}, {"op": "delete", "side": "ask", "price": 0.45}]}
{"t": 1776976198.435571, "events": [{"op": "set", "side": "bid", "price": 0.48, "size": 86.0}, {"op": "set", "side": "bid", "price": 0.45, "size": 558.85}, {"op": "set", "side": "bid", "price": 0.5, "size": 24.0}, {"op": "set", "side": "bid", "price": 0.49, "size": 146.0}, {"op": "set", "side": "ask", "price": 0.42, "size": 422.0}]}
{"t": 1776976204.476952, "events": [{"op": "delete", "side": "bid", "price": 0.5}, {"op": "delete", "side": "bid", "price": 0.49}, {"op": "set", "side": "bid", "price": 0.45, "size": 507.85}, {"op": "delete", "side": "bid", "price": 0.48}, {"op": "set", "side": "ask", "price": 0.41, "size": 20327.28}, {"op": "set", "side": "ask", "price": 0.42, "size": 40.0}, {"op": "set", "side": "ask", "price": 0.44, "size": 393.0}]}
{"t": 1776976205.4979851, "events": [{"op": "set", "side": "bid", "price": 0.46, "size": 27.0}]}
{"t": 1776976207.508864, "events": [{"op": "set", "side": "bid", "price": 0.46, "size": 193.0}, {"op": "set", "side": "bid", "price": 0.4, "size": 26.0}, {"op": "set", "side": "bid", "price": 0.45, "size": 542.85}, {"op": "set", "side": "ask", "price": 0.41, "size": 20763.28}, {"op": "set", "side": "ask", "price": 0.44, "size": 993.0}]}
{"t": 1776976209.539958, "events": [{"op": "delete", "side": "ask", "price": 0.46}, {"op": "set", "side": "ask", "price": 0.44, "size": 955.0}, {"op": "set", "side": "ask", "price": 0.01, "size": 250.0}, {"op": "set", "side": "ask", "price": 0.45, "size": 40.0}]}
{"t": 1776976210.5528069, "events": [{"op": "set", "side": "ask", "price": 0.46, "size": 19.0}]}
{"t": 1776976214.569775, "events": [{"op": "set", "side": "bid", "price": 0.46, "size": 109.0}, {"op": "set", "side": "bid", "price": 0.4, "size": 10.0}, {"op": "set", "side": "ask", "price": 0.41, "size": 20758.28}]}
{"t": 1776976215.5757089, "events": [{"op": "set", "side": "bid", "price": 0.46, "size": 82.0}, {"op": "set", "side": "bid", "price": 0.45, "size": 556.85}, {"op": "set", "side": "bid", "price": 0.47, "size": 144.0}, {"op": "set", "side": "ask", "price": 0.44, "size": 1071.0}, {"op": "set", "side": "ask", "price": 0.45, "size": 893.0}]}
{"t": 1776976216.592851, "events": [{"op": "set", "side": "bid", "price": 0.48, "size": 25.0}]}
{"t": 1776976217.597552, "events": [{"op": "delete", "side": "bid", "price": 0.47}, {"op": "set", "side": "bid", "price": 0.45, "size": 542.85}, {"op": "delete", "side": "bid", "price": 0.46}]}
{"t": 1776976218.6080482, "events": [{"op": "set", "side": "bid", "price": 0.48, "size": 169.0}, {"op": "set", "side": "bid", "price": 0.4, "size": 25.0}, {"op": "set", "side": "bid", "price": 0.45, "size": 540.85}, {"op": "set", "side": "bid", "price": 0.49, "size": 24.0}, {"op": "set", "side": "ask", "price": 0.41, "size": 20752.28}, {"op": "set", "side": "ask", "price": 0.46, "size": 57.0}, {"op": "set", "side": "ask", "price": 0.44, "size": 989.0}, {"op": "set", "side": "ask", "price": 0.45, "size": 569.0}]}
{"t": 1776976222.6332319, "events": [{"op": "set", "side": "bid", "price": 0.49, "size": 210.0}, {"op": "delete", "side": "bid", "price": 0.48}, {"op": "set", "side": "bid", "price": 0.45, "size": 548.85}, {"op": "set", "side": "bid", "price": 0.4, "size": 29.0}, {"op": "set", "side": "ask", "price": 0.41, "size": 20709.28}, {"op": "set", "side": "ask", "price": 0.42, "size": 422.0}, {"op": "set", "side": "ask", "price": 0.44, "size": 924.0}, {"op": "delete", "side": "ask", "price": 0.45}]}
{"t": 1776976223.6436858, "events": [{"op": "set", "side": "bid", "price": 0.49, "size": 116.0}, {"op": "set", "side": "bid", "price": 0.4, "size": 10.0}, {"op": "set", "side": "bid", "price": 0.45, "size": 576.85}, {"op": "set", "side": "bid", "price": 0.5, "size": 155.0}, {"op": "set", "side": "bid", "price": 0.51, "size": 22.0}, {"op": "set", "side": "ask", "price": 0.41, "size": 20752.28}, {"op": "set", "side": "ask", "price": 0.42, "size": 40.0}, {"op": "set", "side": "ask", "price": 0.44, "size": 988.0}, {"op": "set", "side": "ask", "price": 0.45, "size": 569.0}]}
{"t": 1776976254.822479, "events": [{"op": "delete", "side": "bid", "price": 0.5}, {"op": "delete", "side": "bid", "price": 0.49}, {"op": "set", "side": "ask", "price": 0.41, "size": 20709.28}, {"op": "set", "side": "ask", "price": 0.44, "size": 924.0}, {"op": "delete", "side": "ask", "price": 0.45}]}
{"t": 1776976255.835129, "events": [{"op": "set", "side": "bid", "price": 0.51, "size": 214.0}, {"op": "set", "side": "bid", "price": 0.4, "size": 36.0}, {"op": "set", "side": "bid", "price": 0.45, "size": 564.85}, {"op": "set", "side": "bid", "price": 0.46, "size": 27.0}, {"op": "set", "side": "ask", "price": 0.42, "size": 422.0}, {"op": "set", "side": "ask", "price": 0.01, "size": 200.0}, {"op": "set", "side": "ask", "price": 0.45, "size": 53.0}]}
{"t": 1776976258.864931, "events": [{"op": "set", "side": "bid", "price": 0.46, "size": 28.0}]}
{"t": 1776976259.875783, "events": [{"op": "delete", "side": "bid", "price": 0.51}, {"op": "set", "side": "bid", "price": 0.4, "size": 27.0}, {"op": "set", "side": "bid", "price": 0.45, "size": 543.85}, {"op": "set", "side": "ask", "price": 0.42, "size": 40.0}]}
{"t": 1776976260.885631, "events": [{"op": "set", "side": "bid", "price": 0.46, "size": 190.0}, {"op": "set", "side": "ask", "price": 0.41, "size": 20758.28}, {"op": "set", "side": "ask", "price": 0.44, "size": 1071.0}, {"op": "set", "side": "ask", "price": 0.45, "size": 906.0}]}
{"t": 1776976276.0147579, "events": [{"op": "set", "side": "bid", "price": 0.46, "size": 108.0}, {"op": "set", "side": "bid", "price": 0.4, "size": 10.0}, {"op": "set", "side": "bid", "price": 0.45, "size": 540.85}, {"op": "set", "side": "ask", "price": 0.41, "size": 20753.28}, {"op": "set", "side": "ask", "price": 0.44, "size": 993.0}, {"op": "set", "side": "ask", "price": 0.45, "size": 622.0}]}
{"t": 1776976277.039475, "events": [{"op": "set", "side": "bid", "price": 0.46, "size": 80.0}, {"op": "set", "side": "bid", "price": 0.45, "size": 555.85}, {"op": "set", "side": "bid", "price": 0.47, "size": 145.0}]}
{"t": 1776976278.050096, "events": [{"op": "set", "side": "bid", "price": 0.48, "size": 25.0}]}
{"t": 1776976280.070851, "events": [{"op": "delete", "side": "bid", "price": 0.47}, {"op": "set", "side": "bid", "price": 0.45, "size": 540.85}, {"op": "delete", "side": "bid", "price": 0.46}]}
{"t": 1776976281.087897, "events": [{"op": "set", "side": "bid", "price": 0.48, "size": 161.0}, {"op": "set", "side": "bid", "price": 0.4, "size": 25.0}, {"op": "set", "side": "bid", "price": 0.49, "size": 24.0}, {"op": "set", "side": "ask", "price": 0.44, "size": 991.0}]}
{"t": 1776976285.139929, "events": [{"op": "delete", "side": "bid", "price": 0.48}, {"op": "set", "side": "bid", "price": 0.45, "size": 507.85}, {"op": "set", "side": "bid", "price": 0.4, "size": 10.0}, {"op": "set", "side": "ask", "price": 0.41, "size": 20327.28}, {"op": "set", "side": "ask", "price": 0.44, "size": 355.0}, {"op": "set", "side": "ask", "price": 0.45, "size": 53.0}]}
{"t": 1776976286.152321, "events": [{"op": "delete", "side": "bid", "price": 0.49}, {"op": "set", "side": "bid", "price": 0.46, "size": 27.0}]}
{"t": 1776976287.161626, "events": [{"op": "set", "side": "bid", "price": 0.46, "size": 184.0}, {"op": "set", "side": "bid", "price": 0.4, "size": 26.0}, {"op": "set", "side": "bid", "price": 0.45, "size": 542.85}, {"op": "set", "side": "ask", "price": 0.41, "size": 20758.28}, {"op": "set", "side": "ask", "price": 0.44, "size": 1071.0}, {"op": "set", "side": "ask", "price": 0.45, "size": 906.0}]}
{"t": 1776976301.276474, "events": [{"op": "set", "side": "bid", "price": 0.46, "size": 27.0}, {"op": "set", "side": "bid", "price": 0.4, "size": 10.0}, {"op": "set", "side": "bid", "price": 0.45, "size": 507.85}, {"op": "set", "side": "ask", "price": 0.41, "size": 20327.28}, {"op": "set", "side": "ask", "price": 0.44, "size": 355.0}, {"op": "set", "side": "ask", "price": 0.45, "size": 53.0}]}
{"t": 1776976304.313708, "events": [{"op": "set", "side": "bid", "price": 0.46, "size": 182.0}, {"op": "set", "side": "bid", "price": 0.4, "size": 26.0}, {"op": "set", "side": "bid", "price": 0.45, "size": 542.85}, {"op": "set", "side": "ask", "price": 0.41, "size": 20758.28}, {"op": "set", "side": "ask", "price": 0.44, "size": 1124.0}, {"op": "set", "side": "ask", "price": 0.45, "size": 853.0}]}
{"t": 1776976306.360851, "events": [{"op": "set", "side": "bid", "price": 0.4, "size": 10.0}, {"op": "delete", "side": "ask", "price": 0.45}]}
{"t": 1776976307.3653572, "events": [{"op": "set", "side": "bid", "price": 0.46, "size": 104.0}, {"op": "set", "side": "bid", "price": 0.45, "size": 552.85}, {"op": "set", "side": "bid", "price": 0.47, "size": 139.0}, {"op": "set", "side": "ask", "price": 0.41, "size": 20709.28}, {"op": "set", "side": "ask", "price": 0.42, "size": 422.0}, {"op": "set", "side": "ask", "price": 0.44, "size": 977.0}]}
{"t": 1776976308.374354, "events": [{"op": "set", "side": "bid", "price": 0.46, "size": 77.0}, {"op": "set", "side": "bid", "price": 0.48, "size": 25.0}]}
{"t": 1776976323.4797351, "events": [{"op": "delete", "side": "bid", "price": 0.47}, {"op": "set", "side": "bid", "price": 0.45, "size": 540.85}, {"op": "delete", "side": "bid", "price": 0.46}, {"op": "set", "side": "ask", "price": 0.42, "size": 40.0}]}
{"t": 1776976324.50117, "events": [{"op": "set", "side": "bid", "price": 0.48, "size": 181.0}, {"op": "set", "side": "bid", "price": 0.4, "size": 25.0}, {"op": "set", "side": "ask", "price": 0.41, "size": 20753.28}, {"op": "set", "side": "ask", "price": 0.44, "size": 1045.0}, {"op": "set", "side": "ask", "price": 0.45, "size": 569.0}]}
{"t": 1776976332.56369, "events": [{"op": "set", "side": "bid", "price": 0.48, "size": 101.0}, {"op": "set", "side": "bid", "price": 0.4, "size": 10.0}, {"op": "set", "side": "ask", "price": 0.41, "size": 20709.28}, {"op": "set", "side": "ask", "price": 0.44, "size": 977.0}, {"op": "delete", "side": "ask", "price": 0.45}]}
{"t": 1776976333.587355, "events": [{"op": "set", "side": "bid", "price": 0.48, "size": 76.0}, {"op": "set", "side": "bid", "price": 0.45, "size": 553.85}, {"op": "set", "side": "bid", "price": 0.49, "size": 135.0}, {"op": "set", "side": "ask", "price": 0.42, "size": 422.0}, {"op": "set", "side": "ask", "price": 0.44, "size": 924.0}, {"op": "set", "side": "ask", "price": 0.45, "size": 53.0}]}
{"t": 1776976334.603316, "events": [{"op": "set", "side": "bid", "price": 0.5, "size": 23.0}]}
{"t": 1776976335.619046, "events": [{"op": "delete", "side": "bid", "price": 0.49}, {"op": "set", "side": "bid", "price": 0.45, "size": 540.85}, {"op": "delete", "side": "bid", "price": 0.48}, {"op": "set", "side": "ask", "price": 0.42, "size": 40.0}]}
{"t": 1776976336.625223, "events": [{"op": "set", "side": "bid", "price": 0.45, "size": 1360.85}, {"op": "set", "side": "bid", "price": 0.46, "size": 1147.0}, {"op": "set", "side": "ask", "price": 0.41, "size": 20758.28}, {"op": "set", "side": "ask", "price": 0.44, "size": 1071.0}, {"op": "set", "side": "ask", "price": 0.45, "size": 906.0}]}
{"t": 1776976339.6474261, "events": [{"op": "delete", "side": "bid", "price": 0.5}, {"op": "delete", "side": "bid", "price": 0.46}, {"op": "delete", "side": "bid", "price": 0.24}, {"op": "set", "side": "bid", "price": 0.01, "size": 154.0}]}
{"t": 1776976340.6580539, "events": [{"op": "set", "side": "bid", "price": 0.45, "size": 507.8499999999999}, {"op": "set", "side": "bid", "price": 0.46, "size": 27.0}, {"op": "set", "side": "ask", "price": 0.41, "size": 20327.28}, {"op": "set", "side": "ask", "price": 0.44, "size": 355.0}, {"op": "set", "side": "ask", "price": 0.45, "size": 53.0}]}
{"t": 1776976341.674314, "events": [{"op": "set", "side": "bid", "price": 0.4, "size": 33.0}, {"op": "set", "side": "bid", "price": 0.5, "size": 189.0}]}
{"t": 1776976342.686982, "events": [{"op": "delete", "side": "bid", "price": 0.5}, {"op": "set", "side": "bid", "price": 0.4, "size": 26.0}]}
{"t": 1776976344.703347, "events": [{"op": "set", "side": "bid", "price": 0.4, "size": 10.0}]}
{"t": 1776976349.756854, "events": [{"op": "set", "side": "bid", "price": 0.46, "size": 178.0}, {"op": "set", "side": "bid", "price": 0.4, "size": 26.0}, {"op": "set", "side": "bid", "price": 0.45, "size": 542.8499999999999}, {"op": "set", "side": "ask", "price": 0.41, "size": 20758.28}, {"op": "set", "side": "ask", "price": 0.44, "size": 1071.0}, {"op": "set", "side": "ask", "price": 0.45, "size": 906.0}]}
{"t": 1776976351.775647, "events": [{"op": "set", "side": "bid", "price": 0.46, "size": 27.0}, {"op": "set", "side": "bid", "price": 0.4, "size": 10.0}, {"op": "set", "side": "bid", "price": 0.45, "size": 507.8499999999999}, {"op": "set", "side": "ask", "price": 0.41, "size": 20327.28}, {"op": "set", "side": "ask", "price": 0.44, "size": 355.0}, {"op": "set", "side": "ask", "price": 0.45, "size": 53.0}]}
{"t": 1776976352.80179, "events": [{"op": "set", "side": "ask", "price": 0.46, "size": 38.0}]}
{"t": 1776976357.858582, "events": [{"op": "set", "side": "bid", "price": 0.46, "size": 177.0}, {"op": "set", "side": "bid", "price": 0.4, "size": 26.0}, {"op": "set", "side": "bid", "price": 0.45, "size": 542.8499999999999}, {"op": "set", "side": "ask", "price": 0.41, "size": 20758.28}, {"op": "set", "side": "ask", "price": 0.44, "size": 1071.0}, {"op": "set", "side": "ask", "price": 0.45, "size": 906.0}]}
{"t": 1776976359.87871, "events": [{"op": "set", "side": "bid", "price": 0.46, "size": 101.0}, {"op": "set", "side": "bid", "price": 0.4, "size": 10.0}, {"op": "set", "side": "ask", "price": 0.41, "size": 20753.28}, {"op": "set", "side": "ask", "price": 0.44, "size": 996.0}, {"op": "set", "side": "ask", "price": 0.45, "size": 622.0}]}
{"t": 1776976360.895073, "events": [{"op": "set", "side": "bid", "price": 0.46, "size": 74.0}, {"op": "set", "side": "bid", "price": 0.45, "size": 551.8499999999999}, {"op": "set", "side": "bid", "price": 0.47, "size": 136.0}]}
{"t": 1776976361.903726, "events": [{"op": "set", "side": "bid", "price": 0.48, "size": 25.0}]}
{"t": 1776976362.91397, "events": [{"op": "delete", "side": "bid", "price": 0.47}, {"op": "set", "side": "bid", "price": 0.45, "size": 540.8499999999999}, {"op": "delete", "side": "bid", "price": 0.46}, {"op": "set", "side": "bid", "price": 0.01, "size": 100.0}, {"op": "set", "side": "bid", "price": 0.24, "size": 50.0}, {"op": "set", "side": "ask", "price": 0.44, "size": 994.0}]}
{"t": 1776976363.930155, "events": [{"op": "set", "side": "bid", "price": 0.48, "size": 177.0}, {"op": "set", "side": "bid", "price": 0.4, "size": 25.0}]}
{"t": 1776976366.949543, "events": [{"op": "set", "side": "ask", "price": 0.47, "size": 1.0}]}
{"t": 1776976367.9569862, "events": [{"op": "set", "side": "bid", "price": 0.47, "size": 1.0}]}
{"t": 1776976378.028401, "events": [{"op": "set", "side": "ask", "price": 0.46, "size": 57.0}]}
{"t": 1776976383.052031, "events": [{"op": "set", "side": "bid", "price": 0.49, "size": 5.0}]}
{"t": 1776976389.0837471, "events": [{"op": "set", "side": "ask", "price": 0.46, "size": 48.480000000000004}, {"op": "delete", "side": "ask", "price": 0.47}]}
{"t": 1776976390.085834, "events": [{"op": "set", "side": "bid", "price": 0.49, "size": 193.0}, {"op": "set", "side": "bid", "price": 0.48, "size": 80.0}, {"op": "set", "side": "bid", "price": 0.45, "size": 507.8499999999999}, {"op": "set", "side": "bid", "price": 0.4, "size": 10.0}, {"op": "set", "side": "bid", "price": 0.47, "size": 27.0}, {"op": "set", "side": "ask", "price": 0.46, "size": 19.000000000000004}, {"op": "set", "side": "ask", "price": 0.01, "size": 245.0}, {"op": "set", "side": "ask", "price": 0.45, "size": 569.0}]}
{"t": 1776976391.098208, "events": [{"op": "set", "side": "bid", "price": 0.48, "size": 55.0}, {"op": "set", "side": "bid", "price": 0.5, "size": 23.0}]}
{"t": 1776976392.10567, "events": [{"op": "set", "side": "ask", "price": 0.46, "size": 56.0}]}
{"t": 1776976393.108543, "events": [{"op": "delete", "side": "bid", "price": 0.48}, {"op": "delete", "side": "ask", "price": 0.45}]}
{"t": 1776976394.119156, "events": [{"op": "set", "side": "bid", "price": 0.5, "size": 336.0}, {"op": "set", "side": "bid", "price": 0.49, "size": 100.0}, {"op": "set", "side": "bid", "price": 0.47, "size": 45.0}, {"op": "set", "side": "ask", "price": 0.41, "size": 20709.28}, {"op": "set", "side": "ask", "price": 0.42, "size": 422.0}, {"op": "set", "side": "ask", "price": 0.44, "size": 924.0}]}
{"t": 1776976415.243485, "events": [{"op": "set", "side": "bid", "price": 0.47, "size": 1.0}, {"op": "set", "side": "ask", "price": 0.42, "size": 40.0}, {"op": "set", "side": "ask", "price": 0.01, "size": 200.0}, {"op": "set", "side": "ask", "price": 0.45, "size": 48.0}]}
{"t": 1776976416.25911, "events": [{"op": "set", "side": "bid", "price": 0.5, "size": 205.0}, {"op": "set", "side": "bid", "price": 0.49, "size": 128.0}, {"op": "set", "side": "bid", "price": 0.51, "size": 272.0}, {"op": "set", "side": "ask", "price": 0.41, "size": 20750.28}, {"op": "set", "side": "ask", "price": 0.44, "size": 974.0}, {"op": "set", "side": "ask", "price": 0.45, "size": 617.0}]}
{"t": 1776976423.3098712, "events": [{"op": "set", "side": "bid", "price": 0.51, "size": 288.0}, {"op": "delete", "side": "bid", "price": 0.5}, {"op": "set", "side": "bid", "price": 0.49, "size": 154.0}, {"op": "set", "side": "bid", "price": 0.47, "size": 70.0}, {"op": "set", "side": "ask", "price": 0.41, "size": 20709.28}, {"op": "set", "side": "ask", "price": 0.42, "size": 422.0}, {"op": "set", "side": "ask", "price": 0.44, "size": 924.0}, {"op": "set", "side": "ask", "price": 0.45, "size": 48.0}]}
{"t": 1776976425.340163, "events": [{"op": "delete", "side": "bid", "price": 0.51}, {"op": "set", "side": "bid", "price": 0.49, "size": 5.0}, {"op": "set", "side": "bid", "price": 0.47, "size": 1.0}, {"op": "set", "side": "bid", "price": 0.46, "size": 27.0}, {"op": "set", "side": "ask", "price": 0.41, "size": 20327.28}, {"op": "set", "side": "ask", "price": 0.42, "size": 40.0}, {"op": "set", "side": "ask", "price": 0.46, "size": 19.0}, {"op": "set", "side": "ask", "price": 0.47, "size": 39.89}, {"op": "set", "side": "ask", "price": 0.44, "size": 355.0}]}
{"t": 1776976426.3578281, "events": [{"op": "delete", "side": "ask", "price": 0.47}, {"op": "set", "side": "ask", "price": 0.48, "size": 33.0}]}
{"t": 1776976427.360094, "events": [{"op": "set", "side": "bid", "price": 0.49, "size": 167.0}, {"op": "set", "side": "bid", "price": 0.47, "size": 11.0}, {"op": "set", "side": "bid", "price": 0.46, "size": 31.0}, {"op": "set", "side": "ask", "price": 0.41, "size": 20758.28}, {"op": "set", "side": "ask", "price": 0.48, "size": 886.0}, {"op": "set", "side": "ask", "price": 0.44, "size": 1071.0}]}
{"t": 1776976430.376935, "events": [{"op": "delete", "side": "bid", "price": 0.46}, {"op": "set", "side": "ask", "price": 0.41, "size": 20327.28}]}
{"t": 1776976431.391558, "events": [{"op": "set", "side": "bid", "price": 0.49, "size": 114.0}, {"op": "set", "side": "bid", "price": 0.47, "size": 67.0}, {"op": "set", "side": "bid", "price": 0.5, "size": 95.0}, {"op": "set", "side": "bid", "price": 0.48, "size": 25.0}, {"op": "set", "side": "ask", "price": 0.48, "size": 602.0}, {"op": "set", "side": "ask", "price": 0.45, "size": 430.0}]}
{"t": 1776976432.401032, "events": [{"op": "delete", "side": "ask", "price": 0.46}]}
{"t": 1776976435.41402, "events": [{"op": "delete", "side": "bid", "price": 0.48}]}
{"t": 1776976436.4190028, "events": [{"op": "delete", "side": "bid", "price": 0.5}, {"op": "set", "side": "bid", "price": 0.47, "size": 11.0}, {"op": "set", "side": "bid", "price": 0.48, "size": 25.0}, {"op": "set", "side": "ask", "price": 0.48, "size": 348.0}, {"op": "set", "side": "ask", "price": 0.44, "size": 355.0}, {"op": "set", "side": "ask", "price": 0.45, "size": 292.0}]}
{"t": 1776976437.425882, "events": [{"op": "set", "side": "bid", "price": 0.49, "size": 174.0}, {"op": "set", "side": "bid", "price": 0.45, "size": 551.8499999999999}, {"op": "set", "side": "bid", "price": 0.47, "size": 96.0}, {"op": "set", "side": "ask", "price": 0.48, "size": 315.0}, {"op": "set", "side": "ask", "price": 0.49, "size": 372.0}]}
{"t": 1776976438.4467258, "events": [{"op": "set", "side": "bid", "price": 0.49, "size": 276.0}, {"op": "set", "side": "bid", "price": 0.48, "size": 163.0}, {"op": "set", "side": "bid", "price": 0.45, "size": 507.8499999999999}, {"op": "set", "side": "bid", "price": 0.47, "size": 53.0}, {"op": "delete", "side": "ask", "price": 0.48}, {"op": "set", "side": "ask", "price": 0.44, "size": 1002.0}, {"op": "set", "side": "ask", "price": 0.49, "size": 458.0}, {"op": "set", "side": "ask", "price": 0.45, "size": 406.0}]}
{"t": 1776976440.468045, "events": [{"op": "set", "side": "bid", "price": 0.49, "size": 299.0}, {"op": "set", "side": "bid", "price": 0.48, "size": 138.0}, {"op": "set", "side": "ask", "price": 0.46, "size": 39.0}, {"op": "set", "side": "ask", "price": 0.49, "size": 427.0}]}
{"t": 1776976442.480271, "events": [{"op": "set", "side": "bid", "price": 0.49, "size": 298.0}, {"op": "delete", "side": "bid", "price": 0.48}, {"op": "set", "side": "bid", "price": 0.45, "size": 577.8499999999999}, {"op": "set", "side": "bid", "price": 0.47, "size": 152.0}, {"op": "set", "side": "ask", "price": 0.41, "size": 20750.28}, {"op": "set", "side": "ask", "price": 0.44, "size": 978.0}, {"op": "delete", "side": "ask", "price": 0.49}, {"op": "set", "side": "ask", "price": 0.45, "size": 617.0}]}
{"t": 1776976443.4918458, "events": [{"op": "set", "side": "bid", "price": 0.49, "size": 240.0}, {"op": "set", "side": "bid", "price": 0.47, "size": 128.0}, {"op": "set", "side": "bid", "price": 0.45, "size": 507.8499999999999}, {"op": "set", "side": "bid", "price": 0.5, "size": 275.0}]}
{"t": 1776976445.5077739, "events": [{"op": "set", "side": "bid", "price": 0.49, "size": 217.0}, {"op": "set", "side": "bid", "price": 0.51, "size": 23.0}]}
{"t": 1776976451.535392, "events": [{"op": "delete", "side": "bid", "price": 0.51}, {"op": "delete", "side": "bid", "price": 0.5}, {"op": "set", "side": "ask", "price": 0.45, "size": 48.0}]}
{"t": 1776976452.543754, "events": [{"op": "set", "side": "bid", "price": 0.49, "size": 138.0}, {"op": "set", "side": "bid", "price": 0.47, "size": 62.0}, {"op": "set", "side": "bid", "price": 0.5, "size": 24.0}, {"op": "set", "side": "ask", "price": 0.41, "size": 20709.28}, {"op": "delete", "side": "ask", "price": 0.46}, {"op": "set", "side": "ask", "price": 0.44, "size": 924.0}, {"op": "set", "side": "ask", "price": 0.01, "size": 251.0}, {"op": "delete", "side": "ask", "price": 0.45}]}
{"t": 1776976453.5542011, "events": [{"op": "set", "side": "bid", "price": 0.51, "size": 367.0}, {"op": "set", "side": "ask", "price": 0.42, "size": 422.0}, {"op": "set", "side": "ask", "price": 0.45, "size": 38.0}]}
{"t": 1776976455.5719721, "events": [{"op": "delete", "side": "bid", "price": 0.51}, {"op": "set", "side": "bid", "price": 0.5, "size": 324.0}, {"op": "set", "side": "bid", "price": 0.49, "size": 95.0}, {"op": "set", "side": "bid", "price": 0.47, "size": 43.0}, {"op": "set", "side": "ask", "price": 0.41, "size": 20678.28}, {"op": "set", "side": "ask", "price": 0.42, "size": 404.0}, {"op": "set", "side": "ask", "price": 0.44, "size": 898.0}]}
{"t": 1776976456.585608, "events": [{"op": "set", "side": "bid", "price": 0.49, "size": 90.0}]}
{"t": 1776976457.590011, "events": [{"op": "delete", "side": "bid", "price": 0.49}, {"op": "set", "side": "bid", "price": 0.47, "size": 11.0}]}
{"t": 1776976459.62, "events": [{"op": "set", "side": "bid", "price": 0.5, "size": 358.0}, {"op": "set", "side": "bid", "price": 0.47, "size": 189.0}, {"op": "set", "side": "bid", "price": 0.45, "size": 593.8499999999999}, {"op": "set", "side": "ask", "price": 0.41, "size": 20675.28}, {"op": "set", "side": "ask", "price": 0.42, "size": 391.0}, {"op": "set", "side": "ask", "price": 0.44, "size": 894.0}]}
{"t": 1776976461.631319, "events": [{"op": "set", "side": "bid", "price": 0.5, "size": 330.0}, {"op": "set", "side": "bid", "price": 0.47, "size": 184.0}, {"op": "set", "side": "bid", "price": 0.45, "size": 507.8499999999999}, {"op": "set", "side": "ask", "price": 0.41, "size": 20674.28}, {"op": "set", "side": "ask", "price": 0.42, "size": 386.0}, {"op": "set", "side": "ask", "price": 0.44, "size": 893.0}]}
{"t": 1776976462.638276, "events": [{"op": "set", "side": "bid", "price": 0.5, "size": 306.0}, {"op": "set", "side": "bid", "price": 0.51, "size": 328.0}, {"op": "set", "side": "bid", "price": 0.52, "size": 23.0}]}
{"t": 1776976465.66493, "events": [{"op": "delete", "side": "bid", "price": 0.52}, {"op": "delete", "side": "bid", "price": 0.51}, {"op": "delete", "side": "bid", "price": 0.5}, {"op": "set", "side": "bid", "price": 0.47, "size": 1.0}, {"op": "set", "side": "bid", "price": 0.46, "size": 27.0}, {"op": "set", "side": "ask", "price": 0.41, "size": 20327.28}, {"op": "set", "side": "ask", "price": 0.42, "size": 40.0}, {"op": "set", "side": "ask", "price": 0.44, "size": 355.0}]}
{"t": 1776976467.6886039, "events": [{"op": "set", "side": "bid", "price": 0.47, "size": 149.0}, {"op": "set", "side": "bid", "price": 0.45, "size": 508.8499999999999}, {"op": "set", "side": "bid", "price": 0.46, "size": 29.0}, {"op": "set", "side": "ask", "price": 0.41, "size": 20758.28}, {"op": "set", "side": "ask", "price": 0.44, "size": 1071.0}, {"op": "set", "side": "ask", "price": 0.45, "size": 891.0}]}
{"t": 1776976470.713255, "events": [{"op": "set", "side": "bid", "price": 0.46, "size": 2.0}, {"op": "set", "side": "bid", "price": 0.48, "size": 25.0}]}
{"t": 1776976472.725442, "events": [{"op": "set", "side": "bid", "price": 0.47, "size": 33.0}, {"op": "delete", "side": "bid", "price": 0.46}, {"op": "set", "side": "ask", "price": 0.41, "size": 20751.28}, {"op": "set", "side": "ask", "price": 0.44, "size": 979.0}, {"op": "set", "side": "ask", "price": 0.45, "size": 607.0}]}
{"t": 1776976473.738061, "events": [{"op": "set", "side": "bid", "price": 0.48, "size": 225.0}, {"op": "set", "side": "bid", "price": 0.45, "size": 522.8499999999999}]}
{"t": 1776976477.761339, "events": [{"op": "delete", "side": "bid", "price": 0.48}, {"op": "set", "side": "bid", "price": 0.47, "size": 1.0}, {"op": "set", "side": "bid", "price": 0.45, "size": 507.8499999999999}, {"op": "set", "side": "ask", "price": 0.41, "size": 20327.28}, {"op": "set", "side": "ask", "price": 0.44, "size": 355.0}, {"op": "set", "side": "ask", "price": 0.45, "size": 38.0}]}
{"t": 1776976478.778097, "events": [{"op": "set", "side": "bid", "price": 0.46, "size": 27.0}]}
{"t": 1776976480.793513, "events": [{"op": "set", "side": "bid", "price": 0.47, "size": 147.0}, {"op": "set", "side": "bid", "price": 0.45, "size": 508.8499999999999}, {"op": "set", "side": "bid", "price": 0.46, "size": 2.0}, {"op": "set", "side": "ask", "price": 0.41, "size": 20758.28}, {"op": "set", "side": "ask", "price": 0.44, "size": 1071.0}, {"op": "set", "side": "ask", "price": 0.45, "size": 891.0}]}
{"t": 1776976481.809105, "events": [{"op": "set", "side": "bid", "price": 0.48, "size": 26.0}]}
{"t": 1776976484.820907, "events": [{"op": "set", "side": "bid", "price": 0.47, "size": 34.0}, {"op": "delete", "side": "bid", "price": 0.46}, {"op": "set", "side": "ask", "price": 0.41, "size": 20751.28}, {"op": "set", "side": "ask", "price": 0.44, "size": 979.0}, {"op": "set", "side": "ask", "price": 0.45, "size": 607.0}]}
{"t": 1776976485.858399, "events": [{"op": "set", "side": "bid", "price": 0.48, "size": 225.0}, {"op": "set", "side": "bid", "price": 0.45, "size": 522.8499999999999}]}
{"t": 1776976490.901129, "events": [{"op": "set", "side": "bid", "price": 0.48, "size": 123.0}, {"op": "set", "side": "bid", "price": 0.45, "size": 507.8499999999999}]}
{"t": 1776976491.914994, "events": [{"op": "set", "side": "bid", "price": 0.47, "size": 58.0}, {"op": "set", "side": "bid", "price": 0.49, "size": 156.0}, {"op": "set", "side": "ask", "price": 0.44, "size": 980.0}]}
{"t": 1776976492.923475, "events": [{"op": "set", "side": "bid", "price": 0.48, "size": 97.0}, {"op": "set", "side": "bid", "price": 0.5, "size": 24.0}]}
{"t": 1776976504.995602, "events": [{"op": "delete", "side": "bid", "price": 0.49}, {"op": "delete", "side": "bid", "price": 0.48}, {"op": "set", "side": "bid", "price": 0.47, "size": 34.0}, {"op": "set", "side": "ask", "price": 0.44, "size": 979.0}, {"op": "set", "side": "ask", "price": 0.45, "size": 38.0}]}
{"t": 1776976506.004798, "events": [{"op": "set", "side": "bid", "price": 0.5, "size": 250.0}, {"op": "set", "side": "bid", "price": 0.47, "size": 63.0}, {"op": "set", "side": "bid", "price": 0.45, "size": 535.8499999999999}, {"op": "set", "side": "bid", "price": 0.46, "size": 27.0}, {"op": "set", "side": "ask", "price": 0.41, "size": 20709.28}, {"op": "set", "side": "ask", "price": 0.42, "size": 422.0}, {"op": "set", "side": "ask", "price": 0.44, "size": 924.0}]}
{"t": 1776976510.0364318, "events": [{"op": "delete", "side": "bid", "price": 0.46}]}
{"t": 1776976511.044847, "events": [{"op": "set", "side": "bid", "price": 0.51, "size": 23.0}]}
{"t": 1776976514.0667362, "events": [{"op": "delete", "side": "bid", "price": 0.23}, {"op": "delete", "side": "ask", "price": 0.2}]}
{"t": 1776976515.079541, "events": [{"op": "set", "side": "bid", "price": 0.25, "size": 2029.0}, {"op": "set", "side": "ask", "price": 0.16, "size": 5016.0}]}
{"t": 1776976521.1357608, "events": [{"op": "delete", "side": "bid", "price": 0.51}, {"op": "delete", "side": "bid", "price": 0.5}, {"op": "set", "side": "bid", "price": 0.47, "size": 34.0}, {"op": "delete", "side": "bid", "price": 0.24}, {"op": "set", "side": "bid", "price": 0.46, "size": 27.0}, {"op": "set", "side": "bid", "price": 0.26, "size": 53.0}, {"op": "set", "side": "ask", "price": 0.42, "size": 40.0}]}
{"t": 1776976522.1437619, "events": [{"op": "set", "side": "bid", "price": 0.47, "size": 71.0}, {"op": "set", "side": "bid", "price": 0.45, "size": 539.8499999999999}, {"op": "set", "side": "bid", "price": 0.51, "size": 220.0}, {"op": "set", "side": "ask", "price": 0.41, "size": 20753.28}, {"op": "set", "side": "ask", "price": 0.44, "size": 991.0}, {"op": "set", "side": "ask", "price": 0.45, "size": 607.0}]}
{"t": 1776976525.156095, "events": [{"op": "delete", "side": "bid", "price": 0.46}]}
{"t": 1776976526.162179, "events": [{"op": "set", "side": "bid", "price": 0.48, "size": 27.0}]}
{"t": 1776976535.199321, "events": [{"op": "delete", "side": "bid", "price": 0.48}]}
{"t": 1776976536.203557, "events": [{"op": "delete", "side": "bid", "price": 0.51}, {"op": "set", "side": "bid", "price": 0.47, "size": 1.0}, {"op": "set", "side": "bid", "price": 0.45, "size": 507.8499999999999}, {"op": "set", "side": "bid", "price": 0.48, "size": 27.0}, {"op": "set", "side": "ask", "price": 0.41, "size": 20327.28}, {"op": "set", "side": "ask", "price": 0.44, "size": 355.0}, {"op": "set", "side": "ask", "price": 0.45, "size": 38.0}]}
{"t": 1776976537.216504, "events": [{"op": "set", "side": "bid", "price": 0.48, "size": 96.0}, {"op": "set", "side": "bid", "price": 0.47, "size": 33.0}, {"op": "set", "side": "bid", "price": 0.49, "size": 678.0}, {"op": "set", "side": "ask", "price": 0.41, "size": 20762.28}, {"op": "set", "side": "ask", "price": 0.44, "size": 945.0}]}
{"t": 1776976540.237312, "events": [{"op": "set", "side": "bid", "price": 0.48, "size": 69.0}]}
{"t": 1776976541.245595, "events": [{"op": "set", "side": "bid", "price": 0.49, "size": 113.0}, {"op": "set", "side": "bid", "price": 0.48, "size": 53.0}, {"op": "set", "side": "bid", "price": 0.5, "size": 25.0}, {"op": "set", "side": "ask", "price": 0.41, "size": 20755.28}]}
{"t": 1776976544.27052, "events": [{"op": "set", "side": "ask", "price": 0.44, "size": 1004.0}, {"op": "set", "side": "ask", "price": 0.45, "size": 607.0}]}
{"t": 1776976545.305117, "events": [{"op": "delete", "side": "bid", "price": 0.49}, {"op": "delete", "side": "bid", "price": 0.48}]}
{"t": 1776976546.315924, "events": [{"op": "set", "side": "bid", "price": 0.5, "size": 103.0}, {"op": "set", "side": "bid", "price": 0.47, "size": 55.0}, {"op": "set", "side": "bid", "price": 0.46, "size": 27.0}]}
{"t": 1776976547.325418, "events": [{"op": "set", "side": "bid", "price": 0.51, "size": 683.0}]}
{"t": 1776976548.331649, "events": [{"op": "delete", "side": "bid", "price": 0.51}, {"op": "delete", "side": "bid", "price": 0.5}, {"op": "set", "side": "bid", "price": 0.47, "size": 33.0}]}
{"t": 1776976549.3694139, "events": [{"op": "set", "side": "bid", "price": 0.47, "size": 27.0}]}
{"t": 1776976550.374534, "events": [{"op": "set", "side": "bid", "price": 0.46, "size": 16.0}, {"op": "set", "side": "bid", "price": 0.48, "size": 43.0}, {"op": "set", "side": "bid", "price": 0.49, "size": 24.0}]}
{"t": 1776976552.38733, "events": [{"op": "delete", "side": "bid", "price": 0.48}, {"op": "delete", "side": "bid", "price": 0.46}, {"op": "set", "side": "ask", "price": 0.44, "size": 945.0}]}
{"t": 1776976553.394047, "events": [{"op": "set", "side": "bid", "price": 0.49, "size": 107.0}, {"op": "set", "side": "bid", "price": 0.47, "size": 43.0}, {"op": "set", "side": "bid", "price": 0.5, "size": 680.0}, {"op": "set", "side": "ask", "price": 0.44, "size": 1005.0}]}
{"t": 1776976555.404792, "events": [{"op": "set", "side": "bid", "price": 0.49, "size": 83.0}]}
{"t": 1776976556.4166641, "events": [{"op": "set", "side": "bid", "price": 0.51, "size": 24.0}]}
{"t": 1776976557.4230452, "events": [{"op": "set", "side": "ask", "price": 0.45, "size": 626.0}]}
{"t": 1776976560.430049, "events": [{"op": "delete", "side": "bid", "price": 0.51}, {"op": "delete", "side": "bid", "price": 0.5}, {"op": "delete", "side": "bid", "price": 0.49}, {"op": "set", "side": "bid", "price": 0.47, "size": 27.0}]}
{"t": 1776976561.438821, "events": [{"op": "set", "side": "bid", "price": 0.47, "size": 64.0}, {"op": "set", "side": "bid", "price": 0.51, "size": 118.0}, {"op": "set", "side": "bid", "price": 0.52, "size": 709.0}]}
{"t": 1776976565.468847, "events": [{"op": "set", "side": "bid", "price": 0.52, "size": 488.0}, {"op": "delete", "side": "bid", "price": 0.51}, {"op": "set", "side": "bid", "price": 0.47, "size": 278.0}, {"op": "set", "side": "bid", "price": 0.53, "size": 472.0}]}
{"t": 1776976566.4827142, "events": [{"op": "set", "side": "bid", "price": 0.53, "size": 495.0}, {"op": "set", "side": "bid", "price": 0.52, "size": 464.0}, {"op": "delete", "side": "bid", "price": 0.26}, {"op": "set", "side": "ask", "price": 0.43, "size": 37.0}, {"op": "set", "side": "ask", "price": 0.45, "size": 588.0}]}
{"t": 1776976568.495125, "events": [{"op": "set", "side": "bid", "price": 0.01, "size": 154.0}, {"op": "set", "side": "ask", "price": 0.45, "size": 569.0}]}
{"t": 1776976569.49947, "events": [{"op": "set", "side": "bid", "price": 0.53, "size": 23.0}, {"op": "delete", "side": "bid", "price": 0.52}, {"op": "set", "side": "bid", "price": 0.47, "size": 1.0}, {"op": "set", "side": "ask", "price": 0.41, "size": 20327.28}, {"op": "set", "side": "ask", "price": 0.44, "size": 355.0}, {"op": "delete", "side": "ask", "price": 0.45}]}
{"t": 1776976570.521151, "events": [{"op": "delete", "side": "bid", "price": 0.53}, {"op": "set", "side": "bid", "price": 0.46, "size": 27.0}, {"op": "set", "side": "ask", "price": 0.43, "size": 51.0}, {"op": "set", "side": "ask", "price": 0.44, "size": 374.0}, {"op": "set", "side": "ask", "price": 0.01, "size": 200.0}, {"op": "set", "side": "ask", "price": 0.45, "size": 39.0}]}
{"t": 1776976571.5276349, "events": [{"op": "set", "side": "bid", "price": 0.47, "size": 21.0}, {"op": "set", "side": "bid", "price": 0.46, "size": 29.0}, {"op": "set", "side": "bid", "price": 0.48, "size": 670.0}, {"op": "set", "side": "ask", "price": 0.41, "size": 20761.28}, {"op": "set", "side": "ask", "price": 0.44, "size": 960.0}]}
{"t": 1776976574.550605, "events": [{"op": "set", "side": "bid", "price": 0.48, "size": 15.0}, {"op": "set", "side": "bid", "price": 0.47, "size": 11.0}, {"op": "set", "side": "bid", "price": 0.46, "size": 33.0}, {"op": "set", "side": "ask", "price": 0.41, "size": 20755.28}, {"op": "set", "side": "ask", "price": 0.44, "size": 1024.0}, {"op": "set", "side": "ask", "price": 0.45, "size": 608.0}]}
{"t": 1776976575.5694778, "events": [{"op": "set", "side": "bid", "price": 0.46, "size": 6.0}, {"op": "set", "side": "ask", "price": 0.44, "size": 1005.0}]}
{"t": 1776976576.575867, "events": [{"op": "set", "side": "bid", "price": 0.46, "size": 33.0}, {"op": "set", "side": "ask", "price": 0.45, "size": 627.0}]}
{"t": 1776976577.582925, "events": [{"op": "set", "side": "bid", "price": 0.48, "size": 11.0}, {"op": "set", "side": "bid", "price": 0.47, "size": 7.0}, {"op": "set", "side": "bid", "price": 0.46, "size": 30.0}]}
{"t": 1776976579.598368, "events": [{"op": "set", "side": "bid", "price": 0.48, "size": 8.0}, {"op": "set", "side": "bid", "price": 0.47, "size": 5.0}]}
{"t": 1776976582.626801, "events": [{"op": "set", "side": "bid", "price": 0.48, "size": 5.0}, {"op": "set", "side": "bid", "price": 0.47, "size": 4.0}, {"op": "set", "side": "bid", "price": 0.46, "size": 29.0}]}
{"t": 1776976587.65838, "events": [{"op": "set", "side": "bid", "price": 0.48, "size": 4.0}]}
{"t": 1776976605.780865, "events": [{"op": "set", "side": "ask", "price": 0.44, "size": 1006.0}]}
{"t": 1776976611.832784, "events": [{"op": "set", "side": "bid", "price": 0.46, "size": 779.0}]}
{"t": 1776976627.946018, "events": [{"op": "delete", "side": "bid", "price": 0.48}, {"op": "set", "side": "bid", "price": 0.47, "size": 1.0}, {"op": "set", "side": "bid", "price": 0.46, "size": 777.0}, {"op": "set", "side": "ask", "price": 0.41, "size": 20327.28}, {"op": "set", "side": "ask", "price": 0.44, "size": 355.0}, {"op": "set", "side": "ask", "price": 0.45, "size": 58.0}]}
{"t": 1776976631.9891021, "events": [{"op": "set", "side": "bid", "price": 0.47, "size": 19.0}, {"op": "set", "side": "bid", "price": 0.46, "size": 752.0}, {"op": "set", "side": "bid", "price": 0.48, "size": 670.0}, {"op": "set", "side": "bid", "price": 0.49, "size": 26.0}, {"op": "set", "side": "ask", "price": 0.41, "size": 20761.28}, {"op": "set", "side": "ask", "price": 0.44, "size": 940.0}]}
{"t": 1776976636.012798, "events": [{"op": "delete", "side": "bid", "price": 0.48}, {"op": "set", "side": "ask", "price": 0.41, "size": 20755.28}]}
{"t": 1776976637.021386, "events": [{"op": "set", "side": "bid", "price": 0.49, "size": 142.0}, {"op": "set", "side": "bid", "price": 0.47, "size": 80.0}, {"op": "set", "side": "bid", "price": 0.46, "size": 774.0}, {"op": "set", "side": "ask", "price": 0.44, "size": 1006.0}, {"op": "set", "side": "ask", "price": 0.45, "size": 627.0}]}
{"t": 1776976640.0406752, "events": [{"op": "set", "side": "bid", "price": 0.47, "size": 53.0}, {"op": "delete", "side": "ask", "price": 0.43}, {"op": "set", "side": "ask", "price": 0.01, "size": 253.0}]}
{"t": 1776976641.045354, "events": [{"op": "set", "side": "bid", "price": 0.5, "size": 24.0}]}
{"t": 1776976648.087174, "events": [{"op": "set", "side": "bid", "price": 0.5, "size": 170.0}, {"op": "delete", "side": "bid", "price": 0.49}, {"op": "set", "side": "bid", "price": 0.46, "size": 782.0}, {"op": "set", "side": "bid", "price": 0.47, "size": 70.0}, {"op": "set", "side": "ask", "price": 0.44, "size": 1007.0}]}
{"t": 1776976649.094667, "events": [{"op": "set", "side": "bid", "price": 0.51, "size": 22.0}]}
{"t": 1776976650.106755, "events": [{"op": "delete", "side": "bid", "price": 0.51}, {"op": "delete", "side": "bid", "price": 0.5}, {"op": "set", "side": "bid", "price": 0.46, "size": 752.0}, {"op": "set", "side": "bid", "price": 0.47, "size": 19.0}]}
{"t": 1776976651.118593, "events": [{"op": "set", "side": "bid", "price": 0.47, "size": 81.0}, {"op": "set", "side": "bid", "price": 0.46, "size": 787.0}, {"op": "set", "side": "bid", "price": 0.51, "size": 190.0}, {"op": "set", "side": "bid", "price": 0.48, "size": 27.0}]}
{"t": 1776976653.130749, "events": [{"op": "delete", "side": "bid", "price": 0.51}, {"op": "set", "side": "bid", "price": 0.48, "size": 139.0}, {"op": "set", "side": "bid", "price": 0.46, "size": 766.0}, {"op": "set", "side": "bid", "price": 0.47, "size": 35.0}]}
{"t": 1776976660.164791, "events": [{"op": "set", "side": "bid", "price": 0.48, "size": 82.0}, {"op": "set", "side": "bid", "price": 0.47, "size": 34.0}, {"op": "set", "side": "bid", "price": 0.46, "size": 750.0}, {"op": "set", "side": "bid", "price": 0.02, "size": 49.0}, {"op": "set", "side": "bid", "price": 0.01, "size": 100.0}, {"op": "set", "side": "bid", "price": 0.49, "size": 118.0}]}
{"t": 1776976661.1799512, "events": [{"op": "set", "side": "bid", "price": 0.48, "size": 55.0}]}
{"t": 1776976662.1883461, "events": [{"op": "set", "side": "bid", "price": 0.5, "size": 23.0}]}
{"t": 1776976688.379301, "events": [{"op": "delete", "side": "bid", "price": 0.5}, {"op": "delete", "side": "bid", "price": 0.49}, {"op": "delete", "side": "bid", "price": 0.48}, {"op": "set", "side": "bid", "price": 0.47, "size": 19.0}]}
{"t": 1776976689.3868952, "events": [{"op": "set", "side": "bid", "price": 0.47, "size": 86.0}, {"op": "set", "side": "bid", "price": 0.5, "size": 107.0}, {"op": "set", "side": "bid", "price": 0.51, "size": 684.0}]}
{"t": 1776976690.397115, "events": [{"op": "set", "side": "bid", "price": 0.47, "size": 59.0}]}
{"t": 1776976691.417778, "events": [{"op": "set", "side": "bid", "price": 0.52, "size": 22.0}]}
{"t": 1776976694.6291242, "events": [{"op": "delete", "side": "bid", "price": 0.51}, {"op": "delete", "side": "bid", "price": 0.5}, {"op": "set", "side": "bid", "price": 0.47, "size": 1.0}, {"op": "set", "side": "ask", "price": 0.41, "size": 20327.28}, {"op": "set", "side": "ask", "price": 0.44, "size": 355.0}, {"op": "set", "side": "ask", "price": 0.45, "size": 58.0}]}
{"t": 1776976695.801642, "events": [{"op": "delete", "side": "bid", "price": 0.52}, {"op": "set", "side": "bid", "price": 0.47, "size": 28.0}]}
{"t": 1776976698.8431628, "events": [{"op": "set", "side": "bid", "price": 0.47, "size": 95.0}, {"op": "set", "side": "bid", "price": 0.46, "size": 782.0}, {"op": "set", "side": "bid", "price": 0.48, "size": 678.0}, {"op": "set", "side": "ask", "price": 0.41, "size": 20761.28}, {"op": "set", "side": "ask", "price": 0.44, "size": 938.0}]}
{"t": 1776976702.870096, "events": [{"op": "set", "side": "bid", "price": 0.47, "size": 68.0}, {"op": "delete", "side": "bid", "price": 0.02}, {"op": "set", "side": "bid", "price": 0.01, "size": 153.0}]}
{"t": 1776976703.879584, "events": [{"op": "set", "side": "bid", "price": 0.48, "size": 47.0}, {"op": "set", "side": "bid", "price": 0.47, "size": 33.0}, {"op": "set", "side": "bid", "price": 0.46, "size": 770.0}, {"op": "set", "side": "bid", "price": 0.49, "size": 26.0}, {"op": "set", "side": "ask", "price": 0.41, "size": 20756.28}, {"op": "set", "side": "ask", "price": 0.44, "size": 1007.0}, {"op": "set", "side": "ask", "price": 0.45, "size": 627.0}]}
{"t": 1776976720.0040588, "events": [{"op": "delete", "side": "bid", "price": 0.48}]}
{"t": 1776976721.023626, "events": [{"op": "set", "side": "bid", "price": 0.49, "size": 142.0}, {"op": "set", "side": "bid", "price": 0.47, "size": 82.0}, {"op": "set", "side": "bid", "price": 0.46, "size": 775.0}]}
{"t": 1776976724.061188, "events": [{"op": "set", "side": "ask", "price": 0.45, "size": 608.0}]}
{"t": 1776976725.0786262, "events": [{"op": "set", "side": "bid", "price": 0.47, "size": 55.0}]}
{"t": 1776976727.112159, "events": [{"op": "set", "side": "bid", "price": 0.5, "size": 24.0}]}
{"t": 1776976729.136172, "events": [{"op": "delete", "side": "bid", "price": 0.49}, {"op": "set", "side": "bid", "price": 0.46, "size": 770.0}, {"op": "set", "side": "bid", "price": 0.47, "size": 33.0}]}
{"t": 1776976730.1580229, "events": [{"op": "set", "side": "bid", "price": 0.5, "size": 191.0}, {"op": "set", "side": "bid", "price": 0.47, "size": 70.0}, {"op": "set", "side": "bid", "price": 0.46, "size": 782.0}]}
{"t": 1776976737.215096, "events": [{"op": "set", "side": "ask", "price": 0.45, "size": 627.0}]}
{"t": 1776976738.2212422, "events": [{"op": "set", "side": "bid", "price": 0.47, "size": 33.0}, {"op": "set", "side": "bid", "price": 0.46, "size": 750.0}]}
{"t": 1776976739.229032, "events": [{"op": "set", "side": "bid", "price": 0.5, "size": 196.0}, {"op": "set", "side": "bid", "price": 0.47, "size": 104.0}, {"op": "set", "side": "bid", "price": 0.51, "size": 172.0}]}
{"t": 1776976740.2347279, "events": [{"op": "set", "side": "bid", "price": 0.5, "size": 191.0}, {"op": "set", "side": "bid", "price": 0.47, "size": 33.0}]}
{"t": 1776976741.2510169, "events": [{"op": "set", "side": "bid", "price": 0.51, "size": 226.0}, {"op": "set", "side": "bid", "price": 0.5, "size": 211.0}, {"op": "set", "side": "bid", "price": 0.47, "size": 113.0}]}
{"t": 1776976744.483219, "events": [{"op": "set", "side": "bid", "price": 0.47, "size": 112.0}, {"op": "set", "side": "bid", "price": 0.02, "size": 53.0}, {"op": "set", "side": "bid", "price": 0.01, "size": 100.0}]}
{"t": 1776976749.529991, "events": [{"op": "set", "side": "bid", "price": 0.5, "size": 187.0}]}
{"t": 1776976752.540415, "events": [{"op": "delete", "side": "bid", "price": 0.51}, {"op": "delete", "side": "bid", "price": 0.5}, {"op": "set", "side": "bid", "price": 0.46, "size": 1603.0}, {"op": "set", "side": "bid", "price": 0.47, "size": 1173.0}, {"op": "set", "side": "ask", "price": 0.44, "size": 1008.0}]}
{"t": 1776976760.616456, "events": [{"op": "set", "side": "bid", "price": 0.47, "size": 826.0}, {"op": "set", "side": "bid", "price": 0.46, "size": 750.0}, {"op": "set", "side": "bid", "price": 0.48, "size": 809.0}]}
{"t": 1776976761.639429, "events": [{"op": "set", "side": "bid", "price": 0.49, "size": 25.0}]}
{"t": 1776976769.6871839, "events": [{"op": "delete", "side": "bid", "price": 0.48}, {"op": "delete", "side": "bid", "price": 0.47}, {"op": "set", "side": "ask", "price": 0.45, "size": 608.0}]}
{"t": 1776976770.703775, "events": [{"op": "set", "side": "bid", "price": 0.49, "size": 83.0}, {"op": "set", "side": "bid", "price": 0.46, "size": 794.0}, {"op": "set", "side": "bid", "price": 0.5, "size": 680.0}, {"op": "set", "side": "bid", "price": 0.51, "size": 23.0}]}
{"t": 1776976772.744343, "events": [{"op": "delete", "side": "bid", "price": 0.5}, {"op": "delete", "side": "bid", "price": 0.49}]}
{"t": 1776976773.7583098, "events": [{"op": "set", "side": "bid", "price": 0.51, "size": 194.0}, {"op": "set", "side": "bid", "price": 0.45, "size": 540.8499999999999}, {"op": "set", "side": "bid", "price": 0.46, "size": 822.0}]}
{"t": 1776976788.865946, "events": [{"op": "set", "side": "bid", "price": 0.45, "size": 507.8499999999999}, {"op": "set", "side": "bid", "price": 0.46, "size": 794.0}, {"op": "delete", "side": "bid", "price": 0.02}, {"op": "set", "side": "bid", "price": 0.01, "size": 151.0}]}
{"t": 1776976790.891396, "events": [{"op": "set", "side": "bid", "price": 0.51, "size": 200.0}, {"op": "set", "side": "bid", "price": 0.46, "size": 869.0}, {"op": "set", "side": "bid", "price": 0.52, "size": 166.0}]}
{"t": 1776976791.9012082, "events": [{"op": "set", "side": "bid", "price": 0.47, "size": 28.0}]}
{"t": 1776976792.913603, "events": [{"op": "delete", "side": "bid", "price": 0.52}, {"op": "delete", "side": "bid", "price": 0.51}, {"op": "set", "side": "bid", "price": 0.46, "size": 794.0}, {"op": "set", "side": "ask", "price": 0.45, "size": 627.0}]}
{"t": 1776976793.92892, "events": [{"op": "set", "side": "bid", "price": 0.47, "size": 83.0}, {"op": "set", "side": "bid", "price": 0.46, "size": 784.0}, {"op": "set", "side": "bid", "price": 0.48, "size": 125.0}]}
{"t": 1776976795.9431622, "events": [{"op": "set", "side": "bid", "price": 0.47, "size": 55.0}, {"op": "set", "side": "bid", "price": 0.49, "size": 24.0}]}
{"t": 1776976798.966105, "events": [{"op": "delete", "side": "bid", "price": 0.48}, {"op": "set", "side": "bid", "price": 0.46, "size": 750.0}, {"op": "delete", "side": "bid", "price": 0.47}, {"op": "set", "side": "ask", "price": 0.41, "size": 20327.28}, {"op": "set", "side": "ask", "price": 0.44, "size": 355.0}, {"op": "set", "side": "ask", "price": 0.45, "size": 58.0}]}
{"t": 1776976800.994625, "events": [{"op": "delete", "side": "bid", "price": 0.49}]}
{"t": 1776976802.004491, "events": [{"op": "set", "side": "bid", "price": 0.47, "size": 27.0}]}
{"t": 1776976804.039381, "events": [{"op": "set", "side": "bid", "price": 0.46, "size": 792.0}, {"op": "set", "side": "bid", "price": 0.5, "size": 679.0}, {"op": "set", "side": "bid", "price": 0.49, "size": 80.0}, {"op": "set", "side": "ask", "price": 0.41, "size": 20760.28}, {"op": "set", "side": "ask", "price": 0.44, "size": 937.0}]}
{"t": 1776976806.063827, "events": [{"op": "delete", "side": "bid", "price": 0.5}, {"op": "delete", "side": "bid", "price": 0.49}]}
{"t": 1776976807.082735, "events": [{"op": "set", "side": "bid", "price": 0.46, "size": 782.0}, {"op": "set", "side": "ask", "price": 0.41, "size": 20756.28}]}
{"t": 1776976809.098349, "events": [{"op": "set", "side": "bid", "price": 0.47, "size": 80.0}, {"op": "set", "side": "bid", "price": 0.48, "size": 84.0}, {"op": "set", "side": "ask", "price": 0.44, "size": 1009.0}, {"op": "set", "side": "ask", "price": 0.45, "size": 627.0}]}
{"t": 1776976810.112881, "events": [{"op": "set", "side": "bid", "price": 0.47, "size": 53.0}, {"op": "set", "side": "bid", "price": 0.49, "size": 24.0}]}
{"t": 1776976812.1601799, "events": [{"op": "delete", "side": "bid", "price": 0.49}, {"op": "delete", "side": "bid", "price": 0.48}, {"op": "delete", "side": "bid", "price": 0.47}]}
{"t": 1776976813.173311, "events": [{"op": "set", "side": "bid", "price": 0.47, "size": 26.0}]}
{"t": 1776976814.181136, "events": [{"op": "set", "side": "bid", "price": 0.45, "size": 528.8499999999999}, {"op": "set", "side": "bid", "price": 0.46, "size": 795.0}, {"op": "set", "side": "bid", "price": 0.49, "size": 122.0}]}
{"t": 1776976816.192041, "events": [{"op": "delete", "side": "bid", "price": 0.49}, {"op": "set", "side": "bid", "price": 0.45, "size": 507.8499999999999}, {"op": "set", "side": "bid", "price": 0.46, "size": 782.0}]}
{"t": 1776976817.207639, "events": [{"op": "set", "side": "bid", "price": 0.47, "size": 51.0}, {"op": "set", "side": "bid", "price": 0.48, "size": 84.0}]}
{"t": 1776976818.228111, "events": [{"op": "set", "side": "bid", "price": 0.47, "size": 77.0}]}
{"t": 1776976821.2622788, "events": [{"op": "set", "side": "bid", "price": 0.48, "size": 75.0}, {"op": "set", "side": "bid", "price": 0.47, "size": 51.0}, {"op": "set", "side": "bid", "price": 0.46, "size": 781.0}, {"op": "set", "side": "bid", "price": 0.49, "size": 24.0}]}
{"t": 1776976823.281095, "events": [{"op": "set", "side": "bid", "price": 0.49, "size": 146.0}, {"op": "delete", "side": "bid", "price": 0.48}, {"op": "set", "side": "bid", "price": 0.45, "size": 528.8499999999999}, {"op": "set", "side": "bid", "price": 0.46, "size": 764.0}, {"op": "delete", "side": "bid", "price": 0.47}, {"op": "set", "side": "ask", "price": 0.41, "size": 20327.28}, {"op": "set", "side": "ask", "price": 0.44, "size": 355.0}, {"op": "set", "side": "ask", "price": 0.45, "size": 58.0}]}
{"t": 1776976825.307746, "events": [{"op": "set", "side": "bid", "price": 0.45, "size": 507.8499999999999}]}
{"t": 1776976826.322222, "events": [{"op": "set", "side": "bid", "price": 0.49, "size": 111.0}, {"op": "set", "side": "bid", "price": 0.46, "size": 802.0}, {"op": "set", "side": "bid", "price": 0.5, "size": 107.0}, {"op": "set", "side": "ask", "price": 0.41, "size": 20760.28}, {"op": "set", "side": "ask", "price": 0.44, "size": 937.0}]}
{"t": 1776976827.333923, "events": [{"op": "set", "side": "bid", "price": 0.5, "size": 131.0}, {"op": "set", "side": "bid", "price": 0.49, "size": 87.0}]}
{"t": 1776976828.34455, "events": [{"op": "delete", "side": "ask", "price": 0.45}]}
{"t": 1776976829.35049, "events": [{"op": "set", "side": "ask", "price": 0.45, "size": 12.13}]}
{"t": 1776976830.3663218, "events": [{"op": "set", "side": "bid", "price": 0.5, "size": 126.0}, {"op": "delete", "side": "bid", "price": 0.49}, {"op": "set", "side": "bid", "price": 0.46, "size": 764.0}, {"op": "set", "side": "ask", "price": 0.41, "size": 20756.28}]}
{"t": 1776976831.380969, "events": [{"op": "set", "side": "bid", "price": 0.5, "size": 102.0}, {"op": "set", "side": "bid", "price": 0.46, "size": 811.0}, {"op": "set", "side": "bid", "price": 0.51, "size": 119.0}, {"op": "set", "side": "bid", "price": 0.02, "size": 51.0}, {"op": "set", "side": "bid", "price": 0.01, "size": 100.0}, {"op": "set", "side": "ask", "price": 0.43, "size": 41.0}, {"op": "set", "side": "ask", "price": 0.44, "size": 1009.0}, {"op": "set", "side": "ask", "price": 0.45, "size": 581.13}]}
{"t": 1776976832.395662, "events": [{"op": "set", "side": "bid", "price": 0.51, "size": 142.0}]}
{"t": 1776976834.404785, "events": [{"op": "delete", "side": "bid", "price": 0.5}, {"op": "set", "side": "bid", "price": 0.46, "size": 764.0}]}
{"t": 1776976835.417113, "events": [{"op": "set", "side": "ask", "price": 0.41, "size": 20752.28}, {"op": "set", "side": "ask", "price": 0.44, "size": 990.0}]}
{"t": 1776976836.4244428, "events": [{"op": "set", "side": "bid", "price": 0.51, "size": 159.0}, {"op": "set", "side": "bid", "price": 0.46, "size": 831.0}, {"op": "set", "side": "bid", "price": 0.52, "size": 126.0}, {"op": "delete", "side": "ask", "price": 0.43}]}
{"t": 1776976837.434342, "events": [{"op": "set", "side": "bid", "price": 0.51, "size": 136.0}, {"op": "set", "side": "bid", "price": 0.47, "size": 28.0}, {"op": "set", "side": "ask", "price": 0.43, "size": 40.0}]}
{"t": 1776976839.444206, "events": [{"op": "delete", "side": "bid", "price": 0.52}, {"op": "delete", "side": "bid", "price": 0.51}, {"op": "set", "side": "bid", "price": 0.46, "size": 782.0}, {"op": "set", "side": "ask", "price": 0.46, "size": 11.86}, {"op": "set", "side": "ask", "price": 0.45, "size": 569.0}]}
{"t": 1776976840.4514198, "events": [{"op": "set", "side": "bid", "price": 0.47, "size": 76.0}, {"op": "set", "side": "bid", "price": 0.48, "size": 98.0}, {"op": "set", "side": "ask", "price": 0.46, "size": 30.86}]}
{"t": 1776976841.461482, "events": [{"op": "set", "side": "bid", "price": 0.47, "size": 48.0}, {"op": "set", "side": "bid", "price": 0.49, "size": 24.0}, {"op": "set", "side": "ask", "price": 0.46, "size": 68.86}, {"op": "delete", "side": "ask", "price": 0.43}]}
{"t": 1776976843.4774091, "events": [{"op": "delete", "side": "bid", "price": 0.48}, {"op": "set", "side": "bid", "price": 0.46, "size": 764.0}, {"op": "delete", "side": "bid", "price": 0.47}, {"op": "set", "side": "ask", "price": 0.46, "size": 57.0}]}
{"t": 1776976844.4879239, "events": [{"op": "set", "side": "bid", "price": 0.49, "size": 200.0}, {"op": "set", "side": "bid", "price": 0.45, "size": 526.8499999999999}, {"op": "set", "side": "bid", "price": 0.46, "size": 790.0}, {"op": "set", "side": "ask", "price": 0.41, "size": 20753.28}]}
{"t": 1776976856.5596192, "events": [{"op": "set", "side": "bid", "price": 0.45, "size": 507.8499999999999}, {"op": "set", "side": "bid", "price": 0.46, "size": 764.0}]}
{"t": 1776976857.581012, "events": [{"op": "set", "side": "bid", "price": 0.49, "size": 123.0}, {"op": "set", "side": "bid", "price": 0.46, "size": 823.0}, {"op": "set", "side": "bid", "price": 0.5, "size": 140.0}]}
{"t": 1776976858.589715, "events": [{"op": "set", "side": "bid", "price": 0.5, "size": 164.0}]}
{"t": 1776976862.621618, "events": [{"op": "delete", "side": "bid", "price": 0.49}, {"op": "set", "side": "bid", "price": 0.46, "size": 764.0}, {"op": "delete", "side": "ask", "price": 0.46}]}
{"t": 1776976863.631295, "events": [{"op": "set", "side": "bid", "price": 0.5, "size": 153.0}]}
{"t": 1776976864.6476958, "events": [{"op": "set", "side": "bid", "price": 0.5, "size": 129.0}, {"op": "set", "side": "bid", "price": 0.46, "size": 828.0}, {"op": "set", "side": "bid", "price": 0.51, "size": 139.0}, {"op": "set", "side": "ask", "price": 0.43, "size": 40.0}]}
{"t": 1776976865.660147, "events": [{"op": "set", "side": "bid", "price": 0.51, "size": 162.0}]}
{"t": 1776976873.730138, "events": [{"op": "delete", "side": "bid", "price": 0.51}, {"op": "delete", "side": "bid", "price": 0.5}, {"op": "set", "side": "bid", "price": 0.46, "size": 750.0}, {"op": "delete", "side": "bid", "price": 0.02}, {"op": "set", "side": "bid", "price": 0.01, "size": 155.0}, {"op": "set", "side": "ask", "price": 0.41, "size": 20327.28}, {"op": "set", "side": "ask", "price": 0.44, "size": 355.0}, {"op": "set", "side": "ask", "price": 0.45, "size": 12.13}]}
{"t": 1776976874.749619, "events": [{"op": "set", "side": "bid", "price": 0.47, "size": 27.0}, {"op": "set", "side": "ask", "price": 0.46, "size": 19.0}, {"op": "delete", "side": "ask", "price": 0.45}]}
{"t": 1776976876.771445, "events": [{"op": "set", "side": "bid", "price": 0.47, "size": 73.0}, {"op": "set", "side": "bid", "price": 0.46, "size": 778.0}, {"op": "set", "side": "bid", "price": 0.48, "size": 679.0}, {"op": "set", "side": "ask", "price": 0.41, "size": 20763.28}, {"op": "delete", "side": "ask", "price": 0.43}, {"op": "set", "side": "ask", "price": 0.44, "size": 955.0}, {"op": "set", "side": "ask", "price": 0.45, "size": 39.0}]}
{"t": 1776976877.790463, "events": [{"op": "set", "side": "bid", "price": 0.49, "size": 26.0}]}
{"t": 1776976878.805439, "events": [{"op": "delete", "side": "ask", "price": 0.46}]}
{"t": 1776976880.821571, "events": [{"op": "set", "side": "bid", "price": 0.49, "size": 203.0}, {"op": "delete", "side": "bid", "price": 0.48}, {"op": "set", "side": "bid", "price": 0.45, "size": 527.8499999999999}, {"op": "set", "side": "bid", "price": 0.46, "size": 793.0}, {"op": "delete", "side": "bid", "price": 0.47}, {"op": "set", "side": "ask", "price": 0.41, "size": 20753.28}, {"op": "set", "side": "ask", "price": 0.46, "size": 11.86}, {"op": "set", "side": "ask", "price": 0.44, "size": 991.0}, {"op": "set", "side": "ask", "price": 0.45, "size": 608.0}]}
{"t": 1776976882.8548748, "events": [{"op": "set", "side": "ask", "price": 0.45, "size": 503.53}]}
{"t": 1776976885.872129, "events": [{"op": "set", "side": "bid", "price": 0.45, "size": 507.8499999999999}, {"op": "set", "side": "bid", "price": 0.46, "size": 750.0}, {"op": "set", "side": "ask", "price": 0.41, "size": 20327.28}, {"op": "delete", "side": "ask", "price": 0.46}, {"op": "set", "side": "ask", "price": 0.43, "size": 41.0}, {"op": "set", "side": "ask", "price": 0.44, "size": 955.0}, {"op": "set", "side": "ask", "price": 0.45, "size": 12.13}]}
{"t": 1776976886.884876, "events": [{"op": "set", "side": "bid", "price": 0.49, "size": 98.0}, {"op": "set", "side": "ask", "price": 0.44, "size": 863.0}]}
{"t": 1776976887.9062011, "events": [{"op": "set", "side": "bid", "price": 0.49, "size": 72.0}, {"op": "set", "side": "bid", "price": 0.5, "size": 107.0}, {"op": "set", "side": "bid", "price": 0.51, "size": 121.0}, {"op": "set", "side": "ask", "price": 0.4, "size": 483.22}, {"op": "delete", "side": "ask", "price": 0.45}]}
{"t": 1776976888.912745, "events": [{"op": "set", "side": "bid", "price": 0.51, "size": 145.0}]}
{"t": 1776976889.923457, "events": [{"op": "set", "side": "bid", "price": 0.51, "size": 107.0}, {"op": "delete", "side": "bid", "price": 0.5}, {"op": "delete", "side": "bid", "price": 0.49}, {"op": "set", "side": "ask", "price": 0.44, "size": 374.0}]}
{"t": 1776976891.953293, "events": [{"op": "set", "side": "bid", "price": 0.51, "size": 83.0}, {"op": "set", "side": "bid", "price": 0.52, "size": 148.0}, {"op": "set", "side": "bid", "price": 0.53, "size": 133.0}, {"op": "set", "side": "ask", "price": 0.4, "size": 572.22}, {"op": "set", "side": "ask", "price": 0.42, "size": 80.0}, {"op": "set", "side": "ask", "price": 0.43, "size": 525.0}]}
{"t": 1776976894.0004108, "events": [{"op": "delete", "side": "bid", "price": 0.51}, {"op": "set", "side": "ask", "price": 0.4, "size": 483.22}, {"op": "delete", "side": "ask", "price": 0.43}]}
{"t": 1776976895.0113049, "events": [{"op": "set", "side": "bid", "price": 0.53, "size": 151.0}, {"op": "set", "side": "bid", "price": 0.52, "size": 125.0}, {"op": "set", "side": "bid", "price": 0.54, "size": 157.0}, {"op": "set", "side": "ask", "price": 0.4, "size": 1131.22}]}
{"t": 1776976897.036383, "events": [{"op": "set", "side": "bid", "price": 0.52, "size": 101.0}, {"op": "set", "side": "ask", "price": 0.42, "size": 40.0}, {"op": "set", "side": "ask", "price": 0.44, "size": 355.0}]}
{"t": 1776976899.057378, "events": [{"op": "set", "side": "bid", "price": 0.53, "size": 174.0}, {"op": "set", "side": "ask", "price": 0.43, "size": 37.0}]}
{"t": 1776976901.0843189, "events": [{"op": "delete", "side": "bid", "price": 0.52}]}
{"t": 1776976902.095287, "events": [{"op": "set", "side": "bid", "price": 0.54, "size": 236.0}, {"op": "set", "side": "bid", "price": 0.53, "size": 142.0}, {"op": "set", "side": "bid", "price": 0.55, "size": 209.0}, {"op": "set", "side": "ask", "price": 0.4, "size": 576.22}, {"op": "set", "side": "ask", "price": 0.42, "size": 78.0}, {"op": "set", "side": "ask", "price": 0.43, "size": 582.0}]}
{"t": 1776976905.158245, "events": [{"op": "set", "side": "bid", "price": 0.54, "size": 179.0}, {"op": "delete", "side": "bid", "price": 0.53}, {"op": "set", "side": "ask", "price": 0.4, "size": 483.22}, {"op": "delete", "side": "ask", "price": 0.43}]}
{"t": 1776976906.1795998, "events": [{"op": "set", "side": "bid", "price": 0.02, "size": 15.0}, {"op": "set", "side": "ask", "price": 0.02, "size": 127.0}]}
{"t": 1776976907.188873, "events": [{"op": "set", "side": "bid", "price": 0.54, "size": 157.0}, {"op": "set", "side": "ask", "price": 0.42, "size": 40.0}]}
{"t": 1776976908.196084, "events": [{"op": "set", "side": "bid", "price": 0.55, "size": 662.0}, {"op": "set", "side": "bid", "price": 0.54, "size": 229.0}, {"op": "set", "side": "bid", "price": 0.47, "size": 29.0}, {"op": "set", "side": "bid", "price": 0.02, "size": 70.0}, {"op": "set", "side": "bid", "price": 0.01, "size": 100.0}, {"op": "set", "side": "ask", "price": 0.4, "size": 1131.22}, {"op": "set", "side": "ask", "price": 0.43, "size": 35.0}]}
{"t": 1776976909.212866, "events": [{"op": "set", "side": "ask", "price": 0.42, "size": 22.0}, {"op": "set", "side": "ask", "price": 0.44, "size": 55.0}]}
{"t": 1776976911.240003, "events": [{"op": "delete", "side": "bid", "price": 0.55}, {"op": "delete", "side": "bid", "price": 0.54}, {"op": "set", "side": "ask", "price": 0.4, "size": 576.22}, {"op": "set", "side": "ask", "price": 0.42, "size": 76.0}, {"op": "set", "side": "ask", "price": 0.01, "size": 200.0}]}
{"t": 1776976912.4020412, "events": [{"op": "set", "side": "bid", "price": 0.47, "size": 56.0}, {"op": "set", "side": "bid", "price": 0.48, "size": 85.0}, {"op": "set", "side": "bid", "price": 0.49, "size": 667.0}, {"op": "set", "side": "ask", "price": 0.43, "size": 576.0}, {"op": "set", "side": "ask", "price": 0.01, "size": 216.0}]}
{"t": 1776976914.42293, "events": [{"op": "set", "side": "bid", "price": 0.47, "size": 27.0}, {"op": "set", "side": "bid", "price": 0.5, "size": 5.0}, {"op": "set", "side": "ask", "price": 0.44, "size": 74.0}, {"op": "set", "side": "ask", "price": 0.45, "size": 12.13}]}
{"t": 1776976915.429585, "events": [{"op": "set", "side": "bid", "price": 0.5, "size": 30.0}, {"op": "set", "side": "ask", "price": 0.45, "size": 49.13}]}
{"t": 1776976924.5224938, "events": [{"op": "set", "side": "ask", "price": 0.44, "size": 55.0}]}
{"t": 1776976925.529491, "events": [{"op": "set", "side": "ask", "price": 0.45, "size": 68.13}]}
{"t": 1776976929.578751, "events": [{"op": "delete", "side": "bid", "price": 0.49}, {"op": "delete", "side": "bid", "price": 0.48}, {"op": "delete", "side": "bid", "price": 0.47}, {"op": "set", "side": "ask", "price": 0.4, "size": 450.22}, {"op": "set", "side": "ask", "price": 0.46, "size": 11.86}, {"op": "delete", "side": "ask", "price": 0.43}, {"op": "set", "side": "ask", "price": 0.45, "size": 55.99999999999999}]}
{"t": 1776976930.605024, "events": [{"op": "set", "side": "bid", "price": 0.5, "size": 52.0}, {"op": "set", "side": "bid", "price": 0.51, "size": 110.0}, {"op": "set", "side": "bid", "price": 0.52, "size": 691.0}, {"op": "delete", "side": "ask", "price": 0.46}, {"op": "set", "side": "ask", "price": 0.44, "size": 523.0}]}
{"t": 1776976931.623748, "events": [{"op": "set", "side": "ask", "price": 0.45, "size": 36.99999999999999}]}
{"t": 1776976932.637355, "events": [{"op": "set", "side": "ask", "price": 0.45, "size": 55.99999999999999}]}
{"t": 1776976938.691734, "events": [{"op": "set", "side": "bid", "price": 0.52, "size": 313.0}, {"op": "delete", "side": "bid", "price": 0.51}, {"op": "set", "side": "bid", "price": 0.5, "size": 5.0}, {"op": "set", "side": "bid", "price": 0.54, "size": 400.0}, {"op": "set", "side": "bid", "price": 0.53, "size": 470.0}, {"op": "set", "side": "ask", "price": 0.4, "size": 553.22}, {"op": "set", "side": "ask", "price": 0.44, "size": 609.0}, {"op": "set", "side": "ask", "price": 0.01, "size": 200.0}, {"op": "set", "side": "ask", "price": 0.45, "size": 18.999999999999993}]}
{"t": 1776976939.711393, "events": [{"op": "set", "side": "bid", "price": 0.53, "size": 494.0}, {"op": "set", "side": "ask", "price": 0.43, "size": 17.0}, {"op": "set", "side": "ask", "price": 0.44, "size": 642.0}]}
{"t": 1776976941.7294898, "events": [{"op": "set", "side": "bid", "price": 0.53, "size": 470.0}, {"op": "delete", "side": "ask", "price": 0.45}]}
{"t": 1776976942.738662, "events": [{"op": "set", "side": "bid", "price": 0.53, "size": 494.0}]}
{"t": 1776976946.774417, "events": [{"op": "set", "side": "bid", "price": 0.53, "size": 470.0}]}
{"t": 1776976947.781201, "events": [{"op": "set", "side": "bid", "price": 0.53, "size": 494.0}]}
{"t": 1776976956.8416572, "events": [{"op": "set", "side": "ask", "price": 0.42, "size": 126.0}]}
{"t": 1776976961.860786, "events": [{"op": "set", "side": "bid", "price": 0.53, "size": 470.0}]}
{"t": 1776976962.8689432, "events": [{"op": "set", "side": "bid", "price": 0.53, "size": 494.0}]}
{"t": 1776976966.893217, "events": [{"op": "set", "side": "bid", "price": 0.53, "size": 470.0}]}
{"t": 1776976967.899841, "events": [{"op": "set", "side": "bid", "price": 0.53, "size": 494.0}]}
{"t": 1776976970.939878, "events": [{"op": "set", "side": "bid", "price": 0.54, "size": 476.0}, {"op": "set", "side": "bid", "price": 0.53, "size": 333.0}, {"op": "delete", "side": "bid", "price": 0.52}, {"op": "set", "side": "bid", "price": 0.55, "size": 500.0}, {"op": "set", "side": "bid", "price": 0.47, "size": 30.0}, {"op": "set", "side": "bid", "price": 0.02, "size": 15.0}, {"op": "set", "side": "bid", "price": 0.01, "size": 145.0}, {"op": "set", "side": "ask", "price": 0.4, "size": 576.22}, {"op": "set", "side": "ask", "price": 0.43, "size": 524.0}, {"op": "set", "side": "ask", "price": 0.44, "size": 55.0}]}
{"t": 1776976971.962135, "events": [{"op": "set", "side": "bid", "price": 0.53, "size": 309.0}, {"op": "set", "side": "ask", "price": 0.43, "size": 558.0}, {"op": "set", "side": "ask", "price": 0.01, "size": 217.0}]}
{"t": 1776976972.975918, "events": [{"op": "set", "side": "bid", "price": 0.54, "size": 499.0}, {"op": "set", "side": "bid", "price": 0.48, "size": 50.0}]}
{"t": 1776976976.001222, "events": [{"op": "set", "side": "bid", "price": 0.54, "size": 423.0}, {"op": "delete", "side": "bid", "price": 0.53}, {"op": "set", "side": "bid", "price": 0.46, "size": 800.0}, {"op": "set", "side": "ask", "price": 0.42, "size": 72.0}, {"op": "set", "side": "ask", "price": 0.02, "size": 179.0}]}
{"t": 1776976977.017309, "events": [{"op": "set", "side": "bid", "price": 0.55, "size": 363.0}, {"op": "set", "side": "bid", "price": 0.54, "size": 227.0}, {"op": "set", "side": "bid", "price": 0.5, "size": 110.0}, {"op": "set", "side": "bid", "price": 0.27, "size": 10.0}, {"op": "set", "side": "ask", "price": 0.43, "size": 571.0}]}
{"t": 1776976978.030357, "events": [{"op": "set", "side": "bid", "price": 0.46, "size": 750.0}, {"op": "set", "side": "bid", "price": 0.34, "size": 50.0}, {"op": "set", "side": "bid", "price": 0.51, "size": 27.0}, {"op": "delete", "side": "bid", "price": 0.27}, {"op": "set", "side": "ask", "price": 0.43, "size": 606.0}]}
{"t": 1776976979.055949, "events": [{"op": "delete", "side": "bid", "price": 0.55}, {"op": "delete", "side": "bid", "price": 0.54}, {"op": "set", "side": "bid", "price": 0.51, "size": 77.0}, {"op": "delete", "side": "bid", "price": 0.48}, {"op": "set", "side": "ask", "price": 0.42, "size": 22.0}]}
{"t": 1776976980.067904, "events": [{"op": "set", "side": "bid", "price": 0.51, "size": 132.0}, {"op": "set", "side": "bid", "price": 0.5, "size": 58.0}, {"op": "set", "side": "bid", "price": 0.52, "size": 276.0}, {"op": "set", "side": "ask", "price": 0.44, "size": 74.0}]}
{"t": 1776976981.073195, "events": [{"op": "set", "side": "ask", "price": 0.44, "size": 124.0}]}
{"t": 1776976982.084939, "events": [{"op": "set", "side": "bid", "price": 0.52, "size": 299.0}, {"op": "set", "side": "bid", "price": 0.51, "size": 105.0}, {"op": "delete", "side": "bid", "price": 0.34}, {"op": "set", "side": "ask", "price": 0.43, "size": 571.0}, {"op": "set", "side": "ask", "price": 0.45, "size": 34.0}]}
{"t": 1776976985.107435, "events": [{"op": "set", "side": "ask", "price": 0.44, "size": 105.0}]}
{"t": 1776976986.1158159, "events": [{"op": "set", "side": "ask", "price": 0.45, "size": 53.0}]}
{"t": 1776976992.1589901, "events": [{"op": "set", "side": "bid", "price": 0.52, "size": 146.0}, {"op": "delete", "side": "bid", "price": 0.51}, {"op": "set", "side": "bid", "price": 0.5, "size": 5.0}, {"op": "delete", "side": "bid", "price": 0.47}, {"op": "set", "side": "bid", "price": 0.54, "size": 400.0}, {"op": "set", "side": "bid", "price": 0.53, "size": 218.0}, {"op": "set", "side": "ask", "price": 0.4, "size": 487.22}, {"op": "set", "side": "ask", "price": 0.42, "size": 72.0}, {"op": "set", "side": "ask", "price": 0.43, "size": 15.0}, {"op": "set", "side": "ask", "price": 0.44, "size": 547.0}, {"op": "set", "side": "ask", "price": 0.45, "size": 19.0}]}
{"t": 1776976993.171943, "events": [{"op": "set", "side": "bid", "price": 0.53, "size": 242.0}, {"op": "set", "side": "ask", "price": 0.43, "size": 37.0}]}
{"t": 1776976994.185539, "events": [{"op": "delete", "side": "ask", "price": 0.45}]}
{"t": 1776976997.2072861, "events": [{"op": "set", "side": "bid", "price": 0.54, "size": 341.0}, {"op": "set", "side": "bid", "price": 0.53, "size": 220.0}, {"op": "set", "side": "bid", "price": 0.46, "size": 800.0}, {"op": "delete", "side": "bid", "price": 0.52}, {"op": "set", "side": "bid", "price": 0.55, "size": 500.0}, {"op": "set", "side": "bid", "price": 0.47, "size": 30.0}, {"op": "set", "side": "ask", "price": 0.4, "size": 566.22}, {"op": "set", "side": "ask", "price": 0.42, "size": 87.0}, {"op": "set", "side": "ask", "price": 0.43, "size": 514.0}, {"op": "set", "side": "ask", "price": 0.44, "size": 55.0}, {"op": "set", "side": "ask", "price": 0.01, "size": 200.0}]}
{"t": 1776976999.238602, "events": [{"op": "set", "side": "bid", "price": 0.54, "size": 364.0}, {"op": "set", "side": "ask", "price": 0.43, "size": 549.0}, {"op": "set", "side": "ask", "price": 0.02, "size": 127.0}, {"op": "set", "side": "ask", "price": 0.01, "size": 256.0}]}
{"t": 1776977002.2822442, "events": [{"op": "set", "side": "bid", "price": 0.48, "size": 50.0}]}
{"t": 1776977009.313969, "events": [{"op": "set", "side": "bid", "price": 0.55, "size": 304.0}, {"op": "set", "side": "bid", "price": 0.54, "size": 210.0}, {"op": "delete", "side": "bid", "price": 0.53}, {"op": "delete", "side": "bid", "price": 0.48}, {"op": "set", "side": "bid", "price": 0.5, "size": 87.0}, {"op": "delete", "side": "bid", "price": 0.47}, {"op": "set", "side": "bid", "price": 0.46, "size": 750.0}, {"op": "set", "side": "bid", "price": 0.26, "size": 10.0}, {"op": "set", "side": "bid", "price": 0.02, "size": 69.0}, {"op": "set", "side": "bid", "price": 0.31, "size": 50.0}, {"op": "set", "side": "bid", "price": 0.01, "size": 100.0}, {"op": "set", "side": "bid", "price": 0.49, "size": 30.0}, {"op": "set", "side": "ask", "price": 0.4, "size": 576.22}, {"op": "set", "side": "ask", "price": 0.43, "size": 603.0}]}
{"t": 1776977012.346987, "events": [{"op": "set", "side": "bid", "price": 0.54, "size": 187.0}, {"op": "set", "side": "ask", "price": 0.43, "size": 568.0}]}
{"t": 1776977013.4125519, "events": [{"op": "set", "side": "bid", "price": 0.51, "size": 27.0}, {"op": "set", "side": "ask", "price": 0.44, "size": 85.0}]}
{"t": 1776977017.440346, "events": [{"op": "delete", "side": "bid", "price": 0.51}]}
{"t": 1776977019.458981, "events": [{"op": "set", "side": "bid", "price": 0.51, "size": 27.0}]}
{"t": 1776977022.481051, "events": [{"op": "delete", "side": "bid", "price": 0.55}, {"op": "delete", "side": "bid", "price": 0.54}, {"op": "delete", "side": "bid", "price": 0.49}, {"op": "set", "side": "bid", "price": 0.5, "size": 45.0}, {"op": "delete", "side": "bid", "price": 0.26}, {"op": "set", "side": "bid", "price": 0.47, "size": 90.0}, {"op": "set", "side": "ask", "price": 0.4, "size": 450.22}, {"op": "delete", "side": "ask", "price": 0.43}, {"op": "set", "side": "ask", "price": 0.44, "size": 100.0}]}
