{"t": 1776975854.366905, "events": [{"op": "set", "side": "bid", "price": 0.66, "size": 26.0}]}
{"t": 1776975855.3857431, "events": [{"op": "delete", "side": "bid", "price": 0.65}]}
{"t": 1776975856.396708, "events": [{"op": "set", "side": "bid", "price": 0.66, "size": 359.0}]}
{"t": 1776975858.419916, "events": [{"op": "set", "side": "bid", "price": 0.66, "size": 333.0}, {"op": "set", "side": "bid", "price": 0.67, "size": 24.0}]}
{"t": 1776975859.432927, "events": [{"op": "set", "side": "bid", "price": 0.68, "size": 649.0}, {"op": "delete", "side": "bid", "price": 0.66}]}
{"t": 1776975860.4405582, "events": [{"op": "set", "side": "bid", "price": 0.67, "size": 357.0}]}
{"t": 1776975863.466253, "events": [{"op": "set", "side": "bid", "price": 0.67, "size": 333.0}, {"op": "set", "side": "bid", "price": 0.65, "size": 26.0}]}
{"t": 1776975866.4869819, "events": [{"op": "set", "side": "bid", "price": 0.68, "size": 713.0}, {"op": "delete", "side": "bid", "price": 0.67}, {"op": "set", "side": "bid", "price": 0.65, "size": 359.0}, {"op": "set", "side": "ask", "price": 0.29, "size": 30959.0}]}
{"t": 1776975868.5054138, "events": [{"op": "set", "side": "bid", "price": 0.65, "size": 333.0}]}
{"t": 1776975869.519797, "events": [{"op": "delete", "side": "bid", "price": 0.65}, {"op": "set", "side": "bid", "price": 0.66, "size": 25.0}]}
{"t": 1776975870.536895, "events": [{"op": "set", "side": "bid", "price": 0.66, "size": 358.0}]}
{"t": 1776975873.562508, "events": [{"op": "set", "side": "bid", "price": 0.66, "size": 333.0}, {"op": "set", "side": "bid", "price": 0.67, "size": 24.0}]}
{"t": 1776975878.59487, "events": [{"op": "delete", "side": "bid", "price": 0.69}, {"op": "set", "side": "bid", "price": 0.68, "size": 46.0}, {"op": "delete", "side": "bid", "price": 0.67}, {"op": "delete", "side": "bid", "price": 0.66}, {"op": "set", "side": "bid", "price": 0.65, "size": 25.0}, {"op": "set", "side": "ask", "price": 0.29, "size": 29896.0}]}
{"t": 1776975879.608191, "events": [{"op": "set", "side": "bid", "price": 0.65, "size": 26.0}]}
{"t": 1776975882.637974, "events": [{"op": "set", "side": "bid", "price": 0.68, "size": 713.0}, {"op": "set", "side": "bid", "price": 0.65, "size": 359.0}, {"op": "set", "side": "bid", "price": 0.69, "size": 1000.0}, {"op": "set", "side": "ask", "price": 0.29, "size": 30958.0}]}
{"t": 1776975883.6573179, "events": [{"op": "set", "side": "bid", "price": 0.65, "size": 333.0}, {"op": "set", "side": "bid", "price": 0.66, "size": 26.0}]}
{"t": 1776975889.700941, "events": [{"op": "set", "side": "bid", "price": 0.69, "size": 667.0}, {"op": "set", "side": "bid", "price": 0.66, "size": 359.0}, {"op": "delete", "side": "bid", "price": 0.65}, {"op": "set", "side": "ask", "price": 0.29, "size": 30957.0}]}
{"t": 1776975893.74344, "events": [{"op": "set", "side": "bid", "price": 0.66, "size": 333.0}, {"op": "set", "side": "bid", "price": 0.67, "size": 24.0}]}
{"t": 1776975913.861079, "events": [{"op": "set", "side": "bid", "price": 0.68, "size": 653.0}, {"op": "delete", "side": "bid", "price": 0.67}, {"op": "delete", "side": "bid", "price": 0.66}, {"op": "set", "side": "bid", "price": 0.65, "size": 27.0}, {"op": "set", "side": "ask", "price": 0.29, "size": 30956.0}]}
{"t": 1776975914.8911412, "events": [{"op": "set", "side": "bid", "price": 0.67, "size": 333.0}]}
{"t": 1776975916.9452019, "events": [{"op": "delete", "side": "bid", "price": 0.67}]}
{"t": 1776975917.960892, "events": [{"op": "set", "side": "bid", "price": 0.68, "size": 713.0}, {"op": "set", "side": "bid", "price": 0.65, "size": 360.0}]}
{"t": 1776975918.9692569, "events": [{"op": "set", "side": "bid", "price": 0.65, "size": 333.0}, {"op": "set", "side": "bid", "price": 0.66, "size": 26.0}]}
{"t": 1776975940.061205, "events": [{"op": "delete", "side": "bid", "price": 0.69}, {"op": "set", "side": "bid", "price": 0.68, "size": 46.0}, {"op": "delete", "side": "bid", "price": 0.65}, {"op": "set", "side": "ask", "price": 0.29, "size": 29896.0}]}
{"t": 1776975942.095907, "events": [{"op": "set", "side": "bid", "price": 0.68, "size": 713.0}, {"op": "set", "side": "bid", "price": 0.66, "size": 359.0}, {"op": "set", "side": "bid", "price": 0.69, "size": 1000.0}, {"op": "set", "side": "ask", "price": 0.29, "size": 30954.0}, {"op": "set", "side": "ask", "price": 0.3, "size": 358.3}]}
{"t": 1776975943.110956, "events": [{"op": "set", "side": "bid", "price": 0.66, "size": 333.0}, {"op": "set", "side": "bid", "price": 0.65, "size": 1.0}]}
{"t": 1776975944.1347961, "events": [{"op": "set", "side": "bid", "price": 0.67, "size": 25.0}, {"op": "set", "side": "ask", "price": 0.24, "size": 42.0}]}
{"t": 1776975945.176098, "events": [{"op": "delete", "side": "bid", "price": 0.66}, {"op": "delete", "side": "bid", "price": 0.65}]}
{"t": 1776975947.2255669, "events": [{"op": "set", "side": "bid", "price": 0.69, "size": 667.0}, {"op": "set", "side": "bid", "price": 0.68, "size": 655.0}]}
{"t": 1776975948.2322109, "events": [{"op": "set", "side": "bid", "price": 0.67, "size": 333.0}, {"op": "delete", "side": "ask", "price": 0.24}]}
{"t": 1776975949.255933, "events": [{"op": "set", "side": "bid", "price": 0.68, "size": 677.0}, {"op": "set", "side": "ask", "price": 0.3, "size": 388.3}]}
{"t": 1776975951.2976189, "events": [{"op": "delete", "side": "bid", "price": 0.69}, {"op": "set", "side": "bid", "price": 0.68, "size": 68.0}, {"op": "delete", "side": "bid", "price": 0.67}, {"op": "set", "side": "ask", "price": 0.29, "size": 29896.0}]}
{"t": 1776975953.32274, "events": [{"op": "set", "side": "bid", "price": 0.68, "size": 713.0}, {"op": "set", "side": "bid", "price": 0.69, "size": 1000.0}, {"op": "set", "side": "bid", "price": 0.66, "size": 24.0}, {"op": "set", "side": "bid", "price": 0.65, "size": 334.0}, {"op": "set", "side": "ask", "price": 0.29, "size": 30953.0}]}
{"t": 1776975954.332581, "events": [{"op": "set", "side": "ask", "price": 0.3, "size": 358.3}, {"op": "set", "side": "ask", "price": 0.24, "size": 42.0}]}
{"t": 1776975959.372451, "events": [{"op": "set", "side": "bid", "price": 0.69, "size": 667.0}, {"op": "set", "side": "bid", "price": 0.66, "size": 26.0}]}
{"t": 1776975962.391223, "events": [{"op": "set", "side": "bid", "price": 0.65, "size": 333.0}]}
{"t": 1776975963.398977, "events": [{"op": "delete", "side": "bid", "price": 0.66}, {"op": "delete", "side": "ask", "price": 0.24}]}
{"t": 1776975964.407889, "events": [{"op": "set", "side": "bid", "price": 0.66, "size": 26.0}, {"op": "set", "side": "ask", "price": 0.24, "size": 42.0}]}
{"t": 1776975971.450849, "events": [{"op": "delete", "side": "bid", "price": 0.65}]}
{"t": 1776975972.4612129, "events": [{"op": "set", "side": "ask", "price": 0.29, "size": 30952.0}]}
{"t": 1776975973.468818, "events": [{"op": "set", "side": "bid", "price": 0.66, "size": 333.0}, {"op": "delete", "side": "ask", "price": 0.24}]}
{"t": 1776975974.486274, "events": [{"op": "set", "side": "bid", "price": 0.67, "size": 25.0}, {"op": "set", "side": "ask", "price": 0.24, "size": 42.0}]}
{"t": 1776975977.5051599, "events": [{"op": "delete", "side": "bid", "price": 0.66}]}
{"t": 1776975978.524107, "events": [{"op": "set", "side": "bid", "price": 0.68, "size": 657.0}, {"op": "set", "side": "bid", "price": 0.67, "size": 333.0}, {"op": "delete", "side": "ask", "price": 0.24}]}
{"t": 1776975979.530004, "events": [{"op": "set", "side": "bid", "price": 0.68, "size": 680.0}, {"op": "set", "side": "ask", "price": 0.3, "size": 388.3}]}
{"t": 1776975989.593303, "events": [{"op": "set", "side": "bid", "price": 0.68, "size": 402.0}, {"op": "delete", "side": "bid", "price": 0.67}, {"op": "set", "side": "ask", "price": 0.29, "size": 30951.0}, {"op": "set", "side": "ask", "price": 0.3, "size": 358.3}]}
{"t": 1776975990.615396, "events": [{"op": "set", "side": "ask", "price": 0.24, "size": 42.0}]}
{"t": 1776975993.639185, "events": [{"op": "set", "side": "bid", "price": 0.68, "size": 379.0}, {"op": "delete", "side": "ask", "price": 0.24}]}
{"t": 1776975994.652439, "events": [{"op": "set", "side": "bid", "price": 0.65, "size": 27.0}, {"op": "set", "side": "ask", "price": 0.24, "size": 42.0}]}
{"t": 1776976002.718677, "events": [{"op": "set", "side": "bid", "price": 0.68, "size": 713.0}, {"op": "set", "side": "bid", "price": 0.65, "size": 360.0}, {"op": "set", "side": "ask", "price": 0.29, "size": 30950.0}]}
{"t": 1776976003.738184, "events": [{"op": "set", "side": "bid", "price": 0.65, "size": 333.0}, {"op": "set", "side": "bid", "price": 0.66, "size": 26.0}]}
{"t": 1776976005.821455, "events": [{"op": "set", "side": "bid", "price": 0.66, "size": 359.0}, {"op": "delete", "side": "bid", "price": 0.65}]}
{"t": 1776976008.8495371, "events": [{"op": "set", "side": "bid", "price": 0.66, "size": 333.0}, {"op": "set", "side": "bid", "price": 0.67, "size": 24.0}, {"op": "delete", "side": "ask", "price": 0.24}, {"op": "set", "side": "ask", "price": 0.3, "size": 388.3}]}
{"t": 1776976011.8745532, "events": [{"op": "set", "side": "bid", "price": 0.68, "size": 659.0}, {"op": "delete", "side": "bid", "price": 0.66}]}
{"t": 1776976013.8963861, "events": [{"op": "set", "side": "bid", "price": 0.68, "size": 682.0}, {"op": "set", "side": "bid", "price": 0.67, "size": 333.0}]}
{"t": 1776976018.944151, "events": [{"op": "set", "side": "bid", "price": 0.68, "size": 681.0}]}
{"t": 1776976021.967751, "events": [{"op": "set", "side": "bid", "price": 0.68, "size": 401.0}, {"op": "delete", "side": "bid", "price": 0.67}, {"op": "set", "side": "ask", "price": 0.29, "size": 30949.0}, {"op": "set", "side": "ask", "price": 0.3, "size": 358.3}, {"op": "set", "side": "ask", "price": 0.24, "size": 42.0}]}
{"t": 1776976023.989538, "events": [{"op": "set", "side": "bid", "price": 0.68, "size": 379.0}, {"op": "set", "side": "bid", "price": 0.65, "size": 27.0}, {"op": "delete", "side": "ask", "price": 0.24}, {"op": "set", "side": "ask", "price": 0.3, "size": 388.3}]}
{"t": 1776976028.033005, "events": [{"op": "delete", "side": "bid", "price": 0.65}]}
{"t": 1776976029.046649, "events": [{"op": "set", "side": "bid", "price": 0.65, "size": 27.0}]}
{"t": 1776976030.0649989, "events": [{"op": "set", "side": "ask", "price": 0.3, "size": 358.3}]}
{"t": 1776976031.0763671, "events": [{"op": "set", "side": "bid", "price": 0.68, "size": 713.0}, {"op": "set", "side": "bid", "price": 0.65, "size": 360.0}, {"op": "set", "side": "ask", "price": 0.24, "size": 42.0}]}
{"t": 1776976033.0979562, "events": [{"op": "set", "side": "bid", "price": 0.65, "size": 333.0}, {"op": "delete", "side": "ask", "price": 0.24}]}
{"t": 1776976034.1065989, "events": [{"op": "set", "side": "bid", "price": 0.66, "size": 26.0}, {"op": "set", "side": "ask", "price": 0.24, "size": 42.0}]}
{"t": 1776976038.1259038, "events": [{"op": "delete", "side": "bid", "price": 0.66}, {"op": "delete", "side": "ask", "price": 0.24}]}
{"t": 1776976039.130999, "events": [{"op": "set", "side": "bid", "price": 0.68, "size": 379.0}, {"op": "set", "side": "bid", "price": 0.66, "size": 26.0}, {"op": "set", "side": "ask", "price": 0.24, "size": 42.0}]}
{"t": 1776976040.136569, "events": [{"op": "set", "side": "bid", "price": 0.68, "size": 1046.0}, {"op": "set", "side": "ask", "price": 0.29, "size": 30981.0}]}
{"t": 1776976041.146323, "events": [{"op": "delete", "side": "bid", "price": 0.65}]}
{"t": 1776976042.1519518, "events": [{"op": "set", "side": "bid", "price": 0.69, "size": 1000.0}, {"op": "set", "side": "bid", "price": 0.68, "size": 713.0}, {"op": "set", "side": "bid", "price": 0.66, "size": 359.0}, {"op": "set", "side": "ask", "price": 0.29, "size": 30956.0}]}
{"t": 1776976043.1629992, "events": [{"op": "set", "side": "bid", "price": 0.66, "size": 333.0}, {"op": "delete", "side": "ask", "price": 0.24}]}
{"t": 1776976044.185159, "events": [{"op": "delete", "side": "bid", "price": 0.69}, {"op": "set", "side": "bid", "price": 0.68, "size": 46.0}, {"op": "delete", "side": "bid", "price": 0.66}, {"op": "set", "side": "bid", "price": 0.67, "size": 25.0}, {"op": "set", "side": "ask", "price": 0.29, "size": 29896.0}, {"op": "set", "side": "ask", "price": 0.24, "size": 42.0}]}
{"t": 1776976047.209746, "events": [{"op": "set", "side": "bid", "price": 0.68, "size": 379.0}, {"op": "set", "side": "bid", "price": 0.67, "size": 1025.0}, {"op": "set", "side": "bid", "price": 0.69, "size": 500.0}, {"op": "set", "side": "bid", "price": 0.65, "size": 167.0}, {"op": "set", "side": "ask", "price": 0.29, "size": 30981.0}]}
{"t": 1776976048.218187, "events": [{"op": "set", "side": "bid", "price": 0.67, "size": 1000.0}, {"op": "delete", "side": "ask", "price": 0.24}]}
{"t": 1776976049.2295182, "events": [{"op": "set", "side": "bid", "price": 0.68, "size": 401.0}, {"op": "delete", "side": "bid", "price": 0.67}, {"op": "delete", "side": "bid", "price": 0.65}, {"op": "set", "side": "ask", "price": 0.29, "size": 30955.0}, {"op": "set", "side": "ask", "price": 0.3, "size": 389.3}]}
{"t": 1776976050.238752, "events": [{"op": "set", "side": "bid", "price": 0.69, "size": 667.0}]}
{"t": 1776976053.276522, "events": [{"op": "set", "side": "bid", "price": 0.68, "size": 379.0}]}
{"t": 1776976054.2832232, "events": [{"op": "set", "side": "bid", "price": 0.65, "size": 27.0}]}
{"t": 1776976058.306615, "events": [{"op": "delete", "side": "bid", "price": 0.69}, {"op": "set", "side": "bid", "price": 0.68, "size": 46.0}, {"op": "set", "side": "bid", "price": 0.65, "size": 25.0}, {"op": "set", "side": "ask", "price": 0.29, "size": 29896.0}]}
{"t": 1776976061.337662, "events": [{"op": "set", "side": "bid", "price": 0.68, "size": 713.0}, {"op": "set", "side": "bid", "price": 0.65, "size": 358.0}, {"op": "set", "side": "bid", "price": 0.69, "size": 1000.0}, {"op": "set", "side": "ask", "price": 0.29, "size": 30947.0}, {"op": "set", "side": "ask", "price": 0.3, "size": 358.3}]}
{"t": 1776976062.354484, "events": [{"op": "set", "side": "ask", "price": 0.24, "size": 42.0}]}
{"t": 1776976063.365494, "events": [{"op": "set", "side": "bid", "price": 0.65, "size": 333.0}, {"op": "delete", "side": "ask", "price": 0.24}]}
{"t": 1776976064.375992, "events": [{"op": "set", "side": "bid", "price": 0.66, "size": 26.0}, {"op": "set", "side": "ask", "price": 0.24, "size": 42.0}]}
{"t": 1776976065.3873029, "events": [{"op": "set", "side": "bid", "price": 0.69, "size": 667.0}, {"op": "delete", "side": "bid", "price": 0.65}]}
{"t": 1776976066.397533, "events": [{"op": "set", "side": "bid", "price": 0.66, "size": 359.0}]}
{"t": 1776976068.419334, "events": [{"op": "set", "side": "bid", "price": 0.66, "size": 333.0}, {"op": "delete", "side": "ask", "price": 0.24}]}
{"t": 1776976069.436353, "events": [{"op": "set", "side": "bid", "price": 0.67, "size": 25.0}, {"op": "set", "side": "ask", "price": 0.24, "size": 42.0}]}
{"t": 1776976074.460224, "events": [{"op": "set", "side": "bid", "price": 0.68, "size": 663.0}, {"op": "delete", "side": "bid", "price": 0.66}, {"op": "set", "side": "ask", "price": 0.29, "size": 30946.0}]}
{"t": 1776976075.471221, "events": [{"op": "set", "side": "bid", "price": 0.67, "size": 358.0}]}
{"t": 1776976077.482344, "events": [{"op": "set", "side": "bid", "price": 0.69, "size": 333.0}, {"op": "set", "side": "bid", "price": 0.68, "size": 638.0}, {"op": "set", "side": "bid", "price": 0.67, "size": 25.0}]}
{"t": 1776976078.494921, "events": [{"op": "set", "side": "bid", "price": 0.69, "size": 833.0}, {"op": "delete", "side": "bid", "price": 0.67}, {"op": "set", "side": "bid", "price": 0.65, "size": 27.0}, {"op": "delete", "side": "ask", "price": 0.24}, {"op": "set", "side": "ask", "price": 0.3, "size": 388.3}]}
{"t": 1776976083.531923, "events": [{"op": "delete", "side": "bid", "price": 0.65}]}
{"t": 1776976084.54107, "events": [{"op": "set", "side": "bid", "price": 0.65, "size": 27.0}]}
{"t": 1776976085.548361, "events": [{"op": "delete", "side": "bid", "price": 0.69}, {"op": "set", "side": "bid", "price": 0.68, "size": 46.0}, {"op": "set", "side": "ask", "price": 0.29, "size": 29896.0}]}
{"t": 1776976088.582797, "events": [{"op": "set", "side": "bid", "price": 0.65, "size": 25.0}]}
{"t": 1776976089.58958, "events": [{"op": "set", "side": "bid", "price": 0.68, "size": 713.0}, {"op": "set", "side": "bid", "price": 0.65, "size": 358.0}, {"op": "set", "side": "bid", "price": 0.69, "size": 1000.0}, {"op": "set", "side": "ask", "price": 0.29, "size": 30945.0}, {"op": "set", "side": "ask", "price": 0.3, "size": 358.3}, {"op": "set", "side": "ask", "price": 0.24, "size": 42.0}]}
{"t": 1776976091.599458, "events": [{"op": "set", "side": "bid", "price": 0.69, "size": 667.0}]}
{"t": 1776976093.6152132, "events": [{"op": "set", "side": "bid", "price": 0.65, "size": 333.0}, {"op": "set", "side": "bid", "price": 0.66, "size": 26.0}]}
{"t": 1776976095.6349592, "events": [{"op": "delete", "side": "bid", "price": 0.65}]}
{"t": 1776976097.657048, "events": [{"op": "set", "side": "bid", "price": 0.66, "size": 359.0}]}
{"t": 1776976098.6700659, "events": [{"op": "set", "side": "bid", "price": 0.66, "size": 333.0}, {"op": "set", "side": "bid", "price": 0.67, "size": 24.0}, {"op": "delete", "side": "ask", "price": 0.24}, {"op": "set", "side": "ask", "price": 0.3, "size": 389.3}]}
{"t": 1776976099.67869, "events": [{"op": "delete", "side": "bid", "price": 0.66}]}
{"t": 1776976100.698726, "events": [{"op": "set", "side": "bid", "price": 0.68, "size": 664.0}, {"op": "set", "side": "bid", "price": 0.67, "size": 357.0}]}
{"t": 1776976103.7164748, "events": [{"op": "set", "side": "bid", "price": 0.68, "size": 686.0}, {"op": "set", "side": "bid", "price": 0.67, "size": 333.0}]}
{"t": 1776976109.7538, "events": [{"op": "set", "side": "ask", "price": 0.3, "size": 384.3}]}
{"t": 1776976113.775799, "events": [{"op": "set", "side": "bid", "price": 0.68, "size": 379.0}, {"op": "delete", "side": "bid", "price": 0.67}, {"op": "set", "side": "bid", "price": 0.65, "size": 27.0}, {"op": "set", "side": "ask", "price": 0.29, "size": 30957.0}]}
{"t": 1776976117.808927, "events": [{"op": "set", "side": "bid", "price": 0.68, "size": 713.0}, {"op": "set", "side": "bid", "price": 0.65, "size": 360.0}]}
{"t": 1776976118.820491, "events": [{"op": "set", "side": "bid", "price": 0.65, "size": 333.0}]}
{"t": 1776976119.83535, "events": [{"op": "set", "side": "bid", "price": 0.66, "size": 26.0}]}
{"t": 1776976127.8869839, "events": [{"op": "set", "side": "ask", "price": 0.3, "size": 383.3}]}
{"t": 1776976128.8931751, "events": [{"op": "set", "side": "bid", "price": 0.66, "size": 333.0}, {"op": "delete", "side": "bid", "price": 0.65}, {"op": "set", "side": "bid", "price": 0.67, "size": 25.0}, {"op": "set", "side": "ask", "price": 0.29, "size": 30956.0}, {"op": "set", "side": "ask", "price": 0.3, "size": 352.3}, {"op": "set", "side": "ask", "price": 0.24, "size": 42.0}]}
{"t": 1776976130.9047801, "events": [{"op": "set", "side": "bid", "price": 0.68, "size": 652.0}, {"op": "set", "side": "bid", "price": 0.67, "size": 358.0}, {"op": "delete", "side": "bid", "price": 0.66}, {"op": "set", "side": "ask", "price": 0.29, "size": 30957.0}]}
{"t": 1776976133.922157, "events": [{"op": "set", "side": "bid", "price": 0.68, "size": 674.0}, {"op": "set", "side": "bid", "price": 0.67, "size": 333.0}, {"op": "delete", "side": "ask", "price": 0.24}, {"op": "set", "side": "ask", "price": 0.3, "size": 383.3}]}
{"t": 1776976135.934583, "events": [{"op": "delete", "side": "bid", "price": 0.69}, {"op": "set", "side": "bid", "price": 0.68, "size": 68.0}, {"op": "delete", "side": "bid", "price": 0.67}, {"op": "set", "side": "ask", "price": 0.29, "size": 29896.0}]}
{"t": 1776976137.96097, "events": [{"op": "set", "side": "bid", "price": 0.68, "size": 46.0}]}
{"t": 1776976138.9725718, "events": [{"op": "set", "side": "bid", "price": 0.65, "size": 25.0}]}
{"t": 1776976139.976351, "events": [{"op": "set", "side": "bid", "price": 0.68, "size": 713.0}, {"op": "set", "side": "bid", "price": 0.65, "size": 358.0}, {"op": "set", "side": "bid", "price": 0.69, "size": 1000.0}, {"op": "set", "side": "ask", "price": 0.29, "size": 30956.0}, {"op": "set", "side": "ask", "price": 0.3, "size": 352.3}, {"op": "set", "side": "ask", "price": 0.24, "size": 42.0}]}
{"t": 1776976143.994279, "events": [{"op": "set", "side": "bid", "price": 0.65, "size": 333.0}, {"op": "set", "side": "bid", "price": 0.66, "size": 26.0}]}
{"t": 1776976152.035327, "events": [{"op": "delete", "side": "bid", "price": 0.69}, {"op": "set", "side": "bid", "price": 0.68, "size": 46.0}, {"op": "delete", "side": "bid", "price": 0.65}, {"op": "set", "side": "ask", "price": 0.29, "size": 29896.0}]}
{"t": 1776976153.054967, "events": [{"op": "set", "side": "bid", "price": 0.68, "size": 575.0}, {"op": "set", "side": "bid", "price": 0.66, "size": 193.0}, {"op": "set", "side": "bid", "price": 0.69, "size": 500.0}, {"op": "set", "side": "ask", "price": 0.29, "size": 30994.0}]}
{"t": 1776976154.063997, "events": [{"op": "set", "side": "bid", "price": 0.66, "size": 167.0}, {"op": "set", "side": "bid", "price": 0.67, "size": 25.0}]}
{"t": 1776976163.1601741, "events": [{"op": "delete", "side": "bid", "price": 0.67}, {"op": "delete", "side": "ask", "price": 0.24}]}
{"t": 1776976164.1660988, "events": [{"op": "set", "side": "bid", "price": 0.67, "size": 25.0}, {"op": "set", "side": "ask", "price": 0.24, "size": 42.0}]}
{"t": 1776976168.185441, "events": [{"op": "delete", "side": "bid", "price": 0.67}, {"op": "delete", "side": "ask", "price": 0.24}]}
{"t": 1776976169.201382, "events": [{"op": "set", "side": "bid", "price": 0.67, "size": 25.0}, {"op": "set", "side": "ask", "price": 0.24, "size": 42.0}]}
{"t": 1776976172.213068, "events": [{"op": "delete", "side": "bid", "price": 0.66}, {"op": "set", "side": "ask", "price": 0.29, "size": 30963.0}]}
{"t": 1776976173.230133, "events": [{"op": "set", "side": "bid", "price": 0.69, "size": 667.0}, {"op": "set", "side": "bid", "price": 0.68, "size": 646.0}, {"op": "set", "side": "bid", "price": 0.67, "size": 333.0}, {"op": "delete", "side": "ask", "price": 0.24}]}
{"t": 1776976174.237823, "events": [{"op": "set", "side": "bid", "price": 0.68, "size": 670.0}, {"op": "set", "side": "ask", "price": 0.24, "size": 42.0}]}
{"t": 1776976175.24962, "events": [{"op": "set", "side": "bid", "price": 0.68, "size": 599.0}, {"op": "delete", "side": "bid", "price": 0.67}]}
{"t": 1776976177.2679732, "events": [{"op": "set", "side": "bid", "price": 0.68, "size": 1070.0}, {"op": "set", "side": "bid", "price": 0.65, "size": 333.0}, {"op": "set", "side": "ask", "price": 0.29, "size": 30991.0}]}
{"t": 1776976178.273995, "events": [{"op": "set", "side": "bid", "price": 0.68, "size": 1046.0}, {"op": "delete", "side": "ask", "price": 0.24}]}
{"t": 1776976179.287406, "events": [{"op": "set", "side": "bid", "price": 0.66, "size": 26.0}, {"op": "set", "side": "ask", "price": 0.24, "size": 42.0}]}
{"t": 1776976183.318472, "events": [{"op": "delete", "side": "bid", "price": 0.66}, {"op": "delete", "side": "ask", "price": 0.24}]}
{"t": 1776976184.330831, "events": [{"op": "set", "side": "bid", "price": 0.66, "size": 26.0}, {"op": "set", "side": "ask", "price": 0.24, "size": 42.0}]}
{"t": 1776976188.349905, "events": [{"op": "delete", "side": "bid", "price": 0.66}, {"op": "delete", "side": "ask", "price": 0.24}]}
{"t": 1776976189.36215, "events": [{"op": "set", "side": "bid", "price": 0.66, "size": 26.0}, {"op": "set", "side": "ask", "price": 0.24, "size": 42.0}]}
{"t": 1776976193.395335, "events": [{"op": "delete", "side": "bid", "price": 0.66}, {"op": "delete", "side": "ask", "price": 0.24}]}
{"t": 1776976194.405488, "events": [{"op": "set", "side": "bid", "price": 0.66, "size": 26.0}, {"op": "set", "side": "ask", "price": 0.24, "size": 42.0}]}
{"t": 1776976197.420757, "events": [{"op": "set", "side": "bid", "price": 0.69, "size": 500.0}, {"op": "set", "side": "bid", "price": 0.68, "size": 713.0}, {"op": "delete", "side": "bid", "price": 0.65}, {"op": "set", "side": "ask", "price": 0.29, "size": 30961.0}]}
{"t": 1776976198.435571, "events": [{"op": "set", "side": "bid", "price": 0.69, "size": 1000.0}, {"op": "set", "side": "bid", "price": 0.66, "size": 333.0}, {"op": "set", "side": "bid", "price": 0.67, "size": 25.0}]}
{"t": 1776976203.4636748, "events": [{"op": "delete", "side": "bid", "price": 0.67}, {"op": "delete", "side": "ask", "price": 0.24}]}
{"t": 1776976204.476952, "events": [{"op": "delete", "side": "bid", "price": 0.69}, {"op": "set", "side": "bid", "price": 0.68, "size": 46.0}, {"op": "delete", "side": "bid", "price": 0.66}, {"op": "set", "side": "bid", "price": 0.67, "size": 25.0}, {"op": "set", "side": "ask", "price": 0.29, "size": 29896.0}, {"op": "set", "side": "ask", "price": 0.24, "size": 42.0}]}
{"t": 1776976207.508864, "events": [{"op": "set", "side": "bid", "price": 0.68, "size": 379.0}, {"op": "set", "side": "bid", "price": 0.67, "size": 422.0}, {"op": "set", "side": "bid", "price": 0.69, "size": 500.0}, {"op": "set", "side": "ask", "price": 0.29, "size": 30988.0}]}
{"t": 1776976208.525941, "events": [{"op": "set", "side": "bid", "price": 0.67, "size": 397.0}, {"op": "delete", "side": "ask", "price": 0.24}]}
{"t": 1776976209.539958, "events": [{"op": "set", "side": "bid", "price": 0.68, "size": 402.0}, {"op": "set", "side": "ask", "price": 0.24, "size": 42.0}]}
{"t": 1776976214.569775, "events": [{"op": "delete", "side": "bid", "price": 0.67}]}
{"t": 1776976215.5757089, "events": [{"op": "set", "side": "bid", "price": 0.69, "size": 667.0}, {"op": "set", "side": "bid", "price": 0.68, "size": 585.0}, {"op": "set", "side": "ask", "price": 0.29, "size": 30987.0}]}
{"t": 1776976217.597552, "events": [{"op": "set", "side": "bid", "price": 0.68, "size": 584.0}]}
{"t": 1776976218.6080482, "events": [{"op": "set", "side": "bid", "price": 0.68, "size": 561.0}, {"op": "set", "side": "bid", "price": 0.65, "size": 27.0}]}
{"t": 1776976222.6332319, "events": [{"op": "set", "side": "bid", "price": 0.69, "size": 500.0}, {"op": "set", "side": "bid", "price": 0.68, "size": 379.0}, {"op": "set", "side": "bid", "price": 0.65, "size": 194.0}]}
{"t": 1776976223.6436858, "events": [{"op": "set", "side": "bid", "price": 0.69, "size": 667.0}, {"op": "set", "side": "bid", "price": 0.68, "size": 713.0}, {"op": "set", "side": "bid", "price": 0.65, "size": 333.0}, {"op": "set", "side": "bid", "price": 0.66, "size": 26.0}, {"op": "set", "side": "ask", "price": 0.29, "size": 30959.0}]}
{"t": 1776976228.677294, "events": [{"op": "delete", "side": "bid", "price": 0.66}]}
{"t": 1776976229.686453, "events": [{"op": "set", "side": "bid", "price": 0.66, "size": 26.0}]}
{"t": 1776976238.714187, "events": [{"op": "delete", "side": "bid", "price": 0.66}, {"op": "delete", "side": "ask", "price": 0.24}]}
{"t": 1776976239.7258828, "events": [{"op": "set", "side": "bid", "price": 0.66, "size": 26.0}, {"op": "set", "side": "ask", "price": 0.24, "size": 42.0}]}
{"t": 1776976253.8076642, "events": [{"op": "delete", "side": "bid", "price": 0.66}, {"op": "delete", "side": "ask", "price": 0.24}]}
{"t": 1776976254.822479, "events": [{"op": "delete", "side": "bid", "price": 0.65}, {"op": "set", "side": "bid", "price": 0.66, "size": 26.0}, {"op": "set", "side": "ask", "price": 0.24, "size": 42.0}]}
{"t": 1776976255.835129, "events": [{"op": "set", "side": "bid", "price": 0.66, "size": 359.0}, {"op": "set", "side": "ask", "price": 0.29, "size": 30949.0}]}
{"t": 1776976258.864931, "events": [{"op": "set", "side": "bid", "price": 0.66, "size": 333.0}, {"op": "set", "side": "bid", "price": 0.67, "size": 25.0}]}
{"t": 1776976259.875783, "events": [{"op": "set", "side": "bid", "price": 0.68, "size": 660.0}, {"op": "delete", "side": "bid", "price": 0.66}]}
{"t": 1776976260.885631, "events": [{"op": "set", "side": "bid", "price": 0.67, "size": 358.0}]}
{"t": 1776976263.909769, "events": [{"op": "set", "side": "bid", "price": 0.68, "size": 683.0}, {"op": "set", "side": "bid", "price": 0.67, "size": 333.0}]}
{"t": 1776976276.0147579, "events": [{"op": "set", "side": "bid", "price": 0.68, "size": 402.0}, {"op": "delete", "side": "bid", "price": 0.67}]}
{"t": 1776976277.039475, "events": [{"op": "set", "side": "bid", "price": 0.68, "size": 1069.0}, {"op": "set", "side": "bid", "price": 0.65, "size": 333.0}, {"op": "set", "side": "ask", "price": 0.29, "size": 30981.0}]}
{"t": 1776976279.0620182, "events": [{"op": "set", "side": "bid", "price": 0.68, "size": 1046.0}, {"op": "set", "side": "bid", "price": 0.66, "size": 26.0}]}
{"t": 1776976280.070851, "events": [{"op": "set", "side": "bid", "price": 0.69, "size": 500.0}, {"op": "delete", "side": "bid", "price": 0.65}]}
{"t": 1776976281.087897, "events": [{"op": "set", "side": "bid", "price": 0.69, "size": 1000.0}, {"op": "set", "side": "bid", "price": 0.68, "size": 713.0}, {"op": "set", "side": "bid", "price": 0.66, "size": 359.0}, {"op": "set", "side": "ask", "price": 0.29, "size": 30955.0}]}
{"t": 1776976284.125754, "events": [{"op": "set", "side": "bid", "price": 0.66, "size": 333.0}, {"op": "set", "side": "bid", "price": 0.67, "size": 25.0}]}
{"t": 1776976285.139929, "events": [{"op": "delete", "side": "bid", "price": 0.69}, {"op": "set", "side": "bid", "price": 0.68, "size": 46.0}, {"op": "delete", "side": "bid", "price": 0.66}, {"op": "set", "side": "ask", "price": 0.29, "size": 29896.0}]}
{"t": 1776976287.161626, "events": [{"op": "set", "side": "bid", "price": 0.68, "size": 379.0}, {"op": "set", "side": "bid", "price": 0.67, "size": 1025.0}, {"op": "set", "side": "bid", "price": 0.69, "size": 500.0}, {"op": "set", "side": "bid", "price": 0.65, "size": 167.0}, {"op": "set", "side": "ask", "price": 0.29, "size": 30980.0}]}
{"t": 1776976289.1844962, "events": [{"op": "set", "side": "bid", "price": 0.67, "size": 1000.0}, {"op": "delete", "side": "ask", "price": 0.24}]}
{"t": 1776976290.196137, "events": [{"op": "set", "side": "bid", "price": 0.68, "size": 403.0}, {"op": "set", "side": "ask", "price": 0.24, "size": 42.0}]}
{"t": 1776976301.276474, "events": [{"op": "delete", "side": "bid", "price": 0.69}, {"op": "set", "side": "bid", "price": 0.68, "size": 70.0}, {"op": "delete", "side": "bid", "price": 0.67}, {"op": "delete", "side": "bid", "price": 0.65}, {"op": "set", "side": "ask", "price": 0.29, "size": 29896.0}]}
{"t": 1776976303.3065321, "events": [{"op": "set", "side": "bid", "price": 0.68, "size": 46.0}, {"op": "delete", "side": "ask", "price": 0.24}]}
{"t": 1776976304.313708, "events": [{"op": "set", "side": "bid", "price": 0.68, "size": 379.0}, {"op": "set", "side": "bid", "price": 0.65, "size": 26.0}, {"op": "set", "side": "ask", "price": 0.29, "size": 30954.0}, {"op": "set", "side": "ask", "price": 0.31, "size": 32.0}]}
{"t": 1776976305.355718, "events": [{"op": "set", "side": "bid", "price": 0.68, "size": 1104.0}]}
{"t": 1776976307.3653572, "events": [{"op": "set", "side": "bid", "price": 0.68, "size": 1713.0}, {"op": "set", "side": "bid", "price": 0.65, "size": 359.0}, {"op": "set", "side": "ask", "price": 0.29, "size": 30396.0}, {"op": "set", "side": "ask", "price": 0.3, "size": 930.3}]}
{"t": 1776976308.374354, "events": [{"op": "set", "side": "bid", "price": 0.65, "size": 333.0}, {"op": "delete", "side": "ask", "price": 0.31}]}
{"t": 1776976309.386129, "events": [{"op": "set", "side": "bid", "price": 0.66, "size": 26.0}, {"op": "set", "side": "ask", "price": 0.24, "size": 42.0}]}
{"t": 1776976313.409361, "events": [{"op": "delete", "side": "bid", "price": 0.66}, {"op": "delete", "side": "ask", "price": 0.24}]}
{"t": 1776976314.4200819, "events": [{"op": "set", "side": "bid", "price": 0.66, "size": 26.0}, {"op": "set", "side": "ask", "price": 0.3, "size": 959.3}]}
{"t": 1776976318.442741, "events": [{"op": "delete", "side": "bid", "price": 0.66}]}
{"t": 1776976319.457519, "events": [{"op": "set", "side": "bid", "price": 0.66, "size": 26.0}]}
{"t": 1776976323.4797351, "events": [{"op": "set", "side": "bid", "price": 0.68, "size": 713.0}, {"op": "delete", "side": "bid", "price": 0.65}]}
{"t": 1776976324.50117, "events": [{"op": "set", "side": "bid", "price": 0.66, "size": 359.0}, {"op": "set", "side": "bid", "price": 0.69, "size": 1000.0}, {"op": "set", "side": "ask", "price": 0.29, "size": 30847.0}, {"op": "set", "side": "ask", "price": 0.3, "size": 1048.3}]}
{"t": 1776976325.519989, "events": [{"op": "set", "side": "bid", "price": 0.66, "size": 333.0}, {"op": "set", "side": "bid", "price": 0.67, "size": 25.0}, {"op": "set", "side": "ask", "price": 0.3, "size": 1019.3}, {"op": "set", "side": "ask", "price": 0.24, "size": 42.0}]}
{"t": 1776976332.56369, "events": [{"op": "delete", "side": "bid", "price": 0.66}]}
{"t": 1776976333.587355, "events": [{"op": "set", "side": "bid", "price": 0.69, "size": 667.0}, {"op": "set", "side": "bid", "price": 0.68, "size": 664.0}, {"op": "set", "side": "bid", "price": 0.67, "size": 333.0}, {"op": "delete", "side": "ask", "price": 0.24}]}
{"t": 1776976334.603316, "events": [{"op": "set", "side": "bid", "price": 0.68, "size": 402.0}, {"op": "delete", "side": "bid", "price": 0.67}, {"op": "set", "side": "ask", "price": 0.24, "size": 42.0}]}
{"t": 1776976339.6474261, "events": [{"op": "set", "side": "bid", "price": 0.68, "size": 379.0}, {"op": "delete", "side": "ask", "price": 0.24}]}
{"t": 1776976340.6580539, "events": [{"op": "delete", "side": "bid", "price": 0.69}, {"op": "set", "side": "bid", "price": 0.68, "size": 46.0}, {"op": "set", "side": "bid", "price": 0.65, "size": 27.0}, {"op": "set", "side": "ask", "price": 0.29, "size": 29896.0}, {"op": "set", "side": "ask", "price": 0.3, "size": 352.29999999999995}, {"op": "set", "side": "ask", "price": 0.24, "size": 42.0}]}
{"t": 1776976344.703347, "events": [{"op": "delete", "side": "bid", "price": 0.65}, {"op": "set", "side": "bid", "price": 0.67, "size": 23.0}, {"op": "delete", "side": "ask", "price": 0.24}, {"op": "set", "side": "ask", "price": 0.3, "size": 387.29999999999995}]}
{"t": 1776976348.738213, "events": [{"op": "set", "side": "bid", "price": 0.68, "size": 713.0}, {"op": "set", "side": "bid", "price": 0.67, "size": 356.0}, {"op": "set", "side": "bid", "price": 0.69, "size": 1000.0}, {"op": "set", "side": "ask", "price": 0.29, "size": 30951.0}]}
{"t": 1776976350.768629, "events": [{"op": "set", "side": "bid", "price": 0.67, "size": 333.0}, {"op": "set", "side": "ask", "price": 0.3, "size": 352.29999999999995}]}
{"t": 1776976351.775647, "events": [{"op": "delete", "side": "bid", "price": 0.69}, {"op": "set", "side": "bid", "price": 0.68, "size": 46.0}, {"op": "delete", "side": "bid", "price": 0.67}, {"op": "set", "side": "bid", "price": 0.65, "size": 25.0}, {"op": "set", "side": "ask", "price": 0.29, "size": 29896.0}, {"op": "set", "side": "ask", "price": 0.31, "size": 33.0}]}
{"t": 1776976355.830212, "events": [{"op": "set", "side": "bid", "price": 0.65, "size": 333.0}, {"op": "set", "side": "bid", "price": 0.66, "size": 745.0}, {"op": "set", "side": "ask", "price": 0.29, "size": 30396.0}, {"op": "set", "side": "ask", "price": 0.3, "size": 969.3}]}
{"t": 1776976356.839608, "events": [{"op": "set", "side": "bid", "price": 0.67, "size": 23.0}]}
{"t": 1776976359.87871, "events": [{"op": "delete", "side": "bid", "price": 0.67}, {"op": "delete", "side": "bid", "price": 0.66}, {"op": "delete", "side": "bid", "price": 0.65}]}
{"t": 1776976360.895073, "events": [{"op": "set", "side": "bid", "price": 0.68, "size": 713.0}, {"op": "set", "side": "bid", "price": 0.67, "size": 489.0}, {"op": "delete", "side": "ask", "price": 0.31}]}
{"t": 1776976361.903726, "events": [{"op": "set", "side": "bid", "price": 0.65, "size": 26.0}, {"op": "set", "side": "ask", "price": 0.3, "size": 1002.3}]}
{"t": 1776976362.91397, "events": [{"op": "delete", "side": "bid", "price": 0.67}]}
{"t": 1776976363.930155, "events": [{"op": "set", "side": "bid", "price": 0.65, "size": 359.0}, {"op": "set", "side": "bid", "price": 0.69, "size": 667.0}, {"op": "set", "side": "ask", "price": 0.29, "size": 30842.0}, {"op": "set", "side": "ask", "price": 0.3, "size": 1052.3}]}
{"t": 1776976364.937811, "events": [{"op": "set", "side": "bid", "price": 0.65, "size": 333.0}]}
{"t": 1776976365.9445639, "events": [{"op": "set", "side": "bid", "price": 0.66, "size": 26.0}]}
{"t": 1776976370.9749482, "events": [{"op": "delete", "side": "bid", "price": 0.66}]}
{"t": 1776976371.985274, "events": [{"op": "set", "side": "bid", "price": 0.66, "size": 26.0}]}
{"t": 1776976375.010626, "events": [{"op": "delete", "side": "bid", "price": 0.66}]}
{"t": 1776976376.01981, "events": [{"op": "set", "side": "bid", "price": 0.66, "size": 26.0}]}
{"t": 1776976385.0620549, "events": [{"op": "delete", "side": "bid", "price": 0.66}]}
{"t": 1776976386.068693, "events": [{"op": "set", "side": "bid", "price": 0.66, "size": 26.0}]}
{"t": 1776976390.085834, "events": [{"op": "set", "side": "bid", "price": 0.66, "size": 333.0}, {"op": "delete", "side": "bid", "price": 0.65}, {"op": "set", "side": "ask", "price": 0.29, "size": 30850.0}, {"op": "set", "side": "ask", "price": 0.3, "size": 1019.3}]}
{"t": 1776976391.098208, "events": [{"op": "set", "side": "bid", "price": 0.67, "size": 25.0}, {"op": "set", "side": "ask", "price": 0.3, "size": 1049.3}]}
{"t": 1776976393.108543, "events": [{"op": "set", "side": "bid", "price": 0.68, "size": 667.0}, {"op": "delete", "side": "bid", "price": 0.66}]}
{"t": 1776976395.125777, "events": [{"op": "set", "side": "bid", "price": 0.67, "size": 333.0}]}
{"t": 1776976396.130979, "events": [{"op": "set", "side": "bid", "price": 0.68, "size": 689.0}]}
{"t": 1776976400.151349, "events": [{"op": "set", "side": "bid", "price": 0.68, "size": 667.0}]}
{"t": 1776976401.163003, "events": [{"op": "set", "side": "bid", "price": 0.68, "size": 689.0}]}
{"t": 1776976405.183253, "events": [{"op": "set", "side": "bid", "price": 0.68, "size": 667.0}]}
{"t": 1776976406.18958, "events": [{"op": "set", "side": "bid", "price": 0.68, "size": 689.0}]}
{"t": 1776976415.243485, "events": [{"op": "set", "side": "bid", "price": 0.68, "size": 379.0}, {"op": "delete", "side": "bid", "price": 0.67}, {"op": "set", "side": "ask", "price": 0.29, "size": 30396.0}]}
{"t": 1776976416.25911, "events": [{"op": "set", "side": "bid", "price": 0.65, "size": 27.0}, {"op": "set", "side": "ask", "price": 0.29, "size": 30851.0}]}
{"t": 1776976420.296268, "events": [{"op": "delete", "side": "bid", "price": 0.65}]}
{"t": 1776976421.30323, "events": [{"op": "set", "side": "bid", "price": 0.65, "size": 27.0}]}
{"t": 1776976423.3098712, "events": [{"op": "set", "side": "bid", "price": 0.68, "size": 713.0}, {"op": "set", "side": "bid", "price": 0.65, "size": 360.0}, {"op": "set", "side": "ask", "price": 0.29, "size": 30852.0}]}
{"t": 1776976425.340163, "events": [{"op": "delete", "side": "bid", "price": 0.69}, {"op": "set", "side": "bid", "price": 0.68, "size": 46.0}, {"op": "set", "side": "bid", "price": 0.65, "size": 25.0}, {"op": "set", "side": "ask", "price": 0.29, "size": 29896.0}, {"op": "set", "side": "ask", "price": 0.3, "size": 382.29999999999995}]}
{"t": 1776976428.364198, "events": [{"op": "set", "side": "bid", "price": 0.68, "size": 713.0}, {"op": "set", "side": "bid", "price": 0.65, "size": 358.0}, {"op": "set", "side": "bid", "price": 0.69, "size": 1000.0}, {"op": "set", "side": "ask", "price": 0.29, "size": 30940.0}, {"op": "set", "side": "ask", "price": 0.3, "size": 352.29999999999995}]}
{"t": 1776976429.3717241, "events": [{"op": "set", "side": "ask", "price": 0.24, "size": 42.0}]}
{"t": 1776976430.376935, "events": [{"op": "set", "side": "bid", "price": 0.65, "size": 333.0}, {"op": "delete", "side": "ask", "price": 0.24}]}
{"t": 1776976431.391558, "events": [{"op": "set", "side": "bid", "price": 0.69, "size": 667.0}, {"op": "set", "side": "bid", "price": 0.66, "size": 26.0}, {"op": "set", "side": "ask", "price": 0.24, "size": 42.0}]}
{"t": 1776976435.41402, "events": [{"op": "delete", "side": "bid", "price": 0.66}, {"op": "delete", "side": "ask", "price": 0.24}]}
{"t": 1776976436.4190028, "events": [{"op": "set", "side": "bid", "price": 0.68, "size": 522.0}, {"op": "delete", "side": "bid", "price": 0.65}, {"op": "set", "side": "bid", "price": 0.66, "size": 26.0}, {"op": "set", "side": "ask", "price": 0.24, "size": 42.0}]}
{"t": 1776976437.425882, "events": [{"op": "set", "side": "ask", "price": 0.29, "size": 30967.0}]}
{"t": 1776976438.4467258, "events": [{"op": "delete", "side": "bid", "price": 0.69}, {"op": "set", "side": "bid", "price": 0.68, "size": 46.0}]}
{"t": 1776976439.456811, "events": [{"op": "set", "side": "bid", "price": 0.66, "size": 359.0}, {"op": "set", "side": "bid", "price": 0.67, "size": 738.0}]}
{"t": 1776976440.468045, "events": [{"op": "set", "side": "bid", "price": 0.67, "size": 761.0}, {"op": "set", "side": "bid", "price": 0.66, "size": 333.0}, {"op": "delete", "side": "ask", "price": 0.24}, {"op": "set", "side": "ask", "price": 0.3, "size": 386.29999999999995}]}
{"t": 1776976441.477786, "events": [{"op": "delete", "side": "bid", "price": 0.66}]}
{"t": 1776976442.480271, "events": [{"op": "set", "side": "bid", "price": 0.68, "size": 713.0}, {"op": "set", "side": "bid", "price": 0.67, "size": 498.0}]}
{"t": 1776976443.4918458, "events": [{"op": "set", "side": "bid", "price": 0.68, "size": 639.0}, {"op": "set", "side": "bid", "price": 0.67, "size": 23.0}, {"op": "set", "side": "bid", "price": 0.69, "size": 333.0}, {"op": "set", "side": "ask", "price": 0.29, "size": 30946.0}]}
{"t": 1776976444.5010781, "events": [{"op": "set", "side": "bid", "price": 0.69, "size": 833.0}]}
{"t": 1776976445.5077739, "events": [{"op": "delete", "side": "bid", "price": 0.67}, {"op": "set", "side": "bid", "price": 0.65, "size": 27.0}, {"op": "set", "side": "ask", "price": 0.3, "size": 352.29999999999995}, {"op": "set", "side": "ask", "price": 0.24, "size": 42.0}]}
{"t": 1776976451.535392, "events": [{"op": "set", "side": "ask", "price": 0.29, "size": 30940.0}]}
{"t": 1776976452.543754, "events": [{"op": "set", "side": "bid", "price": 0.69, "size": 667.0}, {"op": "set", "side": "bid", "price": 0.68, "size": 379.0}, {"op": "set", "side": "ask", "price": 0.29, "size": 30939.0}]}
{"t": 1776976454.565593, "events": [{"op": "delete", "side": "bid", "price": 0.69}, {"op": "set", "side": "bid", "price": 0.68, "size": 46.0}]}
{"t": 1776976455.5719721, "events": [{"op": "set", "side": "bid", "price": 0.65, "size": 333.0}, {"op": "set", "side": "bid", "price": 0.67, "size": 22.0}, {"op": "set", "side": "bid", "price": 0.66, "size": 737.0}, {"op": "delete", "side": "ask", "price": 0.24}, {"op": "set", "side": "ask", "price": 0.29, "size": 30966.0}, {"op": "set", "side": "ask", "price": 0.31, "size": 30.0}]}
{"t": 1776976457.590011, "events": [{"op": "delete", "side": "bid", "price": 0.66}, {"op": "delete", "side": "bid", "price": 0.65}, {"op": "set", "side": "ask", "price": 0.29, "size": 30939.0}]}
{"t": 1776976459.62, "events": [{"op": "set", "side": "bid", "price": 0.68, "size": 713.0}, {"op": "set", "side": "bid", "price": 0.67, "size": 495.0}, {"op": "set", "side": "ask", "price": 0.29, "size": 30396.0}, {"op": "set", "side": "ask", "price": 0.3, "size": 957.3}]}
{"t": 1776976460.625124, "events": [{"op": "set", "side": "bid", "price": 0.68, "size": 736.0}, {"op": "set", "side": "bid", "price": 0.67, "size": 473.0}, {"op": "delete", "side": "ask", "price": 0.31}, {"op": "set", "side": "ask", "price": 0.24, "size": 42.0}]}
{"t": 1776976461.631319, "events": [{"op": "set", "side": "bid", "price": 0.68, "size": 402.0}, {"op": "delete", "side": "bid", "price": 0.67}]}
{"t": 1776976462.638276, "events": [{"op": "set", "side": "bid", "price": 0.69, "size": 667.0}, {"op": "set", "side": "ask", "price": 0.29, "size": 30847.0}, {"op": "set", "side": "ask", "price": 0.3, "size": 1019.3}]}
{"t": 1776976465.66493, "events": [{"op": "delete", "side": "bid", "price": 0.69}, {"op": "set", "side": "bid", "price": 0.68, "size": 46.0}, {"op": "set", "side": "bid", "price": 0.65, "size": 26.0}, {"op": "delete", "side": "ask", "price": 0.24}, {"op": "set", "side": "ask", "price": 0.29, "size": 29896.0}, {"op": "set", "side": "ask", "price": 0.3, "size": 352.29999999999995}, {"op": "set", "side": "ask", "price": 0.31, "size": 30.0}]}
{"t": 1776976467.6886039, "events": [{"op": "set", "side": "bid", "price": 0.65, "size": 359.0}, {"op": "set", "side": "bid", "price": 0.66, "size": 736.0}, {"op": "set", "side": "ask", "price": 0.29, "size": 30396.0}, {"op": "set", "side": "ask", "price": 0.3, "size": 955.3}]}
{"t": 1776976470.713255, "events": [{"op": "set", "side": "bid", "price": 0.65, "size": 333.0}, {"op": "set", "side": "bid", "price": 0.67, "size": 23.0}, {"op": "set", "side": "ask", "price": 0.3, "size": 989.3}, {"op": "delete", "side": "ask", "price": 0.31}]}
{"t": 1776976472.725442, "events": [{"op": "set", "side": "bid", "price": 0.68, "size": 713.0}, {"op": "set", "side": "bid", "price": 0.67, "size": 356.0}, {"op": "delete", "side": "bid", "price": 0.66}, {"op": "delete", "side": "bid", "price": 0.65}, {"op": "set", "side": "bid", "price": 0.69, "size": 1000.0}, {"op": "set", "side": "ask", "price": 0.29, "size": 30848.0}, {"op": "set", "side": "ask", "price": 0.3, "size": 1053.3}]}
{"t": 1776976474.742902, "events": [{"op": "set", "side": "bid", "price": 0.67, "size": 333.0}, {"op": "set", "side": "ask", "price": 0.3, "size": 1019.3}]}
{"t": 1776976475.752197, "events": [{"op": "set", "side": "bid", "price": 0.68, "size": 737.0}, {"op": "set", "side": "ask", "price": 0.24, "size": 42.0}]}
{"t": 1776976477.761339, "events": [{"op": "delete", "side": "bid", "price": 0.69}, {"op": "set", "side": "bid", "price": 0.68, "size": 70.0}, {"op": "delete", "side": "bid", "price": 0.67}, {"op": "set", "side": "ask", "price": 0.29, "size": 29896.0}, {"op": "set", "side": "ask", "price": 0.3, "size": 352.29999999999995}]}
{"t": 1776976479.7830348, "events": [{"op": "set", "side": "bid", "price": 0.68, "size": 46.0}, {"op": "delete", "side": "ask", "price": 0.24}]}
{"t": 1776976480.793513, "events": [{"op": "set", "side": "bid", "price": 0.68, "size": 379.0}, {"op": "set", "side": "bid", "price": 0.69, "size": 708.0}, {"op": "set", "side": "bid", "price": 0.65, "size": 26.0}, {"op": "set", "side": "ask", "price": 0.29, "size": 30937.0}, {"op": "set", "side": "ask", "price": 0.3, "size": 387.29999999999995}]}
{"t": 1776976484.820907, "events": [{"op": "set", "side": "bid", "price": 0.69, "size": 667.0}]}
{"t": 1776976485.858399, "events": [{"op": "set", "side": "bid", "price": 0.68, "size": 713.0}, {"op": "set", "side": "bid", "price": 0.65, "size": 333.0}, {"op": "set", "side": "bid", "price": 0.66, "size": 27.0}, {"op": "set", "side": "ask", "price": 0.3, "size": 352.29999999999995}, {"op": "set", "side": "ask", "price": 0.24, "size": 42.0}]}
{"t": 1776976489.887844, "events": [{"op": "delete", "side": "bid", "price": 0.66}, {"op": "delete", "side": "ask", "price": 0.24}]}
{"t": 1776976490.901129, "events": [{"op": "delete", "side": "bid", "price": 0.65}, {"op": "set", "side": "bid", "price": 0.66, "size": 26.0}, {"op": "set", "side": "ask", "price": 0.24, "size": 42.0}]}
{"t": 1776976491.914994, "events": [{"op": "set", "side": "bid", "price": 0.68, "size": 513.0}, {"op": "set", "side": "ask", "price": 0.29, "size": 30963.0}]}
{"t": 1776976494.9357922, "events": [{"op": "delete", "side": "bid", "price": 0.66}, {"op": "delete", "side": "ask", "price": 0.24}]}
{"t": 1776976495.9455118, "events": [{"op": "set", "side": "bid", "price": 0.65, "size": 27.0}, {"op": "set", "side": "ask", "price": 0.24, "size": 42.0}]}
{"t": 1776976499.969461, "events": [{"op": "delete", "side": "bid", "price": 0.65}, {"op": "delete", "side": "ask", "price": 0.24}]}
{"t": 1776976500.976686, "events": [{"op": "set", "side": "bid", "price": 0.65, "size": 27.0}, {"op": "set", "side": "ask", "price": 0.24, "size": 42.0}]}
{"t": 1776976504.995602, "events": [{"op": "delete", "side": "bid", "price": 0.69}, {"op": "set", "side": "bid", "price": 0.68, "size": 46.0}, {"op": "delete", "side": "bid", "price": 0.65}, {"op": "delete", "side": "ask", "price": 0.24}]}
{"t": 1776976506.004798, "events": [{"op": "set", "side": "bid", "price": 0.66, "size": 733.0}, {"op": "set", "side": "bid", "price": 0.65, "size": 358.0}, {"op": "set", "side": "ask", "price": 0.29, "size": 30962.0}, {"op": "set", "side": "ask", "price": 0.31, "size": 33.0}]}
{"t": 1776976510.0364318, "events": [{"op": "set", "side": "bid", "price": 0.65, "size": 333.0}]}
{"t": 1776976511.044847, "events": [{"op": "set", "side": "bid", "price": 0.67, "size": 22.0}]}
{"t": 1776976517.098359, "events": [{"op": "delete", "side": "bid", "price": 0.23}, {"op": "delete", "side": "bid", "price": 0.22}, {"op": "set", "side": "bid", "price": 0.24, "size": 2852.0}, {"op": "delete", "side": "ask", "price": 0.07}, {"op": "set", "side": "ask", "price": 0.09, "size": 4476.0}]}
{"t": 1776976520.122738, "events": [{"op": "delete", "side": "bid", "price": 0.67}]}
{"t": 1776976521.1357608, "events": [{"op": "delete", "side": "bid", "price": 0.66}, {"op": "delete", "side": "bid", "price": 0.65}, {"op": "set", "side": "bid", "price": 0.67, "size": 22.0}, {"op": "set", "side": "bid", "price": 0.25, "size": 22.0}, {"op": "set", "side": "ask", "price": 0.29, "size": 30396.0}]}
{"t": 1776976522.1437619, "events": [{"op": "set", "side": "bid", "price": 0.68, "size": 1091.0}, {"op": "set", "side": "ask", "price": 0.3, "size": 920.3}, {"op": "delete", "side": "ask", "price": 0.31}]}
{"t": 1776976523.1505, "events": [{"op": "set", "side": "ask", "price": 0.3, "size": 951.3}]}
{"t": 1776976525.156095, "events": [{"op": "delete", "side": "bid", "price": 0.67}]}
{"t": 1776976526.162179, "events": [{"op": "set", "side": "bid", "price": 0.65, "size": 27.0}]}
{"t": 1776976530.176915, "events": [{"op": "delete", "side": "bid", "price": 0.65}]}
{"t": 1776976531.1844459, "events": [{"op": "set", "side": "bid", "price": 0.65, "size": 27.0}]}
{"t": 1776976535.199321, "events": [{"op": "delete", "side": "bid", "price": 0.65}]}
{"t": 1776976536.203557, "events": [{"op": "set", "side": "bid", "price": 0.68, "size": 46.0}, {"op": "set", "side": "bid", "price": 0.65, "size": 27.0}, {"op": "set", "side": "ask", "price": 0.29, "size": 29896.0}, {"op": "set", "side": "ask", "price": 0.3, "size": 383.29999999999995}]}
{"t": 1776976538.221212, "events": [{"op": "set", "side": "bid", "price": 0.65, "size": 360.0}, {"op": "set", "side": "bid", "price": 0.66, "size": 698.0}, {"op": "set", "side": "ask", "price": 0.29, "size": 30927.0}]}
{"t": 1776976540.237312, "events": [{"op": "set", "side": "bid", "price": 0.65, "size": 333.0}]}
{"t": 1776976541.245595, "events": [{"op": "set", "side": "bid", "price": 0.66, "size": 632.0}, {"op": "set", "side": "bid", "price": 0.65, "size": 317.0}, {"op": "set", "side": "bid", "price": 0.67, "size": 23.0}, {"op": "set", "side": "ask", "price": 0.29, "size": 30918.0}]}
{"t": 1776976544.27052, "events": [{"op": "set", "side": "bid", "price": 0.67, "size": 202.0}]}
{"t": 1776976545.305117, "events": [{"op": "delete", "side": "bid", "price": 0.66}, {"op": "delete", "side": "bid", "price": 0.65}]}
{"t": 1776976546.315924, "events": [{"op": "set", "side": "ask", "price": 0.29, "size": 30915.0}]}
{"t": 1776976547.325418, "events": [{"op": "set", "side": "bid", "price": 0.68, "size": 680.0}, {"op": "set", "side": "bid", "price": 0.67, "size": 340.0}, {"op": "set", "side": "bid", "price": 0.69, "size": 111.0}]}
{"t": 1776976548.331649, "events": [{"op": "set", "side": "bid", "price": 0.67, "size": 202.0}, {"op": "set", "side": "ask", "price": 0.3, "size": 352.29999999999995}, {"op": "set", "side": "ask", "price": 0.24, "size": 42.0}]}
{"t": 1776976550.374534, "events": [{"op": "set", "side": "bid", "price": 0.69, "size": 165.0}, {"op": "set", "side": "bid", "price": 0.68, "size": 705.0}, {"op": "set", "side": "bid", "price": 0.67, "size": 319.0}]}
{"t": 1776976552.38733, "events": [{"op": "set", "side": "bid", "price": 0.69, "size": 667.0}, {"op": "set", "side": "bid", "price": 0.68, "size": 402.0}, {"op": "delete", "side": "bid", "price": 0.67}]}
{"t": 1776976555.404792, "events": [{"op": "set", "side": "bid", "price": 0.68, "size": 379.0}, {"op": "delete", "side": "ask", "price": 0.24}]}
{"t": 1776976556.4166641, "events": [{"op": "set", "side": "bid", "price": 0.65, "size": 27.0}, {"op": "set", "side": "ask", "price": 0.24, "size": 42.0}]}
{"t": 1776976560.430049, "events": [{"op": "delete", "side": "bid", "price": 0.69}, {"op": "set", "side": "bid", "price": 0.68, "size": 46.0}, {"op": "delete", "side": "bid", "price": 0.65}, {"op": "delete", "side": "ask", "price": 0.24}]}
{"t": 1776976561.438821, "events": [{"op": "set", "side": "bid", "price": 0.66, "size": 686.0}, {"op": "set", "side": "bid", "price": 0.65, "size": 358.0}, {"op": "set", "side": "ask", "price": 0.31, "size": 32.0}]}
{"t": 1776976565.468847, "events": [{"op": "set", "side": "bid", "price": 0.66, "size": 637.0}, {"op": "set", "side": "bid", "price": 0.65, "size": 319.0}, {"op": "set", "side": "bid", "price": 0.67, "size": 23.0}, {"op": "set", "side": "ask", "price": 0.29, "size": 30396.0}, {"op": "set", "side": "ask", "price": 0.3, "size": 386.29999999999995}, {"op": "delete", "side": "ask", "price": 0.31}]}
{"t": 1776976566.4827142, "events": [{"op": "set", "side": "bid", "price": 0.67, "size": 199.0}, {"op": "set", "side": "ask", "price": 0.3, "size": 914.3}]}
{"t": 1776976569.49947, "events": [{"op": "set", "side": "bid", "price": 0.67, "size": 23.0}, {"op": "delete", "side": "bid", "price": 0.66}, {"op": "delete", "side": "bid", "price": 0.65}, {"op": "set", "side": "ask", "price": 0.29, "size": 29896.0}, {"op": "set", "side": "ask", "price": 0.3, "size": 386.29999999999995}]}
{"t": 1776976570.521151, "events": [{"op": "delete", "side": "bid", "price": 0.67}, {"op": "set", "side": "bid", "price": 0.65, "size": 26.0}]}
{"t": 1776976571.5276349, "events": [{"op": "set", "side": "bid", "price": 0.65, "size": 359.0}, {"op": "set", "side": "bid", "price": 0.66, "size": 685.0}, {"op": "set", "side": "ask", "price": 0.29, "size": 30914.0}]}
{"t": 1776976574.550605, "events": [{"op": "set", "side": "bid", "price": 0.66, "size": 638.0}, {"op": "set", "side": "bid", "price": 0.65, "size": 346.0}, {"op": "set", "side": "bid", "price": 0.67, "size": 178.0}]}
{"t": 1776976575.5694778, "events": [{"op": "set", "side": "bid", "price": 0.65, "size": 320.0}]}
{"t": 1776976576.575867, "events": [{"op": "set", "side": "bid", "price": 0.67, "size": 202.0}, {"op": "delete", "side": "bid", "price": 0.66}, {"op": "delete", "side": "bid", "price": 0.65}]}
{"t": 1776976578.5899022, "events": [{"op": "set", "side": "bid", "price": 0.68, "size": 681.0}, {"op": "set", "side": "bid", "price": 0.67, "size": 342.0}, {"op": "set", "side": "bid", "price": 0.69, "size": 113.0}, {"op": "set", "side": "ask", "price": 0.3, "size": 352.29999999999995}]}
{"t": 1776976579.598368, "events": [{"op": "set", "side": "bid", "price": 0.67, "size": 202.0}, {"op": "set", "side": "ask", "price": 0.24, "size": 42.0}]}
{"t": 1776976580.610691, "events": [{"op": "set", "side": "bid", "price": 0.69, "size": 169.0}, {"op": "set", "side": "bid", "price": 0.68, "size": 706.0}, {"op": "set", "side": "bid", "price": 0.67, "size": 319.0}]}
{"t": 1776976582.626801, "events": [{"op": "set", "side": "bid", "price": 0.69, "size": 667.0}, {"op": "set", "side": "bid", "price": 0.68, "size": 402.0}, {"op": "delete", "side": "bid", "price": 0.67}]}
{"t": 1776976585.646488, "events": [{"op": "set", "side": "bid", "price": 0.68, "size": 379.0}, {"op": "set", "side": "bid", "price": 0.65, "size": 27.0}]}
{"t": 1776976587.65838, "events": [{"op": "delete", "side": "bid", "price": 0.69}, {"op": "set", "side": "bid", "price": 0.68, "size": 46.0}]}
{"t": 1776976588.667841, "events": [{"op": "set", "side": "bid", "price": 0.65, "size": 360.0}, {"op": "set", "side": "bid", "price": 0.66, "size": 685.0}]}
{"t": 1776976590.681835, "events": [{"op": "set", "side": "bid", "price": 0.65, "size": 333.0}, {"op": "set", "side": "bid", "price": 0.67, "size": 23.0}, {"op": "delete", "side": "ask", "price": 0.24}, {"op": "set", "side": "ask", "price": 0.3, "size": 387.29999999999995}]}
{"t": 1776976592.712306, "events": [{"op": "set", "side": "bid", "price": 0.68, "size": 731.0}, {"op": "set", "side": "bid", "price": 0.67, "size": 356.0}, {"op": "delete", "side": "bid", "price": 0.66}, {"op": "delete", "side": "bid", "price": 0.65}]}
{"t": 1776976595.7320058, "events": [{"op": "set", "side": "bid", "price": 0.67, "size": 333.0}, {"op": "set", "side": "bid", "price": 0.65, "size": 27.0}]}
{"t": 1776976605.780865, "events": [{"op": "set", "side": "bid", "price": 0.68, "size": 46.0}, {"op": "delete", "side": "bid", "price": 0.67}, {"op": "set", "side": "bid", "price": 0.65, "size": 358.0}, {"op": "set", "side": "bid", "price": 0.66, "size": 685.0}]}
{"t": 1776976607.800011, "events": [{"op": "set", "side": "bid", "price": 0.66, "size": 639.0}, {"op": "set", "side": "bid", "price": 0.65, "size": 345.0}, {"op": "set", "side": "bid", "price": 0.67, "size": 176.0}]}
{"t": 1776976610.818959, "events": [{"op": "set", "side": "bid", "price": 0.67, "size": 199.0}, {"op": "set", "side": "bid", "price": 0.65, "size": 320.0}]}
{"t": 1776976619.87493, "events": [{"op": "set", "side": "bid", "price": 0.67, "size": 176.0}]}
{"t": 1776976620.890514, "events": [{"op": "set", "side": "bid", "price": 0.67, "size": 199.0}]}
{"t": 1776976623.9121861, "events": [{"op": "delete", "side": "bid", "price": 0.66}, {"op": "delete", "side": "bid", "price": 0.65}]}
{"t": 1776976624.9222841, "events": [{"op": "set", "side": "bid", "price": 0.68, "size": 682.0}, {"op": "set", "side": "bid", "price": 0.67, "size": 342.0}, {"op": "set", "side": "bid", "price": 0.69, "size": 110.0}, {"op": "set", "side": "ask", "price": 0.29, "size": 30913.0}]}
{"t": 1776976625.935311, "events": [{"op": "set", "side": "bid", "price": 0.68, "size": 705.0}, {"op": "set", "side": "bid", "price": 0.67, "size": 319.0}]}
{"t": 1776976627.946018, "events": [{"op": "delete", "side": "bid", "price": 0.69}, {"op": "set", "side": "bid", "price": 0.68, "size": 69.0}, {"op": "delete", "side": "bid", "price": 0.67}, {"op": "set", "side": "ask", "price": 0.29, "size": 29896.0}]}
{"t": 1776976629.966581, "events": [{"op": "set", "side": "bid", "price": 0.68, "size": 46.0}]}
{"t": 1776976630.9735959, "events": [{"op": "set", "side": "bid", "price": 0.68, "size": 379.0}, {"op": "set", "side": "bid", "price": 0.69, "size": 684.0}, {"op": "set", "side": "bid", "price": 0.65, "size": 26.0}, {"op": "set", "side": "ask", "price": 0.29, "size": 30913.0}]}
{"t": 1776976631.9891021, "events": [{"op": "set", "side": "ask", "price": 0.3, "size": 352.29999999999995}, {"op": "set", "side": "ask", "price": 0.24, "size": 42.0}]}
{"t": 1776976636.012798, "events": [{"op": "delete", "side": "bid", "price": 0.69}, {"op": "set", "side": "bid", "price": 0.68, "size": 46.0}, {"op": "set", "side": "bid", "price": 0.65, "size": 27.0}]}
{"t": 1776976637.021386, "events": [{"op": "set", "side": "bid", "price": 0.65, "size": 360.0}, {"op": "set", "side": "bid", "price": 0.66, "size": 684.0}]}
{"t": 1776976640.0406752, "events": [{"op": "set", "side": "bid", "price": 0.65, "size": 333.0}, {"op": "delete", "side": "ask", "price": 0.24}]}
{"t": 1776976641.045354, "events": [{"op": "set", "side": "bid", "price": 0.67, "size": 23.0}, {"op": "set", "side": "ask", "price": 0.3, "size": 386.29999999999995}]}
{"t": 1776976648.087174, "events": [{"op": "set", "side": "bid", "price": 0.68, "size": 730.0}, {"op": "set", "side": "bid", "price": 0.67, "size": 356.0}, {"op": "delete", "side": "bid", "price": 0.66}, {"op": "delete", "side": "bid", "price": 0.65}]}
{"t": 1776976650.106755, "events": [{"op": "set", "side": "bid", "price": 0.68, "size": 686.0}, {"op": "set", "side": "bid", "price": 0.67, "size": 320.0}]}
{"t": 1776976651.118593, "events": [{"op": "set", "side": "bid", "price": 0.68, "size": 709.0}, {"op": "set", "side": "bid", "price": 0.69, "size": 173.0}]}
{"t": 1776976653.130749, "events": [{"op": "set", "side": "bid", "price": 0.69, "size": 667.0}, {"op": "set", "side": "bid", "price": 0.68, "size": 402.0}, {"op": "delete", "side": "bid", "price": 0.67}]}
{"t": 1776976654.136329, "events": [{"op": "set", "side": "ask", "price": 0.3, "size": 352.29999999999995}, {"op": "set", "side": "ask", "price": 0.24, "size": 42.0}]}
{"t": 1776976655.139762, "events": [{"op": "set", "side": "bid", "price": 0.68, "size": 379.0}, {"op": "delete", "side": "ask", "price": 0.24}]}
{"t": 1776976656.145735, "events": [{"op": "set", "side": "bid", "price": 0.65, "size": 27.0}, {"op": "set", "side": "ask", "price": 0.24, "size": 42.0}]}
{"t": 1776976660.164791, "events": [{"op": "delete", "side": "bid", "price": 0.69}, {"op": "set", "side": "bid", "price": 0.68, "size": 46.0}, {"op": "set", "side": "bid", "price": 0.65, "size": 360.0}, {"op": "set", "side": "bid", "price": 0.66, "size": 684.0}]}
{"t": 1776976661.1799512, "events": [{"op": "set", "side": "bid", "price": 0.65, "size": 333.0}, {"op": "delete", "side": "ask", "price": 0.24}]}
{"t": 1776976662.1883461, "events": [{"op": "set", "side": "bid", "price": 0.66, "size": 708.0}, {"op": "set", "side": "ask", "price": 0.31, "size": 31.0}]}
{"t": 1776976665.228876, "events": [{"op": "set", "side": "bid", "price": 0.66, "size": 684.0}]}
{"t": 1776976666.242671, "events": [{"op": "set", "side": "bid", "price": 0.66, "size": 708.0}]}
{"t": 1776976670.27538, "events": [{"op": "set", "side": "bid", "price": 0.66, "size": 684.0}]}
{"t": 1776976671.281625, "events": [{"op": "set", "side": "bid", "price": 0.66, "size": 708.0}]}
{"t": 1776976675.3047261, "events": [{"op": "set", "side": "bid", "price": 0.66, "size": 684.0}]}
{"t": 1776976676.313505, "events": [{"op": "set", "side": "bid", "price": 0.66, "size": 708.0}]}
{"t": 1776976680.334271, "events": [{"op": "set", "side": "bid", "price": 0.66, "size": 684.0}]}
{"t": 1776976681.3585122, "events": [{"op": "set", "side": "bid", "price": 0.66, "size": 708.0}]}
{"t": 1776976688.379301, "events": [{"op": "set", "side": "bid", "price": 0.66, "size": 348.0}, {"op": "delete", "side": "bid", "price": 0.65}, {"op": "set", "side": "ask", "price": 0.29, "size": 30396.0}]}
{"t": 1776976689.3868952, "events": [{"op": "set", "side": "bid", "price": 0.68, "size": 361.0}, {"op": "set", "side": "bid", "price": 0.67, "size": 646.0}, {"op": "set", "side": "ask", "price": 0.3, "size": 909.3}, {"op": "delete", "side": "ask", "price": 0.31}]}
{"t": 1776976690.397115, "events": [{"op": "set", "side": "bid", "price": 0.66, "size": 324.0}]}
{"t": 1776976691.417778, "events": [{"op": "set", "side": "bid", "price": 0.67, "size": 670.0}]}
{"t": 1776976694.6291242, "events": [{"op": "set", "side": "bid", "price": 0.68, "size": 46.0}, {"op": "set", "side": "bid", "price": 0.67, "size": 24.0}, {"op": "delete", "side": "bid", "price": 0.66}, {"op": "set", "side": "ask", "price": 0.29, "size": 29896.0}, {"op": "set", "side": "ask", "price": 0.3, "size": 385.29999999999995}]}
{"t": 1776976695.801642, "events": [{"op": "delete", "side": "bid", "price": 0.67}, {"op": "set", "side": "bid", "price": 0.65, "size": 25.0}]}
{"t": 1776976698.8431628, "events": [{"op": "set", "side": "bid", "price": 0.65, "size": 358.0}, {"op": "set", "side": "bid", "price": 0.66, "size": 683.0}, {"op": "set", "side": "ask", "price": 0.29, "size": 30912.0}]}
{"t": 1776976702.870096, "events": [{"op": "delete", "side": "bid", "price": 0.66}, {"op": "delete", "side": "bid", "price": 0.65}]}
{"t": 1776976703.879584, "events": [{"op": "set", "side": "bid", "price": 0.68, "size": 379.0}, {"op": "set", "side": "bid", "price": 0.69, "size": 683.0}, {"op": "set", "side": "bid", "price": 0.65, "size": 26.0}]}
{"t": 1776976704.894332, "events": [{"op": "set", "side": "ask", "price": 0.3, "size": 352.29999999999995}, {"op": "set", "side": "ask", "price": 0.24, "size": 42.0}]}
{"t": 1776976705.8967402, "events": [{"op": "set", "side": "bid", "price": 0.65, "size": 27.0}]}
{"t": 1776976709.929922, "events": [{"op": "delete", "side": "bid", "price": 0.65}, {"op": "delete", "side": "ask", "price": 0.24}]}
{"t": 1776976710.941517, "events": [{"op": "set", "side": "bid", "price": 0.65, "size": 27.0}, {"op": "set", "side": "ask", "price": 0.24, "size": 42.0}]}
{"t": 1776976714.967621, "events": [{"op": "delete", "side": "bid", "price": 0.65}, {"op": "delete", "side": "ask", "price": 0.24}]}
{"t": 1776976715.9786172, "events": [{"op": "set", "side": "bid", "price": 0.65, "size": 27.0}, {"op": "set", "side": "ask", "price": 0.24, "size": 42.0}]}
{"t": 1776976720.0040588, "events": [{"op": "delete", "side": "bid", "price": 0.69}, {"op": "set", "side": "bid", "price": 0.68, "size": 46.0}]}
{"t": 1776976721.023626, "events": [{"op": "set", "side": "bid", "price": 0.65, "size": 359.0}, {"op": "set", "side": "bid", "price": 0.66, "size": 683.0}, {"op": "delete", "side": "ask", "price": 0.24}, {"op": "set", "side": "ask", "price": 0.31, "size": 31.0}]}
{"t": 1776976725.0786262, "events": [{"op": "set", "side": "bid", "price": 0.65, "size": 333.0}]}
{"t": 1776976727.112159, "events": [{"op": "set", "side": "bid", "price": 0.67, "size": 23.0}]}
{"t": 1776976729.136172, "events": [{"op": "delete", "side": "bid", "price": 0.66}, {"op": "delete", "side": "bid", "price": 0.65}, {"op": "set", "side": "ask", "price": 0.29, "size": 30396.0}]}
{"t": 1776976730.1580229, "events": [{"op": "set", "side": "bid", "price": 0.68, "size": 728.0}, {"op": "set", "side": "bid", "price": 0.67, "size": 356.0}, {"op": "set", "side": "ask", "price": 0.3, "size": 907.3}, {"op": "delete", "side": "ask", "price": 0.31}]}
{"t": 1776976732.18078, "events": [{"op": "set", "side": "bid", "price": 0.67, "size": 333.0}]}
{"t": 1776976736.203402, "events": [{"op": "set", "side": "bid", "price": 0.65, "size": 26.0}]}
{"t": 1776976738.2212422, "events": [{"op": "set", "side": "bid", "price": 0.68, "size": 46.0}, {"op": "delete", "side": "bid", "price": 0.67}, {"op": "set", "side": "bid", "price": 0.65, "size": 359.0}, {"op": "set", "side": "bid", "price": 0.66, "size": 682.0}, {"op": "set", "side": "ask", "price": 0.29, "size": 30881.0}, {"op": "set", "side": "ask", "price": 0.3, "size": 1051.3}]}
{"t": 1776976740.2347279, "events": [{"op": "set", "side": "bid", "price": 0.66, "size": 643.0}, {"op": "set", "side": "bid", "price": 0.65, "size": 348.0}]}
{"t": 1776976741.2510169, "events": [{"op": "set", "side": "bid", "price": 0.67, "size": 178.0}]}
{"t": 1776976746.492167, "events": [{"op": "set", "side": "bid", "price": 0.65, "size": 322.0}]}
{"t": 1776976752.540415, "events": [{"op": "set", "side": "bid", "price": 0.68, "size": 379.0}, {"op": "delete", "side": "bid", "price": 0.67}, {"op": "delete", "side": "bid", "price": 0.66}, {"op": "set", "side": "bid", "price": 0.65, "size": 27.0}, {"op": "set", "side": "bid", "price": 0.69, "size": 682.0}, {"op": "set", "side": "ask", "price": 0.3, "size": 1019.3}]}
{"t": 1776976753.55836, "events": [{"op": "set", "side": "ask", "price": 0.24, "size": 42.0}]}
{"t": 1776976755.570341, "events": [{"op": "delete", "side": "bid", "price": 0.65}, {"op": "delete", "side": "ask", "price": 0.24}]}
{"t": 1776976756.580106, "events": [{"op": "set", "side": "bid", "price": 0.65, "size": 27.0}, {"op": "set", "side": "ask", "price": 0.24, "size": 42.0}]}
{"t": 1776976759.609219, "events": [{"op": "delete", "side": "bid", "price": 0.69}, {"op": "set", "side": "bid", "price": 0.68, "size": 46.0}]}
{"t": 1776976760.616456, "events": [{"op": "set", "side": "bid", "price": 0.65, "size": 333.0}, {"op": "set", "side": "bid", "price": 0.66, "size": 706.0}, {"op": "delete", "side": "ask", "price": 0.24}, {"op": "set", "side": "ask", "price": 0.31, "size": 32.0}]}
{"t": 1776976765.655814, "events": [{"op": "set", "side": "bid", "price": 0.66, "size": 682.0}]}
{"t": 1776976766.6620412, "events": [{"op": "set", "side": "bid", "price": 0.66, "size": 706.0}]}
{"t": 1776976769.6871839, "events": [{"op": "set", "side": "bid", "price": 0.66, "size": 349.0}, {"op": "delete", "side": "bid", "price": 0.65}, {"op": "set", "side": "ask", "price": 0.29, "size": 30396.0}, {"op": "set", "side": "ask", "price": 0.3, "size": 874.3}]}
{"t": 1776976770.703775, "events": [{"op": "set", "side": "bid", "price": 0.68, "size": 359.0}, {"op": "set", "side": "bid", "price": 0.66, "size": 325.0}, {"op": "set", "side": "bid", "price": 0.67, "size": 648.0}, {"op": "delete", "side": "ask", "price": 0.31}]}
{"t": 1776976771.725236, "events": [{"op": "set", "side": "bid", "price": 0.67, "size": 671.0}, {"op": "set", "side": "ask", "price": 0.3, "size": 908.3}]}
{"t": 1776976772.744343, "events": [{"op": "delete", "side": "bid", "price": 0.66}]}
{"t": 1776976773.7583098, "events": [{"op": "set", "side": "bid", "price": 0.68, "size": 693.0}, {"op": "set", "side": "bid", "price": 0.67, "size": 348.0}, {"op": "set", "side": "bid", "price": 0.69, "size": 298.0}, {"op": "set", "side": "ask", "price": 0.29, "size": 30881.0}, {"op": "set", "side": "ask", "price": 0.3, "size": 1053.3}]}
{"t": 1776976775.7824068, "events": [{"op": "set", "side": "bid", "price": 0.67, "size": 325.0}, {"op": "set", "side": "bid", "price": 0.65, "size": 26.0}]}
{"t": 1776976780.8084228, "events": [{"op": "delete", "side": "bid", "price": 0.65}]}
{"t": 1776976781.81758, "events": [{"op": "set", "side": "bid", "price": 0.65, "size": 26.0}]}
{"t": 1776976785.8373, "events": [{"op": "delete", "side": "bid", "price": 0.65}]}
{"t": 1776976786.846972, "events": [{"op": "set", "side": "bid", "price": 0.65, "size": 26.0}]}
{"t": 1776976789.882459, "events": [{"op": "delete", "side": "bid", "price": 0.69}, {"op": "set", "side": "bid", "price": 0.68, "size": 46.0}, {"op": "delete", "side": "bid", "price": 0.67}, {"op": "set", "side": "bid", "price": 0.65, "size": 359.0}, {"op": "set", "side": "bid", "price": 0.66, "size": 681.0}]}
{"t": 1776976790.891396, "events": [{"op": "set", "side": "bid", "price": 0.65, "size": 333.0}]}
{"t": 1776976791.9012082, "events": [{"op": "set", "side": "bid", "price": 0.66, "size": 705.0}]}
{"t": 1776976792.913603, "events": [{"op": "delete", "side": "bid", "price": 0.65}, {"op": "set", "side": "ask", "price": 0.29, "size": 30396.0}]}
{"t": 1776976793.92892, "events": [{"op": "set", "side": "bid", "price": 0.68, "size": 360.0}, {"op": "set", "side": "bid", "price": 0.66, "size": 349.0}, {"op": "set", "side": "bid", "price": 0.67, "size": 648.0}, {"op": "set", "side": "ask", "price": 0.29, "size": 30882.0}]}
{"t": 1776976795.9431622, "events": [{"op": "set", "side": "bid", "price": 0.67, "size": 671.0}, {"op": "set", "side": "bid", "price": 0.66, "size": 325.0}]}
{"t": 1776976798.966105, "events": [{"op": "set", "side": "bid", "price": 0.68, "size": 46.0}, {"op": "set", "side": "bid", "price": 0.67, "size": 23.0}, {"op": "delete", "side": "bid", "price": 0.66}, {"op": "set", "side": "ask", "price": 0.29, "size": 29896.0}, {"op": "set", "side": "ask", "price": 0.3, "size": 386.29999999999995}]}
{"t": 1776976802.004491, "events": [{"op": "delete", "side": "bid", "price": 0.67}, {"op": "set", "side": "bid", "price": 0.65, "size": 25.0}]}
{"t": 1776976803.02252, "events": [{"op": "set", "side": "bid", "price": 0.68, "size": 727.0}, {"op": "set", "side": "bid", "price": 0.67, "size": 333.0}, {"op": "set", "side": "ask", "price": 0.29, "size": 30910.0}]}
{"t": 1776976806.063827, "events": [{"op": "set", "side": "bid", "price": 0.68, "size": 46.0}, {"op": "delete", "side": "bid", "price": 0.67}, {"op": "delete", "side": "bid", "price": 0.65}]}
{"t": 1776976807.082735, "events": [{"op": "set", "side": "bid", "price": 0.65, "size": 25.0}]}
{"t": 1776976809.098349, "events": [{"op": "set", "side": "bid", "price": 0.65, "size": 358.0}, {"op": "set", "side": "bid", "price": 0.66, "size": 681.0}]}
{"t": 1776976811.119054, "events": [{"op": "set", "side": "bid", "price": 0.65, "size": 333.0}]}
{"t": 1776976812.1601799, "events": [{"op": "set", "side": "bid", "price": 0.66, "size": 24.0}, {"op": "delete", "side": "bid", "price": 0.65}]}
{"t": 1776976813.173311, "events": [{"op": "set", "side": "bid", "price": 0.68, "size": 379.0}, {"op": "set", "side": "bid", "price": 0.69, "size": 681.0}]}
{"t": 1776976816.192041, "events": [{"op": "delete", "side": "bid", "price": 0.69}, {"op": "set", "side": "bid", "price": 0.68, "size": 46.0}]}
{"t": 1776976817.207639, "events": [{"op": "set", "side": "bid", "price": 0.66, "size": 333.0}, {"op": "set", "side": "bid", "price": 0.67, "size": 681.0}]}
{"t": 1776976818.228111, "events": [{"op": "set", "side": "bid", "price": 0.67, "size": 704.0}]}
{"t": 1776976820.246989, "events": [{"op": "delete", "side": "bid", "price": 0.66}]}
{"t": 1776976821.2622788, "events": [{"op": "set", "side": "bid", "price": 0.68, "size": 695.0}, {"op": "set", "side": "bid", "price": 0.67, "size": 326.0}, {"op": "set", "side": "bid", "price": 0.69, "size": 311.0}, {"op": "set", "side": "bid", "price": 0.65, "size": 27.0}]}
{"t": 1776976823.281095, "events": [{"op": "delete", "side": "bid", "price": 0.69}, {"op": "set", "side": "bid", "price": 0.68, "size": 46.0}, {"op": "delete", "side": "bid", "price": 0.67}, {"op": "set", "side": "bid", "price": 0.65, "size": 360.0}, {"op": "set", "side": "bid", "price": 0.66, "size": 681.0}, {"op": "set", "side": "ask", "price": 0.29, "size": 29896.0}]}
{"t": 1776976826.322222, "events": [{"op": "set", "side": "bid", "price": 0.66, "size": 669.0}, {"op": "set", "side": "bid", "price": 0.65, "size": 323.0}, {"op": "set", "side": "bid", "price": 0.67, "size": 179.0}, {"op": "set", "side": "ask", "price": 0.29, "size": 30910.0}]}
{"t": 1776976830.3663218, "events": [{"op": "set", "side": "bid", "price": 0.66, "size": 349.0}, {"op": "delete", "side": "bid", "price": 0.65}]}
{"t": 1776976831.380969, "events": [{"op": "set", "side": "bid", "price": 0.68, "size": 345.0}, {"op": "set", "side": "bid", "price": 0.67, "size": 672.0}, {"op": "set", "side": "bid", "price": 0.66, "size": 325.0}]}
{"t": 1776976834.404785, "events": [{"op": "delete", "side": "bid", "price": 0.66}]}
{"t": 1776976836.4244428, "events": [{"op": "set", "side": "bid", "price": 0.67, "size": 325.0}]}
{"t": 1776976837.434342, "events": [{"op": "set", "side": "bid", "price": 0.68, "size": 695.0}, {"op": "set", "side": "bid", "price": 0.69, "size": 299.0}, {"op": "set", "side": "bid", "price": 0.65, "size": 26.0}]}
{"t": 1776976839.444206, "events": [{"op": "delete", "side": "bid", "price": 0.69}, {"op": "set", "side": "bid", "price": 0.68, "size": 46.0}, {"op": "delete", "side": "bid", "price": 0.67}]}
{"t": 1776976840.4514198, "events": [{"op": "set", "side": "bid", "price": 0.65, "size": 359.0}, {"op": "set", "side": "bid", "price": 0.66, "size": 681.0}]}
{"t": 1776976841.461482, "events": [{"op": "set", "side": "bid", "price": 0.66, "size": 704.0}, {"op": "set", "side": "bid", "price": 0.65, "size": 333.0}]}
{"t": 1776976843.4774091, "events": [{"op": "delete", "side": "bid", "price": 0.65}]}
{"t": 1776976844.4879239, "events": [{"op": "set", "side": "bid", "price": 0.68, "size": 357.0}, {"op": "set", "side": "bid", "price": 0.66, "size": 349.0}, {"op": "set", "side": "bid", "price": 0.67, "size": 649.0}]}
{"t": 1776976846.5011148, "events": [{"op": "set", "side": "bid", "price": 0.67, "size": 672.0}, {"op": "set", "side": "bid", "price": 0.66, "size": 326.0}]}
{"t": 1776976856.5596192, "events": [{"op": "set", "side": "bid", "price": 0.67, "size": 349.0}, {"op": "delete", "side": "bid", "price": 0.66}, {"op": "set", "side": "ask", "price": 0.29, "size": 30909.0}]}
{"t": 1776976857.581012, "events": [{"op": "set", "side": "bid", "price": 0.68, "size": 695.0}, {"op": "set", "side": "bid", "price": 0.69, "size": 299.0}]}
{"t": 1776976861.608445, "events": [{"op": "set", "side": "bid", "price": 0.67, "size": 326.0}, {"op": "set", "side": "bid", "price": 0.65, "size": 26.0}]}
{"t": 1776976862.621618, "events": [{"op": "delete", "side": "bid", "price": 0.69}, {"op": "set", "side": "bid", "price": 0.68, "size": 46.0}, {"op": "delete", "side": "bid", "price": 0.67}]}
{"t": 1776976864.6476958, "events": [{"op": "set", "side": "bid", "price": 0.65, "size": 359.0}, {"op": "set", "side": "bid", "price": 0.66, "size": 680.0}]}
{"t": 1776976867.673836, "events": [{"op": "set", "side": "bid", "price": 0.66, "size": 704.0}, {"op": "set", "side": "bid", "price": 0.65, "size": 333.0}]}
{"t": 1776976873.730138, "events": [{"op": "set", "side": "bid", "price": 0.66, "size": 24.0}, {"op": "delete", "side": "bid", "price": 0.65}, {"op": "set", "side": "ask", "price": 0.29, "size": 29896.0}]}
{"t": 1776976876.771445, "events": [{"op": "set", "side": "bid", "price": 0.66, "size": 333.0}, {"op": "set", "side": "bid", "price": 0.67, "size": 703.0}, {"op": "set", "side": "ask", "price": 0.29, "size": 30909.0}]}
{"t": 1776976880.821571, "events": [{"op": "set", "side": "bid", "price": 0.67, "size": 349.0}, {"op": "delete", "side": "bid", "price": 0.66}]}
{"t": 1776976881.847991, "events": [{"op": "set", "side": "bid", "price": 0.68, "size": 696.0}, {"op": "set", "side": "bid", "price": 0.67, "size": 326.0}, {"op": "set", "side": "bid", "price": 0.69, "size": 311.0}, {"op": "set", "side": "bid", "price": 0.65, "size": 27.0}]}
{"t": 1776976885.872129, "events": [{"op": "delete", "side": "bid", "price": 0.69}, {"op": "set", "side": "bid", "price": 0.68, "size": 46.0}, {"op": "delete", "side": "bid", "price": 0.67}]}
{"t": 1776976886.884876, "events": [{"op": "set", "side": "bid", "price": 0.65, "size": 25.0}]}
{"t": 1776976887.9062011, "events": [{"op": "set", "side": "bid", "price": 0.65, "size": 358.0}, {"op": "set", "side": "bid", "price": 0.66, "size": 680.0}]}
{"t": 1776976889.923457, "events": [{"op": "set", "side": "bid", "price": 0.66, "size": 646.0}, {"op": "set", "side": "bid", "price": 0.65, "size": 348.0}, {"op": "set", "side": "ask", "price": 0.3, "size": 361.29999999999995}]}
{"t": 1776976890.94024, "events": [{"op": "set", "side": "bid", "price": 0.67, "size": 175.0}]}
{"t": 1776976891.953293, "events": [{"op": "set", "side": "bid", "price": 0.66, "size": 670.0}, {"op": "set", "side": "bid", "price": 0.65, "size": 323.0}]}
{"t": 1776976894.0004108, "events": [{"op": "delete", "side": "bid", "price": 0.65}]}
{"t": 1776976895.0113049, "events": [{"op": "set", "side": "bid", "price": 0.66, "size": 350.0}]}
{"t": 1776976896.023417, "events": [{"op": "set", "side": "bid", "price": 0.68, "size": 345.0}, {"op": "set", "side": "bid", "price": 0.67, "size": 650.0}]}
{"t": 1776976897.036383, "events": [{"op": "set", "side": "bid", "price": 0.66, "size": 326.0}]}
{"t": 1776976899.057378, "events": [{"op": "set", "side": "bid", "price": 0.67, "size": 673.0}]}
{"t": 1776976901.0843189, "events": [{"op": "delete", "side": "bid", "price": 0.66}]}
{"t": 1776976902.095287, "events": [{"op": "set", "side": "bid", "price": 0.68, "size": 696.0}, {"op": "set", "side": "bid", "price": 0.67, "size": 326.0}, {"op": "set", "side": "bid", "price": 0.69, "size": 299.0}, {"op": "set", "side": "bid", "price": 0.65, "size": 26.0}]}
{"t": 1776976905.158245, "events": [{"op": "delete", "side": "bid", "price": 0.69}]}
{"t": 1776976906.1795998, "events": [{"op": "set", "side": "bid", "price": 0.68, "size": 46.0}, {"op": "delete", "side": "bid", "price": 0.67}]}
{"t": 1776976907.188873, "events": [{"op": "set", "side": "bid", "price": 0.68, "size": 71.0}, {"op": "delete", "side": "bid", "price": 0.65}]}
{"t": 1776976908.196084, "events": [{"op": "set", "side": "bid", "price": 0.66, "size": 680.0}, {"op": "set", "side": "bid", "price": 0.65, "size": 358.0}]}
{"t": 1776976912.4020412, "events": [{"op": "set", "side": "bid", "price": 0.66, "size": 646.0}, {"op": "set", "side": "bid", "price": 0.65, "size": 324.0}, {"op": "set", "side": "bid", "price": 0.67, "size": 175.0}]}
{"t": 1776976915.429585, "events": [{"op": "set", "side": "bid", "price": 0.66, "size": 670.0}]}
{"t": 1776976916.451133, "events": [{"op": "set", "side": "bid", "price": 0.66, "size": 646.0}]}
{"t": 1776976917.458861, "events": [{"op": "set", "side": "bid", "price": 0.66, "size": 670.0}]}
{"t": 1776976919.4809651, "events": [{"op": "set", "side": "bid", "price": 0.02, "size": 15.0}, {"op": "set", "side": "ask", "price": 0.02, "size": 164.0}]}
{"t": 1776976926.536787, "events": [{"op": "set", "side": "bid", "price": 0.66, "size": 646.0}]}
{"t": 1776976927.551632, "events": [{"op": "set", "side": "bid", "price": 0.66, "size": 670.0}]}
{"t": 1776976929.578751, "events": [{"op": "set", "side": "bid", "price": 0.66, "size": 350.0}, {"op": "delete", "side": "bid", "price": 0.65}]}
{"t": 1776976930.605024, "events": [{"op": "set", "side": "bid", "price": 0.68, "size": 368.0}, {"op": "set", "side": "bid", "price": 0.67, "size": 650.0}]}
{"t": 1776976931.623748, "events": [{"op": "set", "side": "bid", "price": 0.66, "size": 326.0}]}
{"t": 1776976932.637355, "events": [{"op": "set", "side": "bid", "price": 0.67, "size": 673.0}]}
{"t": 1776976934.6576781, "events": [{"op": "set", "side": "ask", "price": 0.3, "size": 336.29999999999995}]}
{"t": 1776976936.672655, "events": [{"op": "set", "side": "bid", "price": 0.67, "size": 650.0}]}
{"t": 1776976938.691734, "events": [{"op": "set", "side": "bid", "price": 0.68, "size": 404.0}, {"op": "set", "side": "bid", "price": 0.67, "size": 23.0}, {"op": "delete", "side": "bid", "price": 0.66}, {"op": "set", "side": "bid", "price": 0.69, "size": 667.0}, {"op": "set", "side": "ask", "price": 0.29, "size": 30926.0}]}
{"t": 1776976941.7294898, "events": [{"op": "set", "side": "bid", "price": 0.68, "size": 379.0}, {"op": "delete", "side": "bid", "price": 0.67}]}
{"t": 1776976942.738662, "events": [{"op": "set", "side": "bid", "price": 0.65, "size": 26.0}, {"op": "set", "side": "bid", "price": 0.01, "size": 10.0}]}
{"t": 1776976944.764436, "events": [{"op": "set", "side": "bid", "price": 0.01, "size": 20.0}]}
{"t": 1776976946.774417, "events": [{"op": "delete", "side": "bid", "price": 0.65}]}
{"t": 1776976947.781201, "events": [{"op": "set", "side": "bid", "price": 0.65, "size": 26.0}]}
{"t": 1776976952.8141499, "events": [{"op": "set", "side": "bid", "price": 0.01, "size": 70.0}]}
{"t": 1776976954.828237, "events": [{"op": "set", "side": "bid", "price": 0.61, "size": 30.0}]}
{"t": 1776976961.860786, "events": [{"op": "delete", "side": "bid", "price": 0.65}]}
{"t": 1776976962.8689432, "events": [{"op": "set", "side": "bid", "price": 0.65, "size": 26.0}]}
{"t": 1776976966.893217, "events": [{"op": "delete", "side": "bid", "price": 0.65}]}
{"t": 1776976967.899841, "events": [{"op": "set", "side": "bid", "price": 0.65, "size": 26.0}]}
{"t": 1776976969.9200552, "events": [{"op": "delete", "side": "bid", "price": 0.69}, {"op": "set", "side": "bid", "price": 0.68, "size": 46.0}, {"op": "set", "side": "bid", "price": 0.31, "size": 60.0}, {"op": "set", "side": "bid", "price": 0.01, "size": 10.0}]}
{"t": 1776976970.939878, "events": [{"op": "set", "side": "bid", "price": 0.65, "size": 359.0}, {"op": "set", "side": "bid", "price": 0.31, "size": 70.0}, {"op": "delete", "side": "bid", "price": 0.01}, {"op": "set", "side": "bid", "price": 0.66, "size": 696.0}, {"op": "set", "side": "ask", "price": 0.29, "size": 30925.0}]}
{"t": 1776976971.962135, "events": [{"op": "set", "side": "bid", "price": 0.65, "size": 333.0}]}
{"t": 1776976972.975918, "events": [{"op": "set", "side": "bid", "price": 0.66, "size": 719.0}]}
{"t": 1776976976.001222, "events": [{"op": "set", "side": "bid", "price": 0.66, "size": 341.0}, {"op": "delete", "side": "bid", "price": 0.65}]}
{"t": 1776976977.017309, "events": [{"op": "set", "side": "bid", "price": 0.68, "size": 360.0}, {"op": "set", "side": "bid", "price": 0.66, "size": 318.0}, {"op": "set", "side": "bid", "price": 0.67, "size": 629.0}]}
{"t": 1776976978.030357, "events": [{"op": "set", "side": "bid", "price": 0.67, "size": 652.0}]}
{"t": 1776976980.067904, "events": [{"op": "set", "side": "bid", "price": 0.68, "size": 674.0}, {"op": "set", "side": "bid", "price": 0.67, "size": 340.0}, {"op": "delete", "side": "bid", "price": 0.66}, {"op": "set", "side": "bid", "price": 0.69, "size": 287.0}]}
{"t": 1776976982.084939, "events": [{"op": "set", "side": "bid", "price": 0.67, "size": 317.0}, {"op": "set", "side": "bid", "price": 0.65, "size": 26.0}]}
{"t": 1776976987.12725, "events": [{"op": "delete", "side": "bid", "price": 0.65}]}
{"t": 1776976988.13999, "events": [{"op": "set", "side": "bid", "price": 0.65, "size": 26.0}]}
{"t": 1776976992.1589901, "events": [{"op": "delete", "side": "bid", "price": 0.69}, {"op": "set", "side": "bid", "price": 0.68, "size": 46.0}, {"op": "delete", "side": "bid", "price": 0.67}, {"op": "set", "side": "bid", "price": 0.65, "size": 333.0}, {"op": "set", "side": "bid", "price": 0.66, "size": 696.0}]}
{"t": 1776976993.171943, "events": [{"op": "set", "side": "bid", "price": 0.66, "size": 719.0}]}
{"t": 1776976997.2072861, "events": [{"op": "set", "side": "bid", "price": 0.68, "size": 360.0}, {"op": "set", "side": "bid", "price": 0.66, "size": 318.0}, {"op": "delete", "side": "bid", "price": 0.65}, {"op": "set", "side": "bid", "price": 0.67, "size": 630.0}, {"op": "set", "side": "ask", "price": 0.29, "size": 30924.0}]}
{"t": 1776976999.238602, "events": [{"op": "set", "side": "bid", "price": 0.67, "size": 652.0}]}
{"t": 1776977009.313969, "events": [{"op": "set", "side": "bid", "price": 0.68, "size": 675.0}, {"op": "set", "side": "bid", "price": 0.67, "size": 339.0}, {"op": "delete", "side": "bid", "price": 0.66}, {"op": "set", "side": "bid", "price": 0.69, "size": 287.0}]}
{"t": 1776977012.346987, "events": [{"op": "set", "side": "bid", "price": 0.67, "size": 317.0}]}
{"t": 1776977013.4125519, "events": [{"op": "set", "side": "bid", "price": 0.65, "size": 26.0}]}
{"t": 1776977017.440346, "events": [{"op": "delete", "side": "bid", "price": 0.65}]}
{"t": 1776977019.458981, "events": [{"op": "set", "side": "bid", "price": 0.65, "size": 26.0}]}
{"t": 1776977022.481051, "events": [{"op": "delete", "side": "bid", "price": 0.69}, {"op": "set", "side": "bid", "price": 0.68, "size": 46.0}, {"op": "delete", "side": "bid", "price": 0.67}]}
{"t": 1776977023.497673, "events": [{"op": "set", "side": "bid", "price": 0.65, "size": 359.0}, {"op": "set", "side": "bid", "price": 0.66, "size": 695.0}]}
{"t": 1776977025.520211, "events": [{"op": "set", "side": "bid", "price": 0.66, "size": 623.0}, {"op": "set", "side": "bid", "price": 0.65, "size": 339.0}, {"op": "set", "side": "bid", "price": 0.67, "size": 173.0}, {"op": "set", "side": "ask", "price": 0.29, "size": 30923.0}]}
{"t": 1776977027.54447, "events": [{"op": "delete", "side": "bid", "price": 0.67}, {"op": "delete", "side": "bid", "price": 0.66}, {"op": "delete", "side": "bid", "price": 0.65}, {"op": "set", "side": "ask", "price": 0.29, "size": 29896.0}]}
{"t": 1776977028.556958, "events": [{"op": "set", "side": "bid", "price": 0.65, "size": 25.0}]}
{"t": 1776977031.587998, "events": [{"op": "set", "side": "bid", "price": 0.65, "size": 358.0}, {"op": "set", "side": "bid", "price": 0.66, "size": 694.0}, {"op": "set", "side": "ask", "price": 0.29, "size": 30923.0}]}
{"t": 1776977032.5981371, "events": [{"op": "set", "side": "bid", "price": 0.65, "size": 333.0}]}
{"t": 1776977033.6091561, "events": [{"op": "set", "side": "bid", "price": 0.66, "size": 718.0}]}
{"t": 1776977036.641244, "events": [{"op": "set", "side": "bid", "price": 0.66, "size": 343.0}, {"op": "delete", "side": "bid", "price": 0.65}]}
{"t": 1776977037.65825, "events": [{"op": "set", "side": "bid", "price": 0.68, "size": 361.0}, {"op": "set", "side": "bid", "price": 0.66, "size": 319.0}, {"op": "set", "side": "bid", "price": 0.67, "size": 655.0}]}
{"t": 1776977052.744798, "events": [{"op": "set", "side": "bid", "price": 0.68, "size": 677.0}, {"op": "set", "side": "bid", "price": 0.67, "size": 318.0}, {"op": "delete", "side": "bid", "price": 0.66}, {"op": "set", "side": "bid", "price": 0.69, "size": 289.0}]}
{"t": 1776977053.757576, "events": [{"op": "set", "side": "bid", "price": 0.65, "size": 26.0}]}
{"t": 1776977057.7837021, "events": [{"op": "delete", "side": "bid", "price": 0.69}, {"op": "set", "side": "bid", "price": 0.68, "size": 46.0}, {"op": "delete", "side": "bid", "price": 0.67}]}
{"t": 1776977058.819532, "events": [{"op": "set", "side": "bid", "price": 0.65, "size": 359.0}, {"op": "set", "side": "bid", "price": 0.66, "size": 694.0}]}
{"t": 1776977062.857884, "events": [{"op": "set", "side": "bid", "price": 0.66, "size": 718.0}, {"op": "set", "side": "bid", "price": 0.65, "size": 333.0}]}
{"t": 1776977075.923553, "events": [{"op": "delete", "side": "bid", "price": 0.65}]}
{"t": 1776977076.963868, "events": [{"op": "set", "side": "bid", "price": 0.66, "size": 343.0}, {"op": "set", "side": "ask", "price": 0.29, "size": 30922.0}]}
{"t": 1776977077.9874299, "events": [{"op": "set", "side": "bid", "price": 0.66, "size": 319.0}, {"op": "set", "side": "bid", "price": 0.65, "size": 25.0}]}
{"t": 1776977079.006007, "events": [{"op": "set", "side": "bid", "price": 0.68, "size": 361.0}, {"op": "set", "side": "bid", "price": 0.67, "size": 633.0}]}
{"t": 1776977083.058391, "events": [{"op": "set", "side": "bid", "price": 0.67, "size": 656.0}, {"op": "delete", "side": "bid", "price": 0.65}]}
{"t": 1776977088.161928, "events": [{"op": "set", "side": "bid", "price": 0.67, "size": 319.0}, {"op": "delete", "side": "bid", "price": 0.66}, {"op": "set", "side": "bid", "price": 0.65, "size": 26.0}]}
{"t": 1776977089.181201, "events": [{"op": "set", "side": "bid", "price": 0.68, "size": 678.0}, {"op": "set", "side": "bid", "price": 0.69, "size": 289.0}]}
{"t": 1776977092.223785, "events": [{"op": "delete", "side": "bid", "price": 0.65}]}
{"t": 1776977093.235487, "events": [{"op": "set", "side": "bid", "price": 0.65, "size": 26.0}]}
{"t": 1776977094.2532868, "events": [{"op": "delete", "side": "bid", "price": 0.69}, {"op": "set", "side": "bid", "price": 0.68, "size": 46.0}, {"op": "delete", "side": "bid", "price": 0.67}, {"op": "set", "side": "ask", "price": 0.29, "size": 30921.0}]}
{"t": 1776977095.277729, "events": [{"op": "set", "side": "bid", "price": 0.65, "size": 359.0}, {"op": "set", "side": "bid", "price": 0.66, "size": 692.0}]}
{"t": 1776977097.301329, "events": [{"op": "set", "side": "bid", "price": 0.65, "size": 333.0}]}
{"t": 1776977098.3066041, "events": [{"op": "set", "side": "bid", "price": 0.66, "size": 716.0}]}
{"t": 1776977102.3221838, "events": [{"op": "set", "side": "bid", "price": 0.66, "size": 692.0}]}
{"t": 1776977103.330272, "events": [{"op": "set", "side": "bid", "price": 0.66, "size": 716.0}]}
{"t": 1776977107.342998, "events": [{"op": "set", "side": "bid", "price": 0.66, "size": 692.0}]}
{"t": 1776977108.387475, "events": [{"op": "set", "side": "bid", "price": 0.66, "size": 716.0}]}
{"t": 1776977109.418417, "events": [{"op": "delete", "side": "bid", "price": 0.65}]}
{"t": 1776977111.429607, "events": [{"op": "set", "side": "bid", "price": 0.68, "size": 360.0}, {"op": "set", "side": "bid", "price": 0.66, "size": 344.0}, {"op": "set", "side": "bid", "price": 0.67, "size": 635.0}, {"op": "delete", "side": "bid", "price": 0.02}, {"op": "set", "side": "ask", "price": 0.02, "size": 137.0}]}
{"t": 1776977112.4502468, "events": [{"op": "set", "side": "bid", "price": 0.67, "size": 658.0}, {"op": "set", "side": "bid", "price": 0.66, "size": 320.0}]}
{"t": 1776977113.45841, "events": [{"op": "set", "side": "bid", "price": 0.01, "size": 105.0}, {"op": "set", "side": "ask", "price": 0.01, "size": 430.0}]}
{"t": 1776977114.464504, "events": [{"op": "set", "side": "bid", "price": 0.67, "size": 342.0}, {"op": "delete", "side": "bid", "price": 0.66}]}
{"t": 1776977115.483753, "events": [{"op": "set", "side": "bid", "price": 0.68, "size": 679.0}, {"op": "set", "side": "bid", "price": 0.69, "size": 289.0}]}
{"t": 1776977117.496323, "events": [{"op": "set", "side": "bid", "price": 0.67, "size": 319.0}, {"op": "set", "side": "bid", "price": 0.65, "size": 26.0}]}
{"t": 1776977122.517152, "events": [{"op": "delete", "side": "bid", "price": 0.65}, {"op": "set", "side": "bid", "price": 0.31, "size": 50.0}]}
{"t": 1776977123.525151, "events": [{"op": "set", "side": "bid", "price": 0.65, "size": 26.0}]}
{"t": 1776977127.5465631, "events": [{"op": "delete", "side": "bid", "price": 0.65}]}
{"t": 1776977128.558957, "events": [{"op": "set", "side": "bid", "price": 0.65, "size": 26.0}]}
{"t": 1776977130.577865, "events": [{"op": "delete", "side": "bid", "price": 0.69}, {"op": "set", "side": "bid", "price": 0.68, "size": 46.0}, {"op": "delete", "side": "bid", "price": 0.67}, {"op": "delete", "side": "bid", "price": 0.61}, {"op": "delete", "side": "bid", "price": 0.31}, {"op": "set", "side": "ask", "price": 0.29, "size": 29896.0}]}
{"t": 1776977137.645556, "events": [{"op": "delete", "side": "bid", "price": 0.65}]}
{"t": 1776977138.660905, "events": [{"op": "set", "side": "bid", "price": 0.65, "size": 26.0}]}
{"t": 1776977142.697314, "events": [{"op": "delete", "side": "bid", "price": 0.65}, {"op": "set", "side": "ask", "price": 0.3, "size": 335.29999999999995}, {"op": "set", "side": "ask", "price": 0.01, "size": 480.0}]}
{"t": 1776977143.710815, "events": [{"op": "set", "side": "bid", "price": 0.65, "size": 26.0}]}
{"t": 1776977148.780285, "events": [{"op": "set", "side": "ask", "price": 0.01, "size": 299.0}]}
{"t": 1776977149.7882612, "events": [{"op": "set", "side": "ask", "price": 0.03, "size": 26.0}]}
{"t": 1776977162.883772, "events": [{"op": "delete", "side": "bid", "price": 0.65}, {"op": "set", "side": "ask", "price": 0.03, "size": 20.0}]}
{"t": 1776977163.902998, "events": [{"op": "set", "side": "bid", "price": 0.65, "size": 26.0}, {"op": "set", "side": "ask", "price": 0.01, "size": 478.0}]}
{"t": 1776977172.967772, "events": [{"op": "delete", "side": "bid", "price": 0.65}]}
{"t": 1776977173.988137, "events": [{"op": "set", "side": "bid", "price": 0.65, "size": 26.0}]}
{"t": 1776977178.0147588, "events": [{"op": "delete", "side": "bid", "price": 0.65}]}
{"t": 1776977179.031447, "events": [{"op": "set", "side": "bid", "price": 0.65, "size": 26.0}]}
{"t": 1776977188.102825, "events": [{"op": "delete", "side": "bid", "price": 0.65}]}
{"t": 1776977189.113677, "events": [{"op": "set", "side": "bid", "price": 0.65, "size": 26.0}]}
{"t": 1776977204.1868181, "events": [{"op": "set", "side": "ask", "price": 0.01, "size": 299.0}]}
{"t": 1776977205.21328, "events": [{"op": "set", "side": "ask", "price": 0.03, "size": 26.0}]}
{"t": 1776977221.430687, "events": [{"op": "set", "side": "ask", "price": 0.03, "size": 20.0}]}
{"t": 1776977222.433148, "events": [{"op": "set", "side": "ask", "price": 0.01, "size": 486.0}]}
{"t": 1776977247.553996, "events": [{"op": "delete", "side": "bid", "price": 0.65}]}
{"t": 1776977248.562433, "events": [{"op": "set", "side": "bid", "price": 0.65, "size": 26.0}]}
{"t": 1776977267.688226, "events": [{"op": "delete", "side": "bid", "price": 0.65}]}
{"t": 1776977268.70748, "events": [{"op": "set", "side": "bid", "price": 0.65, "size": 26.0}]}
{"t": 1776977272.737962, "events": [{"op": "delete", "side": "bid", "price": 0.65}]}
{"t": 1776977273.756143, "events": [{"op": "set", "side": "bid", "price": 0.65, "size": 26.0}]}
{"t": 1776977277.790047, "events": [{"op": "delete", "side": "bid", "price": 0.65}]}
{"t": 1776977278.801497, "events": [{"op": "set", "side": "bid", "price": 0.65, "size": 26.0}]}
{"t": 1776977279.8084009, "events": [{"op": "set", "side": "ask", "price": 0.01, "size": 299.0}]}
{"t": 1776977280.814453, "events": [{"op": "set", "side": "ask", "price": 0.03, "size": 25.0}]}
{"t": 1776977282.825737, "events": [{"op": "delete", "side": "bid", "price": 0.65}]}
{"t": 1776977283.8374531, "events": [{"op": "set", "side": "bid", "price": 0.65, "size": 26.0}]}
{"t": 1776977287.8663838, "events": [{"op": "delete", "side": "bid", "price": 0.65}]}
{"t": 1776977288.873503, "events": [{"op": "set", "side": "bid", "price": 0.65, "size": 26.0}]}
{"t": 1776977302.961094, "events": [{"op": "delete", "side": "bid", "price": 0.65}]}
{"t": 1776977303.9781928, "events": [{"op": "set", "side": "bid", "price": 0.65, "size": 26.0}]}
{"t": 1776977308.005868, "events": [{"op": "delete", "side": "bid", "price": 0.65}]}
{"t": 1776977309.012993, "events": [{"op": "set", "side": "bid", "price": 0.65, "size": 26.0}]}
{"t": 1776977318.0772748, "events": [{"op": "delete", "side": "bid", "price": 0.65}]}
{"t": 1776977319.093371, "events": [{"op": "set", "side": "bid", "price": 0.65, "size": 26.0}]}
{"t": 1776977323.1296482, "events": [{"op": "delete", "side": "bid", "price": 0.65}]}
{"t": 1776977324.143703, "events": [{"op": "set", "side": "bid", "price": 0.65, "size": 26.0}]}
{"t": 1776977333.203201, "events": [{"op": "delete", "side": "bid", "price": 0.65}]}
{"t": 1776977334.2134001, "events": [{"op": "set", "side": "bid", "price": 0.65, "size": 26.0}]}
{"t": 1776977340.245187, "events": [{"op": "set", "side": "ask", "price": 0.3, "size": 330.29999999999995}]}
{"t": 1776977353.314181, "events": [{"op": "set", "side": "bid", "price": 0.65, "size": 25.0}]}
{"t": 1776977359.351058, "events": [{"op": "set", "side": "ask", "price": 0.03, "size": 20.0}]}
{"t": 1776977360.357558, "events": [{"op": "set", "side": "ask", "price": 0.01, "size": 478.0}]}
{"t":1776978858.741338,"e":[[1,0,0.65,250.0],[1,0,0.66,510.0],[1,1,0.29,30656.0]]}
{"t":1776978859.757362,"e":[[1,0,0.66,534.0]]}
{"t":1776978862.78689,"e":[[1,0,0.66,274.0],[0,0,0.65],[1,0,0.67,500.0]]}
{"t":1776978863.79263,"e":[[1,0,0.66,250.0],[1,0,0.65,25.0]]}
{"t":1776978866.8336608,"e":[[1,0,0.59,150.0]]}
{"t":1776978868.847336,"e":[[0,0,0.65]]}
{"t":1776978869.856717,"e":[[0,0,0.67],[0,0,0.66],[1,0,0.65,25.0],[1,1,0.29,29896.0]]}
{"t":1776978872.894586,"e":[[1,0,0.65,275.0],[1,0,0.66,509.0],[1,1,0.29,30655.0]]}
{"t":1776978873.903151,"e":[[1,0,0.66,532.0],[1,0,0.65,250.0]]}
{"t":1776978878.933455,"e":[[1,0,0.66,509.0]]}
{"t":1776978879.942566,"e":[[1,0,0.66,532.0],[0,0,0.65]]}
{"t":1776978880.958843,"e":[[1,0,0.66,273.0],[1,0,0.67,500.0]]}
{"t":1776978883.9935749,"e":[[1,0,0.66,250.0],[1,0,0.65,25.0]]}
{"t":1776978892.061598,"e":[[0,0,0.67]]}
{"t":1776978893.067925,"e":[[1,0,0.66,509.0],[1,0,0.65,275.0],[1,0,0.69,1.0]]}
{"t":1776978894.083298,"e":[[1,0,0.66,508.0],[1,0,0.65,243.0],[1,0,0.67,127.0]]}
{"t":1776978901.116956,"e":[[1,0,0.66,273.0],[0,0,0.65]]}
{"t":1776978902.12876,"e":[[1,0,0.68,270.0],[1,0,0.67,488.0],[1,0,0.66,268.0]]}
{"t":1776978904.1533298,"e":[[1,0,0.66,245.0]]}
{"t":1776978905.168921,"e":[[1,0,0.65,26.0]]}
{"t":1776978906.199552,"e":[[1,0,0.68,51.0],[0,0,0.67]]}
{"t":1776978907.2094898,"e":[[1,0,0.66,509.0],[1,0,0.65,276.0]]}
{"t":1776978909.223537,"e":[[1,0,0.66,23.0],[0,0,0.65],[0,0,0.02],[1,1,0.03,20.0],[1,1,0.29,29896.0]]}
{"t":1776978910.24915,"e":[[1,0,0.67,129.0],[1,0,0.01,75.0],[1,1,0.01,476.0]]}
{"t":1776978914.3329191,"e":[[1,0,0.67,509.0],[1,0,0.66,250.0],[1,0,0.59,151.0],[1,0,0.65,25.0],[1,1,0.29,30655.0]]}
{"t":1776978924.409956,"e":[[0,0,0.67],[1,0,0.66,509.0],[1,0,0.65,275.0]]}
{"t":1776978929.4566789,"e":[[1,0,0.66,531.0],[1,0,0.65,250.0]]}
{"t":1776978930.468961,"e":[[1,0,0.66,508.0],[1,0,0.65,243.0],[1,0,0.67,127.0]]}
{"t":1776978933.487251,"e":[[1,0,0.67,509.0],[1,0,0.66,250.0],[0,0,0.65]]}
{"t":1776978934.500247,"e":[[1,0,0.65,25.0]]}
{"t":1776978936.5240052,"e":[[0,0,0.67]]}
{"t":1776978937.528013,"e":[[1,0,0.66,509.0],[1,0,0.65,275.0]]}
{"t":1776978938.539449,"e":[[1,0,0.65,250.0]]}
{"t":1776978939.546706,"e":[[0,0,0.66],[1,0,0.65,24.0]]}
{"t":1776978940.554606,"e":[[1,0,0.69,510.0],[1,0,0.68,301.0]]}
{"t":1776978942.8010938,"e":[[1,0,0.69,1.0],[1,0,0.68,51.0],[0,0,0.01],[1,1,0.01,299.0]]}
{"t":1776978943.870709,"e":[[1,0,0.65,250.0],[1,0,0.03,13.0],[1,0,0.66,532.0],[1,1,0.03,25.0]]}
{"t":1776978944.886556,"e":[[0,0,0.65]]}
{"t":1776978945.9015749,"e":[[1,0,0.68,280.0],[1,0,0.66,268.0],[1,0,0.67,489.0]]}
{"t":1776978948.94264,"e":[[1,0,0.66,245.0]]}
{"t":1776978949.955148,"e":[[1,0,0.65,26.0]]}
{"t":1776978958.996638,"e":[[1,0,0.68,51.0],[0,0,0.67]]}
{"t":1776978960.003504,"e":[[1,0,0.66,509.0],[1,0,0.65,276.0]]}
{"t":1776978964.042811,"e":[[1,0,0.65,244.0],[1,0,0.67,129.0]]}
{"t":1776978975.102098,"e":[[1,0,0.66,268.0],[0,0,0.65],[1,1,0.29,30654.0]]}
